2555.9055118110236 4242.51968503937
1089.763779527559 251.96850393700788 431.496062992126 141.73228346456693 AVIS.

497.6377952755906 618.8976377952756 258.26771653543307 162.20472440944883 Le
626.7716535433071 618.8976377952756 388.9763779527559 162.20472440944883 Musée
885.0393700787401 618.8976377952756 258.26771653543307 162.20472440944883 du
1014.1732283464567 618.8976377952756 604.7244094488188 162.20472440944883 Luxembourg
1489.763779527559 618.8976377952756 388.9763779527559 162.20472440944883 étoit
1705.5118110236222 618.8976377952756 560.6299212598425 162.20472440944883 originaire-

409.4488188976378 766.9291338582677 337.00787401574803 108.66141732283465 ment
620.4724409448819 766.9291338582677 462.99212598425197 108.66141732283465 composé
957.4803149606299 766.9291338582677 294.48818897637796 108.66141732283465 des
1125.984251968504 766.9291338582677 505.51181102362204 108.66141732283465 tableaux
1505.5118110236222 766.9291338582677 253.54330708661416 108.66141732283465 de
1631.4960629921259 766.9291338582677 462.99212598425197 108.66141732283465 Rubens,
1927.5590551181103 766.9291338582677 337.00787401574803 108.66141732283465 repré-

414.1732283464567 869.2913385826772 377.9527559055118 105.51181102362204 sentant
689.7637795275591 869.2913385826772 447.244094488189 105.51181102362204 plusieurs
1033.0708661417323 869.2913385826772 343.3070866141732 105.51181102362204 sujets
1274.015748031496 869.2913385826772 206.29921259842519 105.51181102362204 de
1377.9527559055118 869.2913385826772 481.8897637795276 105.51181102362204 l’histoire
1755.9055118110236 869.2913385826772 206.29921259842519 105.51181102362204 de
1859.8425196850394 869.2913385826772 310.23622047244095 105.51181102362204 Henri
2066.1417322834645 869.2913385826772 206.29921259842519 105.51181102362204 IV
2135.433070866142 869.2913385826772 137.00787401574803 105.51181102362204 et

411.0236220472441 970.0787401574803 226.77165354330708 116.53543307086615 de
524.4094488188977 970.0787401574803 341.73228346456693 116.53543307086615 Marie
752.7559055118111 970.0787401574803 226.77165354330708 116.53543307086615 de
866.1417322834645 970.0787401574803 455.11811023622045 116.53543307086615 Médicis.
1206.2992125984251 970.0787401574803 264.56692913385825 116.53543307086615 Ils
1359.0551181102362 970.0787401574803 264.56692913385825 116.53543307086615 ont
1510.236220472441 970.0787401574803 264.56692913385825 116.53543307086615 été
1661.4173228346456 970.0787401574803 379.5275590551181 116.53543307086615 réunis
1925.984251968504 970.0787401574803 226.77165354330708 116.53543307086615 au
2003.1496062992126 970.0787401574803 264.56692913385825 116.53543307086615 Musée

406.2992125984252 1088.1889763779527 387.40157480314963 103.93700787401575 Royal.
678.7401574803149 1088.1889763779527 233.0708661417323 103.93700787401575 Sa
793.7007874015748 1088.1889763779527 426.7716535433071 103.93700787401575 Majesté
1103.9370078740158 1088.1889763779527 193.70078740157481 103.93700787401575 a
1181.1023622047244 1088.1889763779527 348.0314960629921 103.93700787401575 voulu
1414.1732283464567 1088.1889763779527 270.86614173228344 103.93700787401575 les
1568.5039370078741 1088.1889763779527 503.93700787401576 103.93700787401575 remplacer
1955.9055118110236 1088.1889763779527 270.86614173228344 103.93700787401575 par
2072.4409448818897 1088.1889763779527 193.70078740157481 103.93700787401575 les

407.87401574803147 1195.275590551181 428.34645669291336 127.55905511811024 ouvrages
730.7086614173228 1195.275590551181 250.39370078740157 127.55905511811024 des
872.4409448818898 1195.275590551181 428.34645669291336 127.55905511811024 artistes
1195.275590551181 1195.275590551181 464.56692913385825 127.55905511811024 françois.
1552.755905511811 1195.275590551181 214.17322834645668 127.55905511811024 On
1659.8425196850394 1195.275590551181 321.25984251968504 127.55905511811024 devra
1874.015748031496 1195.275590551181 179.5275590551181 127.55905511811024 à
1946.4566929133857 1195.275590551181 250.39370078740157 127.55905511811024 son
2053.5433070866143 1195.275590551181 214.17322834645668 127.55905511811024 goût

409.4488188976378 1313.3858267716535 400.0 88.18897637795276 éclairé
700.7874015748032 1313.3858267716535 291.33858267716533 88.18897637795276 pour
881.8897637795276 1313.3858267716535 255.11811023622047 88.18897637795276 les
1028.3464566929133 1313.3858267716535 327.5590551181102 88.18897637795276 beaux
1245.6692913385828 1313.3858267716535 291.33858267716533 88.18897637795276 arts
1428.3464566929133 1313.3858267716535 218.89763779527559 88.18897637795276 un
1537.007874015748 1313.3858267716535 618.8976377952756 88.18897637795276 établissement
2009.4488188976377 1313.3858267716535 255.11811023622047 88.18897637795276 aussi

403.1496062992126 1393.7007874015749 581.1023622047244 141.73228346456693 intéressant
867.7165354330708 1393.7007874015749 310.23622047244095 141.73228346456693 pour
1061.4173228346456 1393.7007874015749 231.49606299212599 141.73228346456693 le
1177.9527559055118 1393.7007874015749 387.40157480314963 141.73228346456693 public
1448.8188976377953 1393.7007874015749 348.0314960629921 141.73228346456693 qu’il
1680.3149606299212 1393.7007874015749 270.86614173228344 141.73228346456693 est
1796.8503937007874 1393.7007874015749 464.56692913385825 141.73228346456693 avantageux

406.2992125984252 1505.5118110236222 288.18897637795277 151.1811023622047 pour
585.8267716535433 1505.5118110236222 215.748031496063 151.1811023622047 la
694.488188976378 1505.5118110236222 359.0551181102362 151.1811023622047 gloire
946.4566929133858 1505.5118110236222 215.748031496063 151.1811023622047 de
1053.5433070866143 1505.5118110236222 395.2755905511811 151.1811023622047 l’Ecole
1305.5118110236222 1505.5118110236222 431.496062992126 151.1811023622047 françoise.

491.33858267716533 1878.740157480315 247.24409448818898 103.93700787401575 Les
631.496062992126 1878.740157480315 316.53543307086613 103.93700787401575 jours
842.5196850393701 1878.740157480315 422.0472440944882 103.93700787401575 d’entrée
1160.6299212598426 1878.740157480315 281.8897637795276 103.93700787401575 pour
1335.4330708661416 1878.740157480315 211.0236220472441 103.93700787401575 le
1442.5196850393702 1878.740157480315 352.755905511811 103.93700787401575 public
1688.1889763779527 1878.740157480315 281.8897637795276 103.93700787401575 sont
1864.5669291338584 1878.740157480315 247.24409448818898 103.93700787401575 les
1970.0787401574803 1878.740157480315 281.8897637795276 103.93700787401575 samedi

404.7244094488189 1982.6771653543308 231.49606299212599 111.81102362204724 et
521.2598425196851 1982.6771653543308 540.1574803149606 111.81102362204724 dimanches;
946.4566929133858 1982.6771653543308 270.86614173228344 111.81102362204724 les
1100.7874015748032 1982.6771653543308 385.8267716535433 111.81102362204724 autres
1371.6535433070867 1982.6771653543308 385.8267716535433 111.81102362204724 jours,
1640.9448818897638 1982.6771653543308 425.1968503937008 111.81102362204724 excepté
1951.1811023622047 1982.6771653543308 231.49606299212599 111.81102362204724 le
2028.3464566929133 1982.6771653543308 231.49606299212599 111.81102362204724 VEn-

406.2992125984252 2089.763779527559 362.20472440944883 116.53543307086615 DREDI,
659.8425196850394 2089.763779527559 289.76377952755905 116.53543307086615 sont
840.9448818897638 2089.763779527559 289.76377952755905 116.53543307086615 pour
1022.0472440944882 2089.763779527559 398.4251968503937 116.53543307086615 l’étude
1311.8110236220473 2089.763779527559 253.54330708661416 116.53543307086615 des
1458.267716535433 2089.763779527559 470.86614173228344 116.53543307086615 artistes,
1820.4724409448818 2089.763779527559 217.3228346456693 116.53543307086615 et
1929.1338582677165 2089.763779527559 289.76377952755905 116.53543307086615 pour
2074.015748031496 2089.763779527559 181.10236220472441 116.53543307086615 les

404.7244094488189 2207.8740157480315 489.76377952755905 155.90551181102362 voyageurs,
788.9763779527559 2207.8740157480315 244.09448818897638 155.90551181102362 sur
929.1338582677165 2207.8740157480315 209.4488188976378 155.90551181102362 la
1033.0708661417323 2207.8740157480315 559.0551181102362 155.90551181102362 présentation
1488.1889763779527 2207.8740157480315 209.4488188976378 155.90551181102362 de
1592.1259842519685 2207.8740157480315 314.96062992125985 155.90551181102362 leurs
1766.9291338582677 2207.8740157480315 489.76377952755905 155.90551181102362 passe

485.03937007874015 2540.1574803149606 247.24409448818898 133.85826771653544 M.
607.8740157480315 2540.1574803149606 453.54330708661416 133.85826771653544 NAIGEON
937.007874015748 2540.1574803149606 453.54330708661416 133.85826771653544 l’ainé,
1267.716535433071 2540.1574803149606 453.54330708661416 133.85826771653544 Peintre
1596.8503937007874 2540.1574803149606 247.24409448818898 133.85826771653544 et
1678.740157480315 2540.1574803149606 576.3779527559055 133.85826771653544 Conservateur

400.0 2661.417322834646 300.78740157480314 113.38582677165354 des
571.6535433070866 2661.417322834646 516.5354330708661 113.38582677165354 tableaux
959.0551181102362 2661.417322834646 258.26771653543307 113.38582677165354 du
1088.1889763779527 2661.417322834646 387.40157480314963 113.38582677165354 Musée
1346.4566929133857 2661.417322834646 387.40157480314963 113.38582677165354 Royal
1603.1496062992126 2661.417322834646 258.26771653543307 113.38582677165354 du
1689.763779527559 2661.417322834646 559.0551181102362 113.38582677165354 Luxembourg,

403.1496062992126 2755.9055118110236 433.07086614173227 121.25984251968504 demeure
718.1102362204724 2755.9055118110236 275.59055118110234 121.25984251968504 rue
875.5905511811023 2755.9055118110236 236.2204724409449 121.25984251968504 de
993.7007874015748 2755.9055118110236 551.1811023622047 121.25984251968504 Vaugirard,
1425.1968503937007 2755.9055118110236 236.2204724409449 121.25984251968504 no
1503.9370078740158 2755.9055118110236 157.48031496062993 121.25984251968504 7;

483.46456692913387 2899.212598425197 264.56692913385825 105.51181102362204 M.
615.7480314960629 2899.212598425197 486.61417322834643 105.51181102362204 DUPATY,
970.0787401574803 2899.212598425197 574.8031496062993 105.51181102362204 Statuaire
1411.023622047244 2899.212598425197 530.7086614173228 105.51181102362204 adjoint,
1807.8740157480315 2899.212598425197 442.5196850393701 105.51181102362204 Membre
2074.015748031496 2899.212598425197 176.3779527559055 105.51181102362204 de

407.87401574803147 3004.7244094488187 516.5354330708661 149.60629921259843 l’Institut,
820.4724409448819 3004.7244094488187 240.9448818897638 149.60629921259843 rue
959.0551181102362 3004.7244094488187 206.29921259842519 149.60629921259843 de
1061.4173228346456 3004.7244094488187 412.59842519685037 149.60629921259843 Gaillon,
1371.6535433070867 3004.7244094488187 206.29921259842519 149.60629921259843 n°
1440.9448818897638 3004.7244094488187 171.6535433070866 149.60629921259843 15.
