2546.4566929133857 4228.346456692913
1174.8031496062993 270.86614173228344 300.78740157480314 149.60629921259843 (
1234.6456692913387 270.86614173228344 240.9448818897638 149.60629921259843 6)

674.0157480314961 428.34645669291336 388.9763779527559 137.00787401574803 BERTIN
946.4566929133858 428.34645669291336 700.7874015748032 137.00787401574803 (Jean-Victor),
1530.708661417323 428.34645669291336 233.0708661417323 137.00787401574803 né
1647.244094488189 428.34645669291336 195.2755905511811 137.00787401574803 à
1686.6141732283465 428.34645669291336 311.81102362204723 137.00787401574803 Paris.

407.87401574803147 600.0 264.56692913385825 154.33070866141733 3.
540.1574803149606 600.0 310.23622047244095 154.33070866141733 Vue
716.5354330708661 600.0 264.56692913385825 154.33070866141733 de
850.3937007874016 600.0 264.56692913385825 154.33070866141733 la
982.6771653543307 600.0 398.4251968503937 154.33070866141733 ville
1247.244094488189 600.0 264.56692913385825 154.33070866141733 de
1381.1023622047244 600.0 442.5196850393701 154.33070866141733 Phénos
1689.763779527559 600.0 264.56692913385825 154.33070866141733 et
1822.0472440944882 600.0 264.56692913385825 154.33070866141733 du
1910.236220472441 600.0 354.3307086614173 154.33070866141733 Temple

497.6377952755906 730.7086614173228 297.6377952755906 148.03149606299212 de
647.2440944881889 730.7086614173228 546.4566929133858 148.03149606299212 Minerve
995.2755905511812 730.7086614173228 497.6377952755906 148.03149606299212 Caphyes.

656.6929133858267 894.488188976378 218.89763779527559 151.1811023622047 Un
765.3543307086615 894.488188976378 403.1496062992126 151.1811023622047 paysage
1058.267716535433 894.488188976378 439.37007874015745 151.1811023622047 traversé
1387.4015748031495 894.488188976378 256.6929133858268 151.1811023622047 par
1533.8582677165355 894.488188976378 256.6929133858268 151.1811023622047 une
1680.3149606299212 894.488188976378 439.37007874015745 151.1811023622047 rivière.
2009.4488188976377 894.488188976378 218.89763779527559 151.1811023622047 Il
2083.464566929134 894.488188976378 182.6771653543307 151.1811023622047 est

577.9527559055118 1028.3464566929133 431.496062992126 100.78740157480316 enrichi
892.9133858267717 1028.3464566929133 236.2204724409449 100.78740157480316 de
1011.0236220472441 1028.3464566929133 393.7007874015748 100.78740157480316 masses
1285.0393700787401 1028.3464566929133 470.86614173228344 100.78740157480316 d’arbres
1639.3700787401574 1028.3464566929133 236.2204724409449 100.78740157480316 et
1757.4803149606298 1028.3464566929133 236.2204724409449 100.78740157480316 de
1836.2204724409448 1028.3464566929133 431.496062992126 100.78740157480316 montagnes

579.5275590551181 1119.6850393700788 274.01574803149606 127.55905511811024 qui
737.007874015748 1119.6850393700788 429.9212598425197 127.55905511811024 bordent
1048.8188976377953 1119.6850393700788 548.0314960629921 127.55905511811024 l’horizon.
1480.3149606299212 1119.6850393700788 313.38582677165357 127.55905511811024 Dans
1675.5905511811025 1119.6850393700788 234.64566929133858 127.55905511811024 le
1793.7007874015749 1119.6850393700788 469.29133858267716 127.55905511811024 lointain
2107.0866141732286 1119.6850393700788 155.90551181102362 127.55905511811024 on

581.1023622047244 1251.9685039370079 439.37007874015745 113.38582677165354 aperçoit
910.2362204724409 1251.9685039370079 220.4724409448819 113.38582677165354 le
1020.4724409448819 1251.9685039370079 366.92913385826773 113.38582677165354 temple
1277.1653543307086 1251.9685039370079 220.4724409448819 113.38582677165354 de
1387.4015748031495 1251.9685039370079 439.37007874015745 113.38582677165354 Minerve.
1718.1102362204724 1251.9685039370079 220.4724409448819 113.38582677165354 Le
1828.3464566929133 1251.9685039370079 330.70866141732284 113.38582677165354 sujet
2047.244094488189 1251.9685039370079 256.6929133858268 113.38582677165354 qui
2157.48031496063 1251.9685039370079 110.23622047244095 113.38582677165354 y

579.5275590551181 1365.3543307086613 245.66929133858267 88.18897637795276 est
719.6850393700787 1365.3543307086613 491.33858267716533 88.18897637795276 représenté
1105.5118110236222 1365.3543307086613 245.66929133858267 88.18897637795276 est
1247.244094488189 1365.3543307086613 422.0472440944882 88.18897637795276 Aristide
1563.7795275590552 1365.3543307086613 422.0472440944882 88.18897637795276 recevant
1878.740157480315 1365.3543307086613 245.66929133858267 88.18897637795276 les
1984.251968503937 1365.3543307086613 281.8897637795276 88.18897637795276 témoi-

579.5275590551181 1462.992125984252 344.88188976377955 108.66141732283465 gnages
820.4724409448819 1462.992125984252 206.29921259842519 108.66141732283465 de
924.4094488188977 1462.992125984252 618.8976377952756 108.66141732283465 reconnoissance
1439.3700787401574 1462.992125984252 240.9448818897638 108.66141732283465 des
1577.9527559055118 1462.992125984252 516.5354330708661 108.66141732283465 différentes
1955.9055118110236 1462.992125984252 310.23622047244095 108.66141732283465 villes,

574.8031496062993 1566.9291338582677 330.70866141732284 92.91338582677166 après
795.2755905511812 1566.9291338582677 330.70866141732284 92.91338582677166 avoir
1015.7480314960629 1566.9291338582677 366.92913385826773 92.91338582677166 imposé
1272.4409448818897 1566.9291338582677 256.6929133858268 92.91338582677166 les
1418.8976377952756 1566.9291338582677 330.70866141732284 92.91338582677166 Grecs
1639.3700787401574 1566.9291338582677 294.48818897637796 92.91338582677166 avec
1823.6220472440946 1566.9291338582677 256.6929133858268 92.91338582677166 une
1933.8582677165355 1566.9291338582677 330.70866141732284 92.91338582677166 égalité

579.5275590551181 1686.6141732283465 280.31496062992125 100.78740157480316 dont
754.3307086614174 1686.6141732283465 245.66929133858267 100.78740157480316 ils
894.488188976378 1686.6141732283465 351.18110236220474 100.78740157480316 furent
1140.1574803149606 1686.6141732283465 211.0236220472441 100.78740157480316 si
1245.6692913385828 1686.6141732283465 456.6929133858268 100.78740157480316 contents,
1596.8503937007874 1686.6141732283465 245.66929133858267 100.78740157480316 que
1738.5826771653544 1686.6141732283465 422.0472440944882 100.78740157480316 par-tout
2053.5433070866143 1686.6141732283465 211.0236220472441 100.78740157480316 où
2124.4094488188975 1686.6141732283465 140.15748031496062 100.78740157480316 il

573.2283464566929 1807.8740157480315 404.7244094488189 102.36220472440945 passoit
866.1417322834645 1807.8740157480315 256.6929133858268 102.36220472440945 ils
1014.1732283464567 1807.8740157480315 588.9763779527559 102.36220472440945 l’envoyoient
1492.9133858267717 1807.8740157480315 514.9606299212599 102.36220472440945 remercier.
1896.0629921259842 1807.8740157480315 220.4724409448819 102.36220472440945 Le
1970.0787401574803 1807.8740157480315 294.48818897637796 102.36220472440945 moment

571.6535433070866 1908.6614173228347 262.99212598425197 122.83464566929133 est
721.2598425196851 1908.6614173228347 337.00787401574803 122.83464566929133 celui
946.4566929133858 1908.6614173228347 225.1968503937008 122.83464566929133 où
1059.8425196850394 1908.6614173228347 262.99212598425197 122.83464566929133 une
1209.4488188976377 1908.6614173228347 524.4094488188977 122.83464566929133 députation
1622.0472440944882 1908.6614173228347 412.59842519685037 122.83464566929133 apporte
1922.8346456692914 1908.6614173228347 262.99212598425197 122.83464566929133 une
2034.6456692913387 1908.6614173228347 225.1968503937008 122.83464566929133 cou-

570.0787401574803 1996.8503937007874 322.8346456692913 118.11023622047244 ronne
785.8267716535433 1996.8503937007874 179.5275590551181 118.11023622047244 à
858.2677165354331 1996.8503937007874 467.7165354330709 118.11023622047244 Aristide,
1217.3228346456692 1996.8503937007874 251.96850393700788 118.11023622047244 que
1360.6299212598426 1996.8503937007874 288.18897637795277 118.11023622047244 l’on
1540.1574803149606 1996.8503937007874 288.18897637795277 118.11023622047244 voit
1721.259842519685 1996.8503937007874 251.96850393700788 118.11023622047244 sur
1864.5669291338584 1996.8503937007874 215.748031496063 118.11023622047244 la
1937.007874015748 1996.8503937007874 322.8346456692913 118.11023622047244 droite,

565.3543307086615 2121.259842519685 577.9527559055118 91.33858267716535 accompagné
1018.8976377952756 2121.259842519685 330.70866141732284 91.33858267716535 d’un
1225.1968503937007 2121.259842519685 371.65354330708664 91.33858267716535 jeune
1474.015748031496 2121.259842519685 412.59842519685037 91.33858267716535 homme.
1762.2047244094488 2121.259842519685 371.65354330708664 91.33858267716535 Cette
1968.5039370078741 2121.259842519685 289.76377952755905 91.33858267716535 scène

568.503937007874 2222.047244094488 225.1968503937008 105.51181102362204 se
681.8897637795276 2222.047244094488 338.5826771653543 105.51181102362204 passe
907.0866141732283 2222.047244094488 450.3937007874016 105.51181102362204 quelques
1244.0944881889764 2222.047244094488 374.8031496062992 105.51181102362204 heures
1507.0866141732283 2222.047244094488 338.5826771653543 105.51181102362204 avant
1732.283464566929 2222.047244094488 225.1968503937008 105.51181102362204 le
1845.6692913385828 2222.047244094488 412.59842519685037 105.51181102362204 coucher
2108.6614173228345 2222.047244094488 149.60629921259843 105.51181102362204 du

540.1574803149606 2327.5590551181103 296.06299212598424 116.53543307086615 soleil.

390.5511811023622 2519.685039370079 266.1417322834646 143.30708661417322 4.
522.8346456692914 2519.685039370079 311.81102362204723 143.30708661417322 Vue
700.7874015748032 2519.685039370079 266.1417322834646 143.30708661417322 de
834.6456692913385 2519.685039370079 266.1417322834646 143.30708661417322 la
968.503937007874 2519.685039370079 400.0 143.30708661417322 ville
1234.6456692913387 2519.685039370079 622.0472440944882 143.30708661417322 d’Olevano,
1722.8346456692914 2519.685039370079 355.90551181102364 143.30708661417322 dans
1944.8818897637796 2519.685039370079 266.1417322834646 143.30708661417322 la
2034.6456692913387 2519.685039370079 222.04724409448818 143.30708661417322 Sa

448.81889763779526 2640.9448818897636 325.98425196850394 113.38582677165354 bine.

653.5433070866142 2815.748031496063 218.89763779527559 111.81102362204724 On
762.2047244094488 2815.748031496063 436.2204724409449 111.81102362204724 remarque
1089.763779527559 2815.748031496063 255.11811023622047 111.81102362204724 sur
1236.2204724409448 2815.748031496063 218.89763779527559 111.81102362204724 le
1344.8818897637796 2815.748031496063 363.7795275590551 111.81102362204724 devant
1600.0 2815.748031496063 255.11811023622047 111.81102362204724 des
1744.8818897637796 2815.748031496063 363.7795275590551 111.81102362204724 jeunes
1963.7795275590552 2815.748031496063 291.33858267716533 111.81102362204724 filles

566.9291338582677 2916.535433070866 256.6929133858268 107.08661417322834 qui
713.3858267716536 2916.535433070866 403.1496062992126 107.08661417322834 puisent
1006.2992125984252 2916.535433070866 220.4724409448819 107.08661417322834 de
1116.5354330708662 2916.535433070866 366.92913385826773 107.08661417322834 l’eau,
1373.2283464566929 2916.535433070866 220.4724409448819 107.08661417322834 et
1483.4645669291338 2916.535433070866 292.9133858267717 107.08661417322834 dans
1666.1417322834645 2916.535433070866 220.4724409448819 107.08661417322834 le
1776.3779527559054 2916.535433070866 439.37007874015745 107.08661417322834 lointain
2070.8661417322833 2916.535433070866 182.6771653543307 107.08661417322834 des

521.2598425196851 3034.6456692913384 459.84251968503935 133.85826771653544 aqueducs.

396.8503937007874 3166.9291338582675 266.1417322834646 168.50393700787401 5.
529.1338582677165 3166.9291338582675 310.23622047244095 168.50393700787401 Vue
707.0866141732283 3166.9291338582675 398.4251968503937 168.50393700787401 prise
971.6535433070866 3166.9291338582675 220.4724409448819 168.50393700787401 à
1059.8425196850394 3166.9291338582675 398.4251968503937 168.50393700787401 Népi,
1325.984251968504 3166.9291338582675 310.23622047244095 168.50393700787401 sur
1502.3622047244094 3166.9291338582675 266.1417322834646 168.50393700787401 la
1636.2204724409448 3166.9291338582675 398.4251968503937 168.50393700787401 route
1900.7874015748032 3166.9291338582675 266.1417322834646 168.50393700787401 de
1988.976377952756 3166.9291338582675 266.1417322834646 168.50393700787401 Rome

494.48818897637796 3305.511811023622 225.1968503937008 129.13385826771653 à
540.1574803149606 3305.511811023622 496.06299212598424 129.13385826771653 Florence.

648.8188976377953 3448.818897637795 239.37007874015748 130.70866141732284 On
768.503937007874 3448.818897637795 319.68503937007875 130.70866141732284 voit
968.503937007874 3448.818897637795 280.31496062992125 130.70866141732284 sur
1129.1338582677165 3448.818897637795 239.37007874015748 130.70866141732284 la
1248.8188976377953 3448.818897637795 400.0 130.70866141732284 gauche
1529.1338582677165 3448.818897637795 280.31496062992125 130.70866141732284 des
1688.1889763779527 3448.818897637795 400.0 130.70866141732284 femmes
1968.5039370078741 3448.818897637795 239.37007874015748 130.70866141732284 et
2048.818897637795 3448.818897637795 200.0 130.70866141732284 des
