2551.181102362205 4233.070866141732
946.4566929133858 248.8188976377953 373.2283464566929 182.6771653543307 (7)

440.9448818897638 400.0 406.2992125984252 141.73228346456693 hommes
725.9842519685039 400.0 285.03937007874015 141.73228346456693 qui
888.1889763779527 400.0 568.503937007874 141.73228346456693 paroissent
1335.4330708661416 400.0 447.244094488189 141.73228346456693 occupés
1659.8425196850394 400.0 203.1496062992126 141.73228346456693 à
1741.732283464567 400.0 324.40944881889766 141.73228346456693 lire
1903.9370078740158 400.0 203.1496062992126 141.73228346456693 une

431.496062992126 560.6299212598425 588.9763779527559 122.83464566929133 inscription
902.3622047244095 560.6299212598425 275.59055118110234 122.83464566929133 sur
1059.8425196850394 560.6299212598425 236.2204724409449 122.83464566929133 un
1138.5826771653544 560.6299212598425 431.496062992126 122.83464566929133 monument.

516.5354330708661 1124.4094488188975 464.56692913385825 143.30708661417322 BIDAULT
855.1181102362204 1124.4094488188975 549.6062992125984 143.30708661417322 (Joseph),
1277.1653543307086 1124.4094488188975 253.54330708661416 143.30708661417322 né
1362.2047244094488 1124.4094488188975 125.98425196850394 143.30708661417322 à

286.61417322834643 1344.8818897637796 571.6535433070866 143.30708661417322 Paysage
702.3622047244095 1344.8818897637796 571.6535433070866 143.30708661417322 composé
1118.1102362204724 1344.8818897637796 571.6535433070866 143.30708661417322 d’après
1535.4330708661416 1344.8818897637796 363.7795275590551 143.30708661417322 des
1691.3385826771653 1344.8818897637796 415.748031496063 143.30708661417322 études

360.62992125984255 1480.3149606299212 434.6456692913386 127.55905511811024 faites
666.1417322834645 1480.3149606299212 303.93700787401576 127.55905511811024 sur
839.3700787401575 1480.3149606299212 261.4173228346457 127.55905511811024 le
970.0787401574803 1480.3149606299212 303.93700787401576 127.55905511811024 Lac
1144.8818897637796 1480.3149606299212 478.74015748031496 127.55905511811024 Majeur.
1492.9133858267717 1480.3149606299212 303.93700787401576 127.55905511811024 Sur
1667.716535433071 1480.3149606299212 261.4173228346457 127.55905511811024 le
1754.3307086614172 1480.3149606299212 348.0314960629921 127.55905511811024 devant

363.7795275590551 1615.748031496063 274.01574803149606 121.25984251968504 on
500.78740157480314 1615.748031496063 365.3543307086614 121.25984251968504 voit
729.1338582677165 1615.748031496063 274.01574803149606 121.25984251968504 un
867.7165354330708 1615.748031496063 686.6141732283464 121.25984251968504 palefrenier
1415.748031496063 1615.748031496063 365.3543307086614 121.25984251968504 avec
1644.0944881889764 1615.748031496063 365.3543307086614 121.25984251968504 deux
1828.3464566929133 1615.748031496063 274.01574803149606 121.25984251968504 che-

363.7795275590551 1776.3779527559054 365.3543307086614 97.63779527559055 vaux
592.1259842519685 1776.3779527559054 458.26771653543307 97.63779527559055 arrêté
913.3858267716536 1776.3779527559054 365.3543307086614 97.63779527559055 près
1141.732283464567 1776.3779527559054 274.01574803149606 97.63779527559055 de
1278.740157480315 1776.3779527559054 365.3543307086614 97.63779527559055 deux
1507.0866141732283 1776.3779527559054 503.93700787401576 97.63779527559055 femmes,
1828.3464566929133 1776.3779527559054 274.01574803149606 97.63779527559055 dont

348.0314960629921 1880.3149606299212 349.6062992125984 99.21259842519684 une
548.0314960629921 1880.3149606299212 497.6377952755906 99.21259842519684 semble
896.0629921259842 1880.3149606299212 349.6062992125984 99.21259842519684 lui
1096.0629921259842 1880.3149606299212 548.0314960629921 99.21259842519684 montrer
1494.4881889763778 1880.3149606299212 349.6062992125984 99.21259842519684 son
1644.0944881889764 1880.3149606299212 448.81889763779526 99.21259842519684 chemin.

352.755905511811 2000.0 366.92913385826773 149.60629921259843 Dans
581.1023622047244 2000.0 275.59055118110234 149.60629921259843 le
719.6850393700787 2000.0 366.92913385826773 149.60629921259843 fond
948.0314960629921 2000.0 275.59055118110234 149.60629921259843 on
1086.6141732283465 2000.0 595.2755905511812 149.60629921259843 distingue
1544.8818897637796 2000.0 321.25984251968504 149.60629921259843 une
1681.8897637795276 2000.0 412.59842519685037 149.60629921259843 cascade

354.3307086614173 2122.834645669291 275.59055118110234 133.85826771653544 et
491.33858267716533 2122.834645669291 321.25984251968504 133.85826771653544 des
675.5905511811023 2122.834645669291 596.8503937007874 133.85826771653544 fabriques
1133.8582677165355 2122.834645669291 321.25984251968504 133.85826771653544 qui
1318.1102362204724 2122.834645669291 458.26771653543307 133.85826771653544 ornent
1639.3700787401574 2122.834645669291 321.25984251968504 133.85826771653544 une
1776.3779527559054 2122.834645669291 321.25984251968504 133.85826771653544 belle

321.25984251968504 2244.0944881889764 370.0787401574803 154.33070866141733 vallée.

259.84251968503935 2587.4015748031497 275.59055118110234 133.85826771653544 7.
396.8503937007874 2587.4015748031497 505.51181102362204 133.85826771653544 Paysage
765.3543307086615 2587.4015748031497 733.8582677165355 133.85826771653544 représentant
1362.2047244094488 2587.4015748031497 275.59055118110234 133.85826771653544 un
1499.2125984251968 2587.4015748031497 366.92913385826773 133.85826771653544 beau
1729.1338582677165 2587.4015748031497 366.92913385826773 133.85826771653544 site
1911.8110236220473 2587.4015748031497 184.251968503937 133.85826771653544 où

359.0551181102362 2691.3385826771655 365.3543307086614 122.83464566929133 l’on
587.4015748031496 2691.3385826771655 365.3543307086614 122.83464566929133 voit
815.7480314960629 2691.3385826771655 274.01574803149606 122.83464566929133 un
952.7559055118111 2691.3385826771655 411.0236220472441 122.83464566929133 grand
1226.7716535433071 2691.3385826771655 456.6929133858268 122.83464566929133 fleuve
1546.4566929133857 2691.3385826771655 502.3622047244094 122.83464566929133 formant
1866.1417322834645 2691.3385826771655 228.3464566929134 122.83464566929133 des

359.0551181102362 2828.3464566929133 423.62204724409446 130.70866141732284 chutes
655.1181102362204 2828.3464566929133 423.62204724409446 130.70866141732284 d’eau;
951.1811023622047 2828.3464566929133 253.54330708661416 130.70866141732284 il
1078.740157480315 2828.3464566929133 423.62204724409446 130.70866141732284 baigne
1374.8031496062993 2828.3464566929133 296.06299212598424 130.70866141732284 des
1544.8818897637796 2828.3464566929133 466.1417322834646 130.70866141732284 rochers
1840.9448818897638 2828.3464566929133 253.54330708661416 130.70866141732284 dont

357.4803149606299 2938.582677165354 274.01574803149606 116.53543307086615 le
494.48818897637796 2938.582677165354 456.6929133858268 116.53543307086615 sommet
814.1732283464567 2938.582677165354 319.68503937007875 116.53543307086615 est
996.8503937007874 2938.582677165354 502.3622047244094 116.53543307086615 couvert
1363.7795275590552 2938.582677165354 274.01574803149606 116.53543307086615 de
1500.7874015748032 2938.582677165354 639.3700787401575 116.53543307086615 fabriques.
1957.4803149606298 2938.582677165354 137.00787401574803 116.53543307086615 A

357.4803149606299 3062.9921259842517 458.26771653543307 151.1811023622047 gauche
677.1653543307086 3062.9921259842517 319.68503937007875 151.1811023622047 est
861.4173228346457 3062.9921259842517 319.68503937007875 151.1811023622047 une
1044.0944881889764 3062.9921259842517 411.0236220472441 151.1811023622047 masse
1318.1102362204724 3062.9921259842517 595.2755905511812 151.1811023622047 d’arbres;
1776.3779527559054 3062.9921259842517 319.68503937007875 151.1811023622047 sur
1913.3858267716535 3062.9921259842517 182.6771653543307 151.1811023622047 le

363.7795275590551 3198.4251968503936 433.07086614173227 155.90551181102362 devant
666.1417322834645 3198.4251968503936 302.3622047244094 155.90551181102362 est
839.3700787401575 3198.4251968503936 259.84251968503935 155.90551181102362 un
968.503937007874 3198.4251968503936 433.07086614173227 155.90551181102362 berger
1272.4409448818897 3198.4251968503936 562.2047244094488 155.90551181102362 éveillant
1705.5118110236222 3198.4251968503936 259.84251968503935 155.90551181102362 un
1792.1259842519685 3198.4251968503936 302.3622047244094 155.90551181102362 jeune

357.4803149606299 3332.283464566929 595.2755905511812 138.58267716535434 voyageur;
814.1732283464567 3332.283464566929 319.68503937007875 138.58267716535434 sur
998.4251968503937 3332.283464566929 274.01574803149606 138.58267716535434 le
1135.4330708661416 3332.283464566929 503.93700787401576 138.58267716535434 premier
1500.7874015748032 3332.283464566929 365.3543307086614 138.58267716535434 plan
1730.708661417323 3332.283464566929 274.01574803149606 138.58267716535434 on
1822.0472440944882 3332.283464566929 274.01574803149606 138.58267716535434 voit

360.62992125984255 3461.417322834646 303.93700787401576 140.15748031496062 des
535.4330708661417 3461.417322834646 478.74015748031496 140.15748031496062 chèvres
883.4645669291339 3461.417322834646 303.93700787401576 140.15748031496062 qui
1014.1732283464567 3461.417322834646 478.74015748031496 140.15748031496062 paissent.
