1620 2688
601 158 237 116 (7)

280 254 258 90 hommes
461 254 181 90 qui
564 254 361 90 paroissent
848 254 284 90 occupés
1054 254 129 90 à
1106 254 206 90 lire
1209 254 129 90 une

274 356 374 78 inscription
573 356 175 78 sur
673 356 150 78 un
723 356 274 78 monument.

328 714 295 91 BIDAULT
543 714 349 91 (Joseph),
811 714 161 91 né
865 714 80 91 à

182 854 363 91 Paysage
446 854 363 91 composé
710 854 363 91 d’après
975 854 231 91 des
1074 854 264 91 études

229 940 276 81 faites
423 940 193 81 sur
533 940 166 81 le
616 940 193 81 Lac
727 940 304 81 Majeur.
948 940 193 81 Sur
1059 940 166 81 le
1114 940 221 81 devant

231 1026 174 77 on
318 1026 232 77 voit
463 1026 174 77 un
551 1026 436 77 palefrenier
899 1026 232 77 avec
1044 1026 232 77 deux
1161 1026 174 77 che-

231 1128 232 62 vaux
376 1128 291 62 arrêté
580 1128 232 62 près
725 1128 174 62 de
812 1128 232 62 deux
957 1128 320 62 femmes,
1161 1128 174 62 dont

221 1194 222 63 une
348 1194 316 63 semble
569 1194 222 63 lui
696 1194 348 63 montrer
949 1194 222 63 son
1044 1194 285 63 chemin.

224 1270 233 95 Dans
369 1270 175 95 le
457 1270 233 95 fond
602 1270 175 95 on
690 1270 378 95 distingue
981 1270 204 95 une
1068 1270 262 95 cascade

225 1348 175 85 et
312 1348 204 85 des
429 1348 379 85 fabriques
720 1348 204 85 qui
837 1348 291 85 ornent
1041 1348 204 85 une
1128 1348 204 85 belle

204 1425 235 98 vallée.

165 1643 175 85 7.
252 1643 321 85 Paysage
486 1643 466 85 représentant
865 1643 175 85 un
952 1643 233 85 beau
1098 1643 233 85 site
1214 1643 117 85 où

228 1709 232 78 l’on
373 1709 232 78 voit
518 1709 174 78 un
605 1709 261 78 grand
779 1709 290 78 fleuve
982 1709 319 78 formant
1185 1709 145 78 des

228 1796 269 83 chutes
416 1796 269 83 d’eau;
604 1796 161 83 il
685 1796 269 83 baigne
873 1796 188 83 des
981 1796 296 83 rochers
1169 1796 161 83 dont

227 1866 174 74 le
314 1866 290 74 sommet
517 1866 203 74 est
633 1866 319 74 couvert
866 1866 174 74 de
953 1866 406 74 fabriques.
1243 1866 87 74 A

227 1945 291 96 gauche
430 1945 203 96 est
547 1945 203 96 une
663 1945 261 96 masse
837 1945 378 96 d’arbres;
1128 1945 203 96 sur
1215 1945 116 96 le

231 2031 275 99 devant
423 2031 192 99 est
533 2031 165 99 un
615 2031 275 99 berger
808 2031 357 99 éveillant
1083 2031 165 99 un
1138 2031 192 99 jeune

227 2116 378 88 voyageur;
517 2116 203 88 sur
634 2116 174 88 le
721 2116 320 88 premier
953 2116 232 88 plan
1099 2116 174 88 on
1157 2116 174 88 voit

229 2198 193 89 des
340 2198 304 89 chèvres
561 2198 193 89 qui
644 2198 304 89 paissent.
