1611 2700
694 169 225 104 (8
769 169 113 104 )

205 271 176 88 8.
293 271 324 88 Paysage
528 271 412 88 historique
852 271 471 88 représentant
1205 271 176 88 Psy-

266 347 206 87 ché
383 347 176 87 et
471 347 176 87 le
560 347 235 87 dieu
677 347 206 87 Pan..

364 501 285 70 Psyché,
572 501 234 70 ayant
727 501 156 70 eu
805 501 156 70 le
883 501 285 70 malheur
1091 501 156 70 de
1142 501 234 70 blesser

312 575 278 79 l’Amour,
520 575 139 79 en
590 575 162 79 fut
683 575 348 79 abandonnée.
961 575 232 79 Alors,
1123 575 139 79 se
1169 575 209 79 livrant

315 644 118 70 à
363 644 189 70 tout
481 644 142 70 ce
552 644 165 70 que
646 644 142 70 la
717 644 260 70 douleur
906 644 118 70 a
954 644 142 70 de
1024 644 189 70 plus
1119 644 260 70 excessif,

316 713 185 74 elle
431 713 231 74 courut
593 713 139 74 au
662 713 185 74 bord
778 713 185 74 d’un
893 713 254 74 fleuve,
1078 713 139 74 et
1147 713 139 74 se
1193 713 185 74 préci-

312 785 181 81 pita
426 785 181 81 dans
539 785 159 81 son
630 785 204 81 sein.
766 785 136 81 Le
834 785 227 81 fleuve
993 785 317 81 secourable
1219 785 159 81 l’en-

312 860 294 83 veloppa
526 860 240 83 d’une
686 860 240 83 vague
846 860 454 83 respectueuse,
1220 860 160 83 et
1273 860 107 83 la

313 927 213 84 porta
456 927 308 84 mollement
693 927 166 84 sur
787 927 166 84 une
882 927 142 84 de
953 927 166 84 ses
1048 927 237 84 rives,
1190 927 190 84 garnie

315 990 133 68 de
381 990 222 68 fleurs
537 990 133 68 et
603 990 133 68 de
670 990 222 68 gazon.
825 990 177 68 Elle
936 990 111 68 y
980 990 288 68 rencontra
1202 990 133 68 le
1246 990 133 68 dieu

313 1055 166 84 Pan
408 1055 166 84 qui
503 1055 142 84 la
551 1055 237 84 consola.

599 1320 348 114 BLONDEL.

204 1434 168 111 9.
288 1434 308 111 Zénobie
512 1434 308 111 trouvée
736 1434 336 111 mourante
988 1434 196 111 sur
1100 1434 196 111 les
1184 1434 196 111 bords

270 1534 162 84 de
324 1534 270 84 l’Araxe.

366 1648 372 73 Rhadamiste,
664 1648 173 73 roi
763 1648 322 73 d’Ibérie,
1010 1648 248 73 chassé
1184 1648 173 73 par
1258 1648 124 73 les

317 1729 294 63 Arméniens
543 1729 181 63 dont
656 1729 136 63 il
724 1729 203 63 avoit
860 1729 158 63 tué
950 1729 136 63 le
1018 1729 181 63 roi,
1131 1729 158 63 fut
1198 1729 181 63 accom-

315 1798 229 84 pagné
467 1798 203 84 dans
594 1798 152 84 sa
670 1798 229 84 fuite
823 1798 178 84 par
925 1798 280 84 Zénobie
1128 1798 152 84 sa
1179 1798 203 84 femme,

316 1870 173 76 qui
415 1870 297 76 supporta
638 1870 272 76 quelque
836 1870 223 76 temps
984 1870 173 76 les
1083 1870 297 76 fatigues
1281 1870 99 76 du

316 1940 267 81 chemin,
510 1940 267 81 quoique
703 1940 339 81 incommodée
970 1940 218 81 d’une
1091 1940 291 81 grossesse.

319 1997 158 90 Ses
410 1997 226 90 forces
568 1997 203 90 étant
704 1997 294 90 épuisées,
930 1997 181 90 elle
1043 1997 181 90 pria
1156 1997 158 90 son
1224 1997 158 90 époux

318 2075 136 55 de
386 2075 159 55 lui
477 2075 227 55 donner
636 2075 136 55 la
704 2075 204 55 mort,
840 2075 182 55 pour
954 2075 250 55 qu’elle
1113 2075 272 55 n’éprouvât

323 2132 154 77 pas
411 2132 154 77 une
499 2132 265 77 honteuse
698 2132 309 77 captivité:
940 2132 132 77 ce
1006 2132 242 77 prince,
1183 2132 154 77 que
1249 2132 132 77 l’a-

326 2213 179 79 mour
438 2213 313 79 détournoit
684 2213 202 79 d’une
818 2213 224 79 action
975 2213 134 79 si
1042 2213 269 79 étrange,
1221 2213 157 79 l’ex
