2537.0078740157483 4251.968503937008
1092.9133858267717 266.1417322834646 354.3307086614173 163.7795275590551 (8
1211.023622047244 266.1417322834646 177.95275590551182 163.7795275590551 )

322.8346456692913 426.7716535433071 277.1653543307087 138.58267716535434 8.
461.4173228346457 426.7716535433071 510.23622047244095 138.58267716535434 Paysage
831.496062992126 426.7716535433071 648.8188976377953 138.58267716535434 historique
1341.732283464567 426.7716535433071 741.7322834645669 138.58267716535434 représentant
1897.6377952755906 426.7716535433071 277.1653543307087 138.58267716535434 Psy-

418.8976377952756 546.4566929133858 324.40944881889766 137.00787401574803 ché
603.1496062992126 546.4566929133858 277.1653543307087 137.00787401574803 et
741.7322834645669 546.4566929133858 277.1653543307087 137.00787401574803 le
881.8897637795276 546.4566929133858 370.0787401574803 137.00787401574803 dieu
1066.1417322834645 546.4566929133858 324.40944881889766 137.00787401574803 Pan..

573.2283464566929 788.9763779527559 448.81889763779526 110.23622047244095 Psyché,
900.7874015748032 788.9763779527559 368.503937007874 110.23622047244095 ayant
1144.8818897637796 788.9763779527559 245.66929133858267 110.23622047244095 eu
1267.716535433071 788.9763779527559 245.66929133858267 110.23622047244095 le
1390.5511811023623 788.9763779527559 448.81889763779526 110.23622047244095 malheur
1718.1102362204724 788.9763779527559 245.66929133858267 110.23622047244095 de
1798.4251968503936 788.9763779527559 368.503937007874 110.23622047244095 blesser

491.33858267716533 905.511811023622 437.79527559055117 124.40944881889764 l’Amour,
818.8976377952756 905.511811023622 218.89763779527559 124.40944881889764 en
929.1338582677165 905.511811023622 255.11811023622047 124.40944881889764 fut
1075.5905511811025 905.511811023622 548.0314960629921 124.40944881889764 abandonnée.
1513.3858267716535 905.511811023622 365.3543307086614 124.40944881889764 Alors,
1768.5039370078741 905.511811023622 218.89763779527559 124.40944881889764 se
1840.9448818897638 905.511811023622 329.13385826771656 124.40944881889764 livrant

496.06299212598424 1014.1732283464567 185.82677165354332 110.23622047244095 à
571.6535433070866 1014.1732283464567 297.6377952755906 110.23622047244095 tout
757.4803149606299 1014.1732283464567 223.6220472440945 110.23622047244095 ce
869.2913385826772 1014.1732283464567 259.84251968503935 110.23622047244095 que
1017.3228346456693 1014.1732283464567 223.6220472440945 110.23622047244095 la
1129.1338582677165 1014.1732283464567 409.4488188976378 110.23622047244095 douleur
1426.7716535433071 1014.1732283464567 185.82677165354332 110.23622047244095 a
1502.3622047244094 1014.1732283464567 223.6220472440945 110.23622047244095 de
1612.5984251968505 1014.1732283464567 297.6377952755906 110.23622047244095 plus
1762.2047244094488 1014.1732283464567 409.4488188976378 110.23622047244095 excessif,

497.6377952755906 1122.8346456692914 291.33858267716533 116.53543307086615 elle
678.7401574803149 1122.8346456692914 363.7795275590551 116.53543307086615 courut
933.8582677165355 1122.8346456692914 218.89763779527559 116.53543307086615 au
1042.5196850393702 1122.8346456692914 291.33858267716533 116.53543307086615 bord
1225.1968503937007 1122.8346456692914 291.33858267716533 116.53543307086615 d’un
1406.2992125984251 1122.8346456692914 400.0 116.53543307086615 fleuve,
1697.6377952755906 1122.8346456692914 218.89763779527559 116.53543307086615 et
1806.2992125984251 1122.8346456692914 218.89763779527559 116.53543307086615 se
1878.740157480315 1122.8346456692914 291.33858267716533 116.53543307086615 préci-

491.33858267716533 1236.2204724409448 285.03937007874015 127.55905511811024 pita
670.8661417322835 1236.2204724409448 285.03937007874015 127.55905511811024 dans
848.8188976377953 1236.2204724409448 250.39370078740157 127.55905511811024 son
992.1259842519685 1236.2204724409448 321.25984251968504 127.55905511811024 sein.
1206.2992125984251 1236.2204724409448 214.17322834645668 127.55905511811024 Le
1313.3858267716535 1236.2204724409448 357.4803149606299 127.55905511811024 fleuve
1563.7795275590552 1236.2204724409448 499.21259842519686 127.55905511811024 secourable
1919.6850393700788 1236.2204724409448 250.39370078740157 127.55905511811024 l’en-

491.33858267716533 1354.3307086614172 462.99212598425197 130.70866141732284 veloppa
828.3464566929134 1354.3307086614172 377.9527559055118 130.70866141732284 d’une
1080.3149606299212 1354.3307086614172 377.9527559055118 130.70866141732284 vague
1332.283464566929 1354.3307086614172 714.9606299212599 130.70866141732284 respectueuse,
1921.259842519685 1354.3307086614172 251.96850393700788 130.70866141732284 et
2004.724409448819 1354.3307086614172 168.50393700787401 130.70866141732284 la

492.9133858267717 1459.8425196850394 335.43307086614175 132.28346456692913 porta
718.1102362204724 1459.8425196850394 485.03937007874015 132.28346456692913 mollement
1091.3385826771653 1459.8425196850394 261.4173228346457 132.28346456692913 sur
1239.3700787401574 1459.8425196850394 261.4173228346457 132.28346456692913 une
1388.976377952756 1459.8425196850394 223.6220472440945 132.28346456692913 de
1500.7874015748032 1459.8425196850394 261.4173228346457 132.28346456692913 ses
1650.3937007874015 1459.8425196850394 373.2283464566929 132.28346456692913 rives,
1874.015748031496 1459.8425196850394 299.21259842519686 132.28346456692913 garnie

496.06299212598424 1559.0551181102362 209.4488188976378 107.08661417322834 de
600.0 1559.0551181102362 349.6062992125984 107.08661417322834 fleurs
845.6692913385826 1559.0551181102362 209.4488188976378 107.08661417322834 et
949.6062992125984 1559.0551181102362 209.4488188976378 107.08661417322834 de
1055.1181102362204 1559.0551181102362 349.6062992125984 107.08661417322834 gazon.
1299.2125984251968 1559.0551181102362 278.74015748031496 107.08661417322834 Elle
1474.015748031496 1559.0551181102362 174.8031496062992 107.08661417322834 y
1543.3070866141732 1559.0551181102362 453.54330708661416 107.08661417322834 rencontra
1892.9133858267717 1559.0551181102362 209.4488188976378 107.08661417322834 le
1962.2047244094488 1559.0551181102362 209.4488188976378 107.08661417322834 dieu

492.9133858267717 1661.4173228346456 261.4173228346457 132.28346456692913 Pan
642.5196850393701 1661.4173228346456 261.4173228346457 132.28346456692913 qui
792.1259842519685 1661.4173228346456 223.6220472440945 132.28346456692913 la
867.7165354330708 1661.4173228346456 373.2283464566929 132.28346456692913 consola.

943.3070866141733 2078.740157480315 548.0314960629921 179.5275590551181 BLONDEL.

321.25984251968504 2258.267716535433 264.56692913385825 174.8031496062992 9.
453.54330708661416 2258.267716535433 485.03937007874015 174.8031496062992 Zénobie
806.2992125984252 2258.267716535433 485.03937007874015 174.8031496062992 trouvée
1159.0551181102362 2258.267716535433 529.1338582677165 174.8031496062992 mourante
1555.9055118110236 2258.267716535433 308.66141732283467 174.8031496062992 sur
1732.283464566929 2258.267716535433 308.66141732283467 174.8031496062992 les
1864.5669291338584 2258.267716535433 308.66141732283467 174.8031496062992 bords

425.1968503937008 2415.748031496063 255.11811023622047 132.28346456692913 de
510.23622047244095 2415.748031496063 425.1968503937008 132.28346456692913 l’Araxe.

576.3779527559055 2595.2755905511813 585.8267716535433 114.96062992125984 Rhadamiste,
1045.6692913385828 2595.2755905511813 272.4409448818898 114.96062992125984 roi
1201.5748031496064 2595.2755905511813 507.0866141732283 114.96062992125984 d’Ibérie,
1590.5511811023623 2595.2755905511813 390.5511811023622 114.96062992125984 chassé
1864.5669291338584 2595.2755905511813 272.4409448818898 114.96062992125984 par
1981.1023622047244 2595.2755905511813 195.2755905511811 114.96062992125984 les

499.21259842519686 2722.834645669291 462.99212598425197 99.21259842519684 Arméniens
855.1181102362204 2722.834645669291 285.03937007874015 99.21259842519684 dont
1033.0708661417323 2722.834645669291 214.17322834645668 99.21259842519684 il
1140.1574803149606 2722.834645669291 319.68503937007875 99.21259842519684 avoit
1354.3307086614172 2722.834645669291 248.8188976377953 99.21259842519684 tué
1496.0629921259842 2722.834645669291 214.17322834645668 99.21259842519684 le
1603.1496062992126 2722.834645669291 285.03937007874015 99.21259842519684 roi,
1781.1023622047244 2722.834645669291 248.8188976377953 99.21259842519684 fut
1886.6141732283465 2722.834645669291 285.03937007874015 99.21259842519684 accom-

496.06299212598424 2831.496062992126 360.62992125984255 132.28346456692913 pagné
735.4330708661417 2831.496062992126 319.68503937007875 132.28346456692913 dans
935.4330708661417 2831.496062992126 239.37007874015748 132.28346456692913 sa
1055.1181102362204 2831.496062992126 360.62992125984255 132.28346456692913 fuite
1296.0629921259842 2831.496062992126 280.31496062992125 132.28346456692913 par
1456.6929133858268 2831.496062992126 440.9448818897638 132.28346456692913 Zénobie
1776.3779527559054 2831.496062992126 239.37007874015748 132.28346456692913 sa
1856.6929133858268 2831.496062992126 319.68503937007875 132.28346456692913 femme,

497.6377952755906 2944.8818897637793 272.4409448818898 119.68503937007874 qui
653.5433070866142 2944.8818897637793 467.7165354330709 119.68503937007874 supporta
1004.7244094488188 2944.8818897637793 428.34645669291336 119.68503937007874 quelque
1316.5354330708662 2944.8818897637793 351.18110236220474 119.68503937007874 temps
1549.6062992125985 2944.8818897637793 272.4409448818898 119.68503937007874 les
1705.5118110236222 2944.8818897637793 467.7165354330709 119.68503937007874 fatigues
2017.3228346456692 2944.8818897637793 155.90551181102362 119.68503937007874 du

497.6377952755906 3055.1181102362207 420.4724409448819 127.55905511811024 chemin,
803.1496062992126 3055.1181102362207 420.4724409448819 127.55905511811024 quoique
1107.0866141732283 3055.1181102362207 533.8582677165355 127.55905511811024 incommodée
1527.5590551181103 3055.1181102362207 343.3070866141732 127.55905511811024 d’une
1718.1102362204724 3055.1181102362207 458.26771653543307 127.55905511811024 grossesse.

502.3622047244094 3144.8818897637793 248.8188976377953 141.73228346456693 Ses
645.6692913385826 3144.8818897637793 355.90551181102364 141.73228346456693 forces
894.488188976378 3144.8818897637793 319.68503937007875 141.73228346456693 étant
1108.6614173228347 3144.8818897637793 462.99212598425197 141.73228346456693 épuisées,
1464.5669291338584 3144.8818897637793 285.03937007874015 141.73228346456693 elle
1642.5196850393702 3144.8818897637793 285.03937007874015 141.73228346456693 pria
1820.4724409448818 3144.8818897637793 248.8188976377953 141.73228346456693 son
1927.5590551181103 3144.8818897637793 248.8188976377953 141.73228346456693 époux

500.78740157480314 3267.716535433071 214.17322834645668 86.61417322834646 de
607.8740157480315 3267.716535433071 250.39370078740157 86.61417322834646 lui
751.1811023622047 3267.716535433071 357.4803149606299 86.61417322834646 donner
1001.5748031496063 3267.716535433071 214.17322834645668 86.61417322834646 la
1108.6614173228347 3267.716535433071 321.25984251968504 86.61417322834646 mort,
1322.8346456692914 3267.716535433071 286.61417322834643 86.61417322834646 pour
1502.3622047244094 3267.716535433071 393.7007874015748 86.61417322834646 qu’elle
1752.755905511811 3267.716535433071 428.34645669291336 86.61417322834646 n’éprouvât

508.66141732283467 3357.48031496063 242.51968503937007 121.25984251968504 pas
647.2440944881889 3357.48031496063 242.51968503937007 121.25984251968504 une
785.8267716535433 3357.48031496063 417.3228346456693 121.25984251968504 honteuse
1099.2125984251968 3357.48031496063 486.61417322834643 121.25984251968504 captivité:
1480.3149606299212 3357.48031496063 207.8740157480315 121.25984251968504 ce
1584.251968503937 3357.48031496063 381.1023622047244 121.25984251968504 prince,
1862.992125984252 3357.48031496063 242.51968503937007 121.25984251968504 que
1966.9291338582677 3357.48031496063 207.8740157480315 121.25984251968504 l’a-

513.3858267716536 3485.0393700787404 281.8897637795276 124.40944881889764 mour
689.7637795275591 3485.0393700787404 492.9133858267717 124.40944881889764 détournoit
1077.1653543307086 3485.0393700787404 318.1102362204724 124.40944881889764 d’une
1288.1889763779527 3485.0393700787404 352.755905511811 124.40944881889764 action
1535.4330708661416 3485.0393700787404 211.0236220472441 124.40944881889764 si
1640.9448818897638 3485.0393700787404 423.62204724409446 124.40944881889764 étrange,
1922.8346456692914 3485.0393700787404 247.24409448818898 124.40944881889764 l’ex
