1569 2700
668 194 189 91 (
706 194 151 91 9)

298 278 253 79 hortoit
482 278 115 79 à
528 278 253 79 prendre
713 278 277 79 courage;
920 278 184 79 mais
1035 278 230 79 enfin,
1174 278 184 79 voyant

300 356 258 69 qu’elle
487 356 141 69 ne
558 356 258 69 pouvoit
746 356 282 69 avancer,
957 356 141 69 et
1027 356 235 69 vaincu
1192 356 164 69 par
1262 356 94 69 la

298 435 243 66 crainte
475 435 243 66 qu’elle
651 435 133 66 ne
718 435 221 66 devint
872 435 133 66 la
938 435 199 66 proie
1071 435 133 66 de
1137 435 155 66 ses
1203 435 155 66 enne-

300 504 184 58 mis,
415 504 138 58 il
484 504 138 58 la
553 504 207 58 perça
691 504 184 58 d’un
806 504 184 58 coup
921 504 253 58 d’épée,
1105 504 138 58 et
1174 504 138 58 la
1220 504 138 58 jeta

298 558 188 61 dans
416 558 141 61 le
487 558 259 61 fleuve,
675 558 188 61 pour
793 558 165 61 que
887 558 165 61 son
981 558 212 61 corps
1123 558 141 61 ne
1170 558 188 61 tombât

298 632 161 72 pas
390 632 138 72 au
459 632 254 72 pouvoir
644 632 138 72 de
713 632 161 72 ses
805 632 392 72 persécuteurs.
1105 632 254 72 Cependant

296 694 169 73 les
392 694 193 73 eaux
513 694 337 73 baissèrent
778 694 145 73 et
850 694 145 73 la
922 694 337 73 déposèrent
1187 694 169 73 sur
1260 694 96 73 le

299 763 220 82 sable,
453 763 132 82 où
519 763 176 82 elle
629 763 154 82 fut
717 763 242 82 trouvée
894 763 154 82 par
982 763 154 82 des
1070 763 264 82 pasteurs
1246 763 110 82 ils

298 837 138 80 la
367 837 344 80 rappelèrent
642 837 115 80 à
688 837 138 80 la
757 837 183 80 vie,
871 837 138 80 et
940 837 138 80 la
1009 837 298 80 portèrent
1238 837 115 80 à
1261 837 92 80 la

296 904 203 77 ville
432 904 293 77 d’Artaxe,
657 904 181 77 d’où
770 904 181 77 elle
883 904 158 77 fut
973 904 271 77 conduite
1176 904 113 77 a
1199 904 158 77 Tiri-

296 975 203 56 date,
432 975 158 56 roi
522 975 315 56 d’Arménie,
769 975 158 56 qui
860 975 135 56 la
927 975 203 56 reçut
1062 975 135 56 et
1130 975 135 56 la
1175 975 180 56 traita

295 1045 202 64 avec
421 1045 177 64 les
522 1045 253 64 égards
699 1045 177 64 dus
801 1045 126 64 à
851 1045 177 64 son
952 1045 228 64 rang.
1104 1045 152 64 Le
1155 1045 202 64 moment

300 1107 154 70 que
388 1107 286 70 l’artiste
608 1107 110 70 a
652 1107 220 70 choisi
806 1107 154 70 est
893 1107 198 70 celui
1025 1107 132 70 où
1091 1107 154 70 des
1157 1107 198 70 bergers

299 1189 164 55 ont
392 1189 235 55 trouvé
557 1189 282 55 Zénobie,
768 1189 141 55 et
839 1189 141 55 où
909 1189 188 55 l’un
1026 1189 211 55 d’eux
1167 1189 164 55 lui
1238 1189 117 55 met

301 1242 135 62 la
368 1242 179 62 main
480 1242 157 62 sur
570 1242 135 62 le
637 1242 202 62 cœur,
772 1242 135 62 et
839 1242 314 62 s’aperçoit
1086 1242 202 62 qu’il
1198 1242 157 62 donne

301 1318 233 88 encore
464 1318 257 88 quelque
651 1318 210 88 signe
790 1318 140 88 de
837 1318 140 88 vie.

309 1583 256 89 BOUTON
489 1583 513 89 (Charles-Marie),
924 1583 154 89 né
1001 1583 128 89 à
1027 1583 205 89 Paris.

199 1715 193 96 10.
310 1715 358 96 Intérieur
585 1715 165 96 du
668 1715 276 96 Palais
861 1715 193 96 des
971 1715 331 96 Thermes,
1192 1715 165 96 vul-

254 1798 370 96 gairement
538 1798 285 96 appelé
737 1798 256 96 Bains
908 1798 171 96 de
965 1798 256 96 Julien.

357 1922 195 89 Cette
487 1922 195 89 salle
617 1922 217 89 voûtée
769 1922 130 89 se
834 1922 173 89 voit
942 1922 130 89 au
1007 1922 173 89 fond
1116 1922 195 89 d’une
1224 1922 130 89 mai-

300 1994 165 91 son
394 1994 259 91 appelée
582 1994 141 91 la
652 1994 400 91 Croix-de-Fer,
981 1994 235 91 située
1146 1994 118 91 à
1169 1994 188 91 Paris,

299 2075 164 57 rue
392 2075 141 57 de
463 2075 141 57 la
533 2075 235 57 Harpe,
697 2075 141 57 et
768 2075 164 57 qui
861 2075 188 57 sert
979 2075 141 57 de
1049 2075 258 57 magasin
1237 2075 117 57 à
1260 2075 94 57 un

297 2150 338 59 tonnelier.
562 2150 145 59 Ce
635 2150 314 59 monument,
876 2150 145 59 de
949 2150 386 59 construction
1238 2150 121 59 ro-

297 2211 246 76 maine,
470 2211 172 76 est
568 2211 148 76 un
642 2211 221 76 reste
789 2211 148 76 de
863 2211 295 76 l’ancien
1084 2211 246 76 palais
1232 2211 123 76 des
