2470.8661417322833 4251.968503937008
1051.9685039370079 305.51181102362204 297.6377952755906 143.30708661417322 (
1111.8110236220473 305.51181102362204 237.79527559055117 143.30708661417322 9)

469.29133858267716 437.79527559055117 398.4251968503937 124.40944881889764 hortoit
759.0551181102362 437.79527559055117 181.10236220472441 124.40944881889764 à
831.496062992126 437.79527559055117 398.4251968503937 124.40944881889764 prendre
1122.8346456692914 437.79527559055117 436.2204724409449 124.40944881889764 courage;
1448.8188976377953 437.79527559055117 289.76377952755905 124.40944881889764 mais
1629.9212598425197 437.79527559055117 362.20472440944883 124.40944881889764 enfin,
1848.8188976377953 437.79527559055117 289.76377952755905 124.40944881889764 voyant

472.4409448818898 560.6299212598425 406.2992125984252 108.66141732283465 qu’elle
766.9291338582677 560.6299212598425 222.04724409448818 108.66141732283465 ne
878.7401574803149 560.6299212598425 406.2992125984252 108.66141732283465 pouvoit
1174.8031496062993 560.6299212598425 444.09448818897636 108.66141732283465 avancer,
1507.0866141732283 560.6299212598425 222.04724409448818 108.66141732283465 et
1617.3228346456692 560.6299212598425 370.0787401574803 108.66141732283465 vaincu
1877.1653543307086 560.6299212598425 258.26771653543307 108.66141732283465 par
1987.4015748031495 560.6299212598425 148.03149606299212 108.66141732283465 la

469.29133858267716 685.0393700787401 382.6771653543307 103.93700787401575 crainte
748.0314960629921 685.0393700787401 382.6771653543307 103.93700787401575 qu’elle
1025.1968503937007 685.0393700787401 209.4488188976378 103.93700787401575 ne
1130.708661417323 685.0393700787401 348.0314960629921 103.93700787401575 devint
1373.2283464566929 685.0393700787401 209.4488188976378 103.93700787401575 la
1477.1653543307086 685.0393700787401 313.38582677165357 103.93700787401575 proie
1686.6141732283465 685.0393700787401 209.4488188976378 103.93700787401575 de
1790.5511811023623 685.0393700787401 244.09448818897638 103.93700787401575 ses
1894.4881889763778 685.0393700787401 244.09448818897638 103.93700787401575 enne-

472.4409448818898 793.7007874015748 289.76377952755905 91.33858267716535 mis,
653.5433070866142 793.7007874015748 217.3228346456693 91.33858267716535 il
762.2047244094488 793.7007874015748 217.3228346456693 91.33858267716535 la
870.8661417322835 793.7007874015748 325.98425196850394 91.33858267716535 perça
1088.1889763779527 793.7007874015748 289.76377952755905 91.33858267716535 d’un
1269.291338582677 793.7007874015748 289.76377952755905 91.33858267716535 coup
1450.3937007874015 793.7007874015748 398.4251968503937 91.33858267716535 d’épée,
1740.1574803149606 793.7007874015748 217.3228346456693 91.33858267716535 et
1848.8188976377953 793.7007874015748 217.3228346456693 91.33858267716535 la
1921.259842519685 793.7007874015748 217.3228346456693 91.33858267716535 jeta

469.29133858267716 878.7401574803149 296.06299212598424 96.06299212598425 dans
655.1181102362204 878.7401574803149 222.04724409448818 96.06299212598425 le
766.9291338582677 878.7401574803149 407.87401574803147 96.06299212598425 fleuve,
1062.992125984252 878.7401574803149 296.06299212598424 96.06299212598425 pour
1248.8188976377953 878.7401574803149 259.84251968503935 96.06299212598425 que
1396.8503937007874 878.7401574803149 259.84251968503935 96.06299212598425 son
1544.8818897637796 878.7401574803149 333.8582677165354 96.06299212598425 corps
1768.5039370078741 878.7401574803149 222.04724409448818 96.06299212598425 ne
1842.5196850393702 878.7401574803149 296.06299212598424 96.06299212598425 tombât

469.29133858267716 995.2755905511812 253.54330708661416 113.38582677165354 pas
614.1732283464567 995.2755905511812 217.3228346456693 113.38582677165354 au
722.8346456692914 995.2755905511812 400.0 113.38582677165354 pouvoir
1014.1732283464567 995.2755905511812 217.3228346456693 113.38582677165354 de
1122.8346456692914 995.2755905511812 253.54330708661416 113.38582677165354 ses
1267.716535433071 995.2755905511812 617.3228346456693 113.38582677165354 persécuteurs.
1740.1574803149606 995.2755905511812 400.0 113.38582677165354 Cependant

466.1417322834646 1092.9133858267717 266.1417322834646 114.96062992125984 les
617.3228346456693 1092.9133858267717 303.93700787401576 114.96062992125984 eaux
807.8740157480315 1092.9133858267717 530.7086614173228 114.96062992125984 baissèrent
1225.1968503937007 1092.9133858267717 228.3464566929134 114.96062992125984 et
1338.5826771653544 1092.9133858267717 228.3464566929134 114.96062992125984 la
1451.9685039370079 1092.9133858267717 530.7086614173228 114.96062992125984 déposèrent
1869.291338582677 1092.9133858267717 266.1417322834646 114.96062992125984 sur
1984.251968503937 1092.9133858267717 151.1811023622047 114.96062992125984 le

470.86614173228344 1201.5748031496064 346.45669291338584 129.13385826771653 sable,
713.3858267716536 1201.5748031496064 207.8740157480315 129.13385826771653 où
817.3228346456693 1201.5748031496064 277.1653543307087 129.13385826771653 elle
990.5511811023622 1201.5748031496064 242.51968503937007 129.13385826771653 fut
1129.1338582677165 1201.5748031496064 381.1023622047244 129.13385826771653 trouvée
1407.8740157480315 1201.5748031496064 242.51968503937007 129.13385826771653 par
1546.4566929133857 1201.5748031496064 242.51968503937007 129.13385826771653 des
1685.0393700787401 1201.5748031496064 415.748031496063 129.13385826771653 pasteurs
1962.2047244094488 1201.5748031496064 173.22834645669292 129.13385826771653 ils

469.29133858267716 1318.1102362204724 217.3228346456693 125.98425196850394 la
577.9527559055118 1318.1102362204724 541.7322834645669 125.98425196850394 rappelèrent
1011.0236220472441 1318.1102362204724 181.10236220472441 125.98425196850394 à
1083.4645669291338 1318.1102362204724 217.3228346456693 125.98425196850394 la
1192.1259842519685 1318.1102362204724 288.18897637795277 125.98425196850394 vie,
1371.6535433070867 1318.1102362204724 217.3228346456693 125.98425196850394 et
1480.3149606299212 1318.1102362204724 217.3228346456693 125.98425196850394 la
1588.976377952756 1318.1102362204724 469.29133858267716 125.98425196850394 portèrent
1949.6062992125985 1318.1102362204724 181.10236220472441 125.98425196850394 à
1985.8267716535433 1318.1102362204724 144.88188976377953 125.98425196850394 la

466.1417322834646 1423.6220472440946 319.68503937007875 121.25984251968504 ville
680.3149606299213 1423.6220472440946 461.4173228346457 121.25984251968504 d’Artaxe,
1034.6456692913387 1423.6220472440946 285.03937007874015 121.25984251968504 d’où
1212.5984251968505 1423.6220472440946 285.03937007874015 121.25984251968504 elle
1390.5511811023623 1423.6220472440946 248.8188976377953 121.25984251968504 fut
1532.283464566929 1423.6220472440946 426.7716535433071 121.25984251968504 conduite
1851.9685039370079 1423.6220472440946 177.95275590551182 121.25984251968504 a
1888.1889763779527 1423.6220472440946 248.8188976377953 121.25984251968504 Tiri-

466.1417322834646 1535.4330708661416 319.68503937007875 88.18897637795276 date,
680.3149606299213 1535.4330708661416 248.8188976377953 88.18897637795276 roi
822.0472440944882 1535.4330708661416 496.06299212598424 88.18897637795276 d’Arménie,
1211.023622047244 1535.4330708661416 248.8188976377953 88.18897637795276 qui
1354.3307086614172 1535.4330708661416 212.5984251968504 88.18897637795276 la
1459.8425196850394 1535.4330708661416 319.68503937007875 88.18897637795276 reçut
1672.4409448818897 1535.4330708661416 212.5984251968504 88.18897637795276 et
1779.5275590551182 1535.4330708661416 212.5984251968504 88.18897637795276 la
1850.3937007874015 1535.4330708661416 283.46456692913387 88.18897637795276 traita

464.56692913385825 1645.6692913385828 318.1102362204724 100.78740157480316 avec
662.992125984252 1645.6692913385828 278.74015748031496 100.78740157480316 les
822.0472440944882 1645.6692913385828 398.4251968503937 100.78740157480316 égards
1100.7874015748032 1645.6692913385828 278.74015748031496 100.78740157480316 dus
1261.4173228346456 1645.6692913385828 198.4251968503937 100.78740157480316 à
1340.1574803149606 1645.6692913385828 278.74015748031496 100.78740157480316 son
1499.2125984251968 1645.6692913385828 359.0551181102362 100.78740157480316 rang.
1738.5826771653544 1645.6692913385828 239.37007874015748 100.78740157480316 Le
1818.8976377952756 1645.6692913385828 318.1102362204724 100.78740157480316 moment

472.4409448818898 1743.3070866141732 242.51968503937007 110.23622047244095 que
611.0236220472441 1743.3070866141732 450.3937007874016 110.23622047244095 l’artiste
957.4803149606299 1743.3070866141732 173.22834645669292 110.23622047244095 a
1026.7716535433071 1743.3070866141732 346.45669291338584 110.23622047244095 choisi
1269.291338582677 1743.3070866141732 242.51968503937007 110.23622047244095 est
1406.2992125984251 1743.3070866141732 311.81102362204723 110.23622047244095 celui
1614.1732283464567 1743.3070866141732 207.8740157480315 110.23622047244095 où
1718.1102362204724 1743.3070866141732 242.51968503937007 110.23622047244095 des
1822.0472440944882 1743.3070866141732 311.81102362204723 110.23622047244095 bergers

470.86614173228344 1872.4409448818897 258.26771653543307 86.61417322834646 ont
617.3228346456693 1872.4409448818897 370.0787401574803 86.61417322834646 trouvé
877.1653543307086 1872.4409448818897 444.09448818897636 86.61417322834646 Zénobie,
1209.4488188976377 1872.4409448818897 222.04724409448818 86.61417322834646 et
1321.259842519685 1872.4409448818897 222.04724409448818 86.61417322834646 où
1431.4960629921259 1872.4409448818897 296.06299212598424 86.61417322834646 l’un
1615.748031496063 1872.4409448818897 332.2834645669291 86.61417322834646 d’eux
1837.7952755905512 1872.4409448818897 258.26771653543307 86.61417322834646 lui
1949.6062992125985 1872.4409448818897 184.251968503937 86.61417322834646 met

474.01574803149606 1955.9055118110236 212.5984251968504 97.63779527559055 la
579.5275590551181 1955.9055118110236 281.8897637795276 97.63779527559055 main
755.9055118110236 1955.9055118110236 247.24409448818898 97.63779527559055 sur
897.6377952755905 1955.9055118110236 212.5984251968504 97.63779527559055 le
1003.1496062992126 1955.9055118110236 318.1102362204724 97.63779527559055 cœur,
1215.748031496063 1955.9055118110236 212.5984251968504 97.63779527559055 et
1321.259842519685 1955.9055118110236 494.48818897637796 97.63779527559055 s’aperçoit
1710.236220472441 1955.9055118110236 318.1102362204724 97.63779527559055 qu’il
1886.6141732283465 1955.9055118110236 247.24409448818898 97.63779527559055 donne

474.01574803149606 2075.5905511811025 366.92913385826773 138.58267716535434 encore
730.7086614173228 2075.5905511811025 404.7244094488189 138.58267716535434 quelque
1025.1968503937007 2075.5905511811025 330.70866141732284 138.58267716535434 signe
1244.0944881889764 2075.5905511811025 220.4724409448819 138.58267716535434 de
1318.1102362204724 2075.5905511811025 220.4724409448819 138.58267716535434 vie.

486.61417322834643 2492.9133858267714 403.1496062992126 140.15748031496062 BOUTON
770.0787401574803 2492.9133858267714 807.8740157480315 140.15748031496062 (Charles-Marie),
1455.1181102362204 2492.9133858267714 242.51968503937007 140.15748031496062 né
1576.3779527559054 2492.9133858267714 201.5748031496063 140.15748031496062 à
1617.3228346456692 2492.9133858267714 322.8346456692913 140.15748031496062 Paris.

313.38582677165357 2700.787401574803 303.93700787401576 151.1811023622047 10.
488.18897637795277 2700.787401574803 563.7795275590552 151.1811023622047 Intérieur
921.2598425196851 2700.787401574803 259.84251968503935 151.1811023622047 du
1051.9685039370079 2700.787401574803 434.6456692913386 151.1811023622047 Palais
1355.9055118110236 2700.787401574803 303.93700787401576 151.1811023622047 des
1529.1338582677165 2700.787401574803 521.2598425196851 151.1811023622047 Thermes,
1877.1653543307086 2700.787401574803 259.84251968503935 151.1811023622047 vul-

400.0 2831.496062992126 582.6771653543307 151.1811023622047 gairement
847.2440944881889 2831.496062992126 448.81889763779526 151.1811023622047 appelé
1160.6299212598426 2831.496062992126 403.1496062992126 151.1811023622047 Bains
1429.9212598425197 2831.496062992126 269.29133858267716 151.1811023622047 de
1519.6850393700788 2831.496062992126 403.1496062992126 151.1811023622047 Julien.

562.2047244094488 3026.771653543307 307.0866141732283 140.15748031496062 Cette
766.9291338582677 3026.771653543307 307.0866141732283 140.15748031496062 salle
971.6535433070866 3026.771653543307 341.73228346456693 140.15748031496062 voûtée
1211.023622047244 3026.771653543307 204.7244094488189 140.15748031496062 se
1313.3858267716535 3026.771653543307 272.4409448818898 140.15748031496062 voit
1483.4645669291338 3026.771653543307 204.7244094488189 140.15748031496062 au
1585.8267716535433 3026.771653543307 272.4409448818898 140.15748031496062 fond
1757.4803149606298 3026.771653543307 307.0866141732283 140.15748031496062 d’une
1927.5590551181103 3026.771653543307 204.7244094488189 140.15748031496062 mai-

472.4409448818898 3140.1574803149606 259.84251968503935 143.30708661417322 son
620.4724409448819 3140.1574803149606 407.87401574803147 143.30708661417322 appelée
916.5354330708661 3140.1574803149606 222.04724409448818 143.30708661417322 la
1026.7716535433071 3140.1574803149606 629.9212598425197 143.30708661417322 Croix-de-Fer,
1544.8818897637796 3140.1574803149606 370.0787401574803 143.30708661417322 située
1804.724409448819 3140.1574803149606 185.82677165354332 143.30708661417322 à
1840.9448818897638 3140.1574803149606 296.06299212598424 143.30708661417322 Paris,

470.86614173228344 3267.716535433071 258.26771653543307 89.76377952755905 rue
617.3228346456693 3267.716535433071 222.04724409448818 89.76377952755905 de
729.1338582677165 3267.716535433071 222.04724409448818 89.76377952755905 la
839.3700787401575 3267.716535433071 370.0787401574803 89.76377952755905 Harpe,
1097.6377952755906 3267.716535433071 222.04724409448818 89.76377952755905 et
1209.4488188976377 3267.716535433071 258.26771653543307 89.76377952755905 qui
1355.9055118110236 3267.716535433071 296.06299212598424 89.76377952755905 sert
1541.732283464567 3267.716535433071 222.04724409448818 89.76377952755905 de
1651.9685039370079 3267.716535433071 406.2992125984252 89.76377952755905 magasin
1948.0314960629921 3267.716535433071 184.251968503937 89.76377952755905 à
1984.251968503937 3267.716535433071 148.03149606299212 89.76377952755905 un

467.7165354330709 3385.8267716535433 532.2834645669292 92.91338582677166 tonnelier.
885.0393700787401 3385.8267716535433 228.3464566929134 92.91338582677166 Ce
1000.0 3385.8267716535433 494.48818897637796 92.91338582677166 monument,
1379.5275590551182 3385.8267716535433 228.3464566929134 92.91338582677166 de
1494.4881889763778 3385.8267716535433 607.8740157480315 92.91338582677166 construction
1949.6062992125985 3385.8267716535433 190.5511811023622 92.91338582677166 ro-

467.7165354330709 3481.8897637795276 387.40157480314963 119.68503937007874 maine,
740.1574803149606 3481.8897637795276 270.86614173228344 119.68503937007874 est
894.488188976378 3481.8897637795276 233.0708661417323 119.68503937007874 un
1011.0236220472441 3481.8897637795276 348.0314960629921 119.68503937007874 reste
1242.5196850393702 3481.8897637795276 233.0708661417323 119.68503937007874 de
1359.0551181102362 3481.8897637795276 464.56692913385825 119.68503937007874 l’ancien
1707.0866141732283 3481.8897637795276 387.40157480314963 119.68503937007874 palais
1940.1574803149606 3481.8897637795276 193.70078740157481 119.68503937007874 des
