2551.181102362205 4266.141732283465
1059.8425196850394 308.66141732283467 285.03937007874015 148.03149606299212 (
1116.5354330708662 308.66141732283467 285.03937007874015 148.03149606299212 10)

489.76377952755905 440.9448818897638 459.84251968503935 135.43307086614172 Thermes,
834.6456692913385 440.9448818897638 267.7165354330709 135.43307086614172 que
987.4015748031496 440.9448818897638 307.0866141732283 135.43307086614172 l’on
1179.5275590551182 440.9448818897638 344.88188976377955 135.43307086614172 croit
1409.4488188976377 440.9448818897638 307.0866141732283 135.43307086614172 bâti
1601.5748031496064 440.9448818897638 267.7165354330709 135.43307086614172 par
1716.5354330708662 440.9448818897638 459.84251968503935 135.43307086614172 l’empereur

491.33858267716533 577.9527559055118 354.3307086614173 122.83464566929133 Julien
740.1574803149606 577.9527559055118 283.46456692913387 122.83464566929133 vers
918.1102362204724 577.9527559055118 283.46456692913387 122.83464566929133 l’an
1059.8425196850394 577.9527559055118 212.5984251968504 122.83464566929133 358.

576.3779527559055 669.2913385826772 234.64566929133858 124.40944881889764 La
694.488188976378 669.2913385826772 272.4409448818898 124.40944881889764 vue
850.3937007874016 669.2913385826772 272.4409448818898 124.40944881889764 est
1006.2992125984252 669.2913385826772 467.7165354330709 124.40944881889764 supposée
1355.9055118110236 669.2913385826772 351.18110236220474 124.40944881889764 prise
1590.5511811023623 669.2913385826772 311.81102362204723 124.40944881889764 dans
1785.8267716535433 669.2913385826772 234.64566929133858 124.40944881889764 un
1862.992125984252 669.2913385826772 311.81102362204723 124.40944881889764 siècle

496.06299212598424 790.5511811023622 475.59055118110234 124.40944881889764 antérieur
861.4173228346457 790.5511811023622 182.6771653543307 124.40944881889764 à
933.8582677165355 790.5511811023622 329.13385826771656 124.40944881889764 celui
1154.3307086614172 790.5511811023622 256.6929133858268 124.40944881889764 ci,
1300.7874015748032 790.5511811023622 218.89763779527559 124.40944881889764 ce
1409.4488188976377 790.5511811023622 256.6929133858268 124.40944881889764 qui
1555.9055118110236 790.5511811023622 182.6771653543307 124.40944881889764 a
1629.9212598425197 790.5511811023622 365.3543307086614 124.40944881889764 motivé
1885.0393700787401 790.5511811023622 218.89763779527559 124.40944881889764 la
1959.0551181102362 790.5511811023622 218.89763779527559 124.40944881889764 res-

491.33858267716533 913.3858267716536 486.61417322834643 122.83464566929133 tauration
866.1417322834645 913.3858267716536 486.61417322834643 122.83464566929133 partielle
1240.9448818897638 913.3858267716536 225.1968503937008 122.83464566929133 de
1352.755905511811 913.3858267716536 225.1968503937008 122.83464566929133 ce
1464.5669291338584 913.3858267716536 337.00787401574803 122.83464566929133 lieu.
1689.763779527559 913.3858267716536 225.1968503937008 122.83464566929133 On
1801.5748031496064 913.3858267716536 187.4015748031496 122.83464566929133 y
1877.1653543307086 913.3858267716536 299.21259842519686 122.83464566929133 voit
2026.7716535433071 913.3858267716536 149.60629921259843 122.83464566929133 la

494.48818897637796 1017.3228346456693 355.90551181102364 132.28346456692913 statue
744.8818897637796 1017.3228346456693 214.17322834645668 132.28346456692913 de
851.9685039370079 1017.3228346456693 748.0314960629921 132.28346456692913 l’empereurJulien,
1492.9133858267717 1017.3228346456693 214.17322834645668 132.28346456692913 et
1600.0 1017.3228346456693 248.8188976377953 132.28346456692913 une
1741.732283464567 1017.3228346456693 355.90551181102364 132.28346456692913 grande
1955.9055118110236 1017.3228346456693 214.17322834645668 132.28346456692913 bai-

491.33858267716533 1133.8582677165355 382.6771653543307 110.23622047244095 gnoire
759.0551181102362 1133.8582677165355 229.92125984251967 110.23622047244095 en
874.0157480314961 1133.8582677165355 459.84251968503935 110.23622047244095 porphyre
1218.8976377952756 1133.8582677165355 229.92125984251967 110.23622047244095 un
1333.8582677165355 1133.8582677165355 267.7165354330709 110.23622047244095 peu
1486.6141732283465 1133.8582677165355 459.84251968503935 110.23622047244095 mutilée.
1831.4960629921259 1133.8582677165355 192.1259842519685 110.23622047244095 A
1869.291338582677 1133.8582677165355 307.0866141732283 110.23622047244095 gauche

491.33858267716533 1244.0944881889764 229.92125984251967 124.40944881889764 on
606.2992125984252 1244.0944881889764 459.84251968503935 124.40944881889764 aperçoit
951.1811023622047 1244.0944881889764 307.0866141732283 124.40944881889764 deux
1141.732283464567 1244.0944881889764 422.0472440944882 124.40944881889764 hommes,
1448.8188976377953 1244.0944881889764 307.0866141732283 124.40944881889764 dont
1639.3700787401574 1244.0944881889764 229.92125984251967 124.40944881889764 un
1754.3307086614172 1244.0944881889764 267.7165354330709 124.40944881889764 est
1869.291338582677 1244.0944881889764 307.0866141732283 124.40944881889764 occupé

489.76377952755905 1340.1574803149606 200.0 108.66141732283465 à
568.503937007874 1340.1574803149606 478.74015748031496 108.66141732283465 dessiner
927.5590551181102 1340.1574803149606 239.37007874015748 108.66141732283465 ce
1007.8740157480315 1340.1574803149606 437.79527559055117 108.66141732283465 monument.

325.98425196850394 1636.2204724409448 307.0866141732283 118.11023622047244 11.
502.3622047244094 1636.2204724409448 527.5590551181102 118.11023622047244 Chapelle
897.6377952755905 1636.2204724409448 262.99212598425197 118.11023622047244 du
1029.9212598425197 1636.2204724409448 527.5590551181102 118.11023622047244 Calvaire
1425.1968503937007 1636.2204724409448 351.18110236220474 118.11023622047244 dans
1644.0944881889764 1636.2204724409448 527.5590551181102 118.11023622047244 l’église
1995.275590551181 1636.2204724409448 176.3779527559055 118.11023622047244 de

418.8976377952756 1730.708661417323 689.7637795275591 157.48031496062993 Saint-Roch,
970.0787401574803 1730.708661417323 229.92125984251967 157.48031496062993 à
1015.7480314960629 1730.708661417323 368.503937007874 157.48031496062993 Paris.

579.5275590551181 1984.251968503937 233.0708661417323 99.21259842519684 On
696.0629921259842 1984.251968503937 193.70078740157481 99.21259842519684 y
774.8031496062993 1984.251968503937 310.23622047244095 99.21259842519684 voit
968.503937007874 1984.251968503937 233.0708661417323 99.21259842519684 un
1085.0393700787401 1984.251968503937 387.40157480314963 99.21259842519684 Christ
1355.9055118110236 1984.251968503937 387.40157480314963 99.21259842519684 étendu
1626.7716535433071 1984.251968503937 270.86614173228344 99.21259842519684 sur
1782.6771653543308 1984.251968503937 270.86614173228344 99.21259842519684 une
1899.2125984251968 1984.251968503937 270.86614173228344 99.21259842519684 croix

491.33858267716533 2078.740157480315 393.7007874015748 121.25984251968504 plantée
777.9527559055118 2078.740157480315 286.61417322834643 121.25984251968504 dans
957.4803149606299 2078.740157480315 250.39370078740157 121.25984251968504 des
1099.2125984251968 2078.740157480315 429.9212598425197 121.25984251968504 rochers,
1422.0472440944882 2078.740157480315 214.17322834645668 121.25984251968504 et
1529.1338582677165 2078.740157480315 286.61417322834643 121.25984251968504 dont
1708.6614173228347 2078.740157480315 214.17322834645668 121.25984251968504 la
1815.748031496063 2078.740157480315 321.25984251968504 121.25984251968504 garde
1993.7007874015749 2078.740157480315 179.5275590551181 121.25984251968504 est

494.48818897637796 2198.4251968503936 409.4488188976378 96.06299212598425 confiée
793.7007874015748 2198.4251968503936 185.82677165354332 96.06299212598425 à
867.7165354330708 2198.4251968503936 261.4173228346457 96.06299212598425 des
1017.3228346456693 2198.4251968503936 447.244094488189 96.06299212598425 soldats.
1352.755905511811 2198.4251968503936 223.6220472440945 96.06299212598425 Un
1462.992125984252 2198.4251968503936 335.43307086614175 96.06299212598425 moine
1686.6141732283465 2198.4251968503936 335.43307086614175 96.06299212598425 s’est
1874.015748031496 2198.4251968503936 297.6377952755906 96.06299212598425 arrêté

492.9133858267717 2288.1889763779527 400.0 149.60629921259843 devant
771.6535433070866 2288.1889763779527 239.37007874015748 149.60629921259843 un
891.3385826771654 2288.1889763779527 439.37007874015745 149.60629921259843 tombeau
1211.023622047244 2288.1889763779527 319.68503937007875 149.60629921259843 pour
1411.023622047244 2288.1889763779527 559.0551181102362 149.60629921259843 contempler
1850.3937007874015 2288.1889763779527 239.37007874015748 149.60629921259843 le
1930.708661417323 2288.1889763779527 239.37007874015748 149.60629921259843 Sei-

491.33858267716533 2403.149606299213 344.88188976377955 129.13385826771653 gneur
721.2598425196851 2403.149606299213 420.4724409448819 129.13385826771653 mourant
1026.7716535433071 2403.149606299213 305.51181102362204 129.13385826771653 pour
1217.3228346456692 2403.149606299213 267.7165354330709 129.13385826771653 nos
1371.6535433070867 2403.149606299213 420.4724409448819 129.13385826771653 péchés.
1677.1653543307086 2403.149606299213 305.51181102362204 129.13385826771653 Sous
1869.291338582677 2403.149606299213 267.7165354330709 129.13385826771653 des
1982.6771653543308 2403.149606299213 192.1259842519685 129.13385826771653 ar-

491.33858267716533 2513.3858267716537 327.5590551181102 148.03149606299212 cades
710.2362204724409 2513.3858267716537 182.6771653543307 148.03149606299212 à
782.6771653543307 2513.3858267716537 365.3543307086614 148.03149606299212 droite
1037.7952755905512 2513.3858267716537 218.89763779527559 148.03149606299212 on
1148.0314960629921 2513.3858267716537 437.79527559055117 148.03149606299212 remarque
1475.5905511811025 2513.3858267716537 582.6771653543307 148.03149606299212 Jésus-Christ
1913.3858267716535 2513.3858267716537 255.11811023622047 148.03149606299212 porté

492.9133858267717 2628.3464566929133 286.61417322834643 130.70866141732284 dans
672.4409448818898 2628.3464566929133 215.748031496063 130.70866141732284 le
744.8818897637796 2628.3464566929133 393.7007874015748 130.70866141732284 sépulcre.

360.62992125984255 3059.8425196850394 335.43307086614175 124.40944881889764 BROC
571.6535433070866 3059.8425196850394 461.4173228346457 124.40944881889764 (Jean),
907.0866141732283 3059.8425196850394 251.96850393700788 124.40944881889764 né
1033.0708661417323 3059.8425196850394 209.4488188976378 124.40944881889764 à
1116.5354330708662 3059.8425196850394 629.9212598425197 124.40944881889764 Montigniac,
1577.9527559055118 3059.8425196850394 546.4566929133858 124.40944881889764 département

925.9842519685039 3149.6062992125985 242.51968503937007 127.55905511811024 de
1047.244094488189 3149.6062992125985 242.51968503937007 127.55905511811024 la
1127.5590551181103 3149.6062992125985 444.09448818897636 127.55905511811024 Dordogne.

330.70866141732284 3368.503937007874 316.53543307086613 148.03149606299212 12.
511.81102362204723 3368.503937007874 270.86614173228344 148.03149606299212 La
647.2440944881889 3368.503937007874 631.496062992126 148.03149606299212 magicienne
1143.3070866141732 3368.503937007874 587.4015748031496 148.03149606299212 consultée
1595.275590551181 3368.503937007874 316.53543307086613 148.03149606299212 par
1776.3779527559054 3368.503937007874 270.86614173228344 148.03149606299212 de
1866.1417322834645 3368.503937007874 270.86614173228344 148.03149606299212 jeu-

429.9212598425197 3497.6377952755906 272.4409448818898 146.45669291338584 nes
585.8267716535433 3497.6377952755906 428.34645669291336 146.45669291338584 filles.
897.6377952755905 3497.6377952755906 349.6062992125984 146.45669291338584 Sujet
1091.3385826771653 3497.6377952755906 311.81102362204723 146.45669291338584 idéal.
