1620 2709
673 196 181 94 (
709 196 181 94 10)

311 280 292 86 Thermes,
530 280 170 86 que
627 280 195 86 l’on
749 280 219 86 croit
895 280 195 86 bâti
1017 280 170 86 par
1090 280 292 86 l’empereur

312 367 225 78 Julien
470 367 180 78 vers
583 367 180 78 l’an
673 367 135 78 358.

366 425 149 79 La
441 425 173 79 vue
540 425 173 79 est
639 425 297 79 supposée
861 425 223 79 prise
1010 425 198 79 dans
1134 425 149 79 un
1183 425 198 79 siècle

315 502 302 79 antérieur
547 502 116 79 à
593 502 209 79 celui
733 502 163 79 ci,
826 502 139 79 ce
895 502 163 79 qui
988 502 116 79 a
1035 502 232 79 motivé
1197 502 139 79 la
1244 502 139 79 res-

312 580 309 78 tauration
550 580 309 78 partielle
788 580 143 78 de
859 580 143 78 ce
930 580 214 78 lieu.
1073 580 143 78 On
1144 580 119 78 y
1192 580 190 78 voit
1287 580 95 78 la

314 646 226 84 statue
473 646 136 84 de
541 646 475 84 l’empereurJulien,
948 646 136 84 et
1016 646 158 84 une
1106 646 226 84 grande
1242 646 136 84 bai-

312 720 243 70 gnoire
482 720 146 70 en
555 720 292 70 porphyre
774 720 146 70 un
847 720 170 70 peu
944 720 292 70 mutilée.
1163 720 122 70 A
1187 720 195 70 gauche

312 790 146 79 on
385 790 292 79 aperçoit
604 790 195 79 deux
725 790 268 79 hommes,
920 790 195 79 dont
1041 790 146 79 un
1114 790 170 79 est
1187 790 195 79 occupé

311 851 127 69 à
361 851 304 69 dessiner
589 851 152 69 ce
640 851 278 69 monument.

207 1039 195 75 11.
319 1039 335 75 Chapelle
570 1039 167 75 du
654 1039 335 75 Calvaire
905 1039 223 75 dans
1044 1039 335 75 l’église
1267 1039 112 75 de

266 1099 438 100 Saint-Roch,
616 1099 146 100 à
645 1099 234 100 Paris.

368 1260 148 63 On
442 1260 123 63 y
492 1260 197 63 voit
615 1260 148 63 un
689 1260 246 63 Christ
861 1260 246 63 étendu
1033 1260 172 63 sur
1132 1260 172 63 une
1206 1260 172 63 croix

312 1320 250 77 plantée
494 1320 182 77 dans
608 1320 159 77 des
698 1320 273 77 rochers,
903 1320 136 77 et
971 1320 182 77 dont
1085 1320 136 77 la
1153 1320 204 77 garde
1266 1320 114 77 est

314 1396 260 61 confiée
504 1396 118 61 à
551 1396 166 61 des
646 1396 284 61 soldats.
859 1396 142 61 Un
929 1396 213 61 moine
1071 1396 213 61 s’est
1190 1396 189 61 arrêté

313 1453 254 95 devant
490 1453 152 95 un
566 1453 279 95 tombeau
769 1453 203 95 pour
896 1453 355 95 contempler
1175 1453 152 95 le
1226 1453 152 95 Sei-

312 1526 219 82 gneur
458 1526 267 82 mourant
652 1526 194 82 pour
773 1526 170 82 nos
871 1526 267 82 péchés.
1065 1526 194 82 Sous
1187 1526 170 82 des
1259 1526 122 82 ar-

312 1596 208 94 cades
451 1596 116 94 à
497 1596 232 94 droite
659 1596 139 94 on
729 1596 278 94 remarque
937 1596 370 94 Jésus-Christ
1215 1596 162 94 porté

313 1669 182 83 dans
427 1669 137 83 le
473 1669 250 83 sépulcre.

229 1943 213 79 BROC
363 1943 293 79 (Jean),
576 1943 160 79 né
656 1943 133 79 à
709 1943 400 79 Montigniac,
1002 1943 347 79 département

588 2000 154 81 de
665 2000 154 81 la
716 2000 282 81 Dordogne.

210 2139 201 94 12.
325 2139 172 94 La
411 2139 401 94 magicienne
726 2139 373 94 consultée
1013 2139 201 94 par
1128 2139 172 94 de
1185 2139 172 94 jeu-

273 2221 173 93 nes
372 2221 272 93 filles.
570 2221 222 93 Sujet
693 2221 198 93 idéal.
