1614 2706
227 343 295 72 CALLET,
442 343 268 72 membre
630 343 161 72 de
710 343 161 72 la
791 343 349 72 ci-devant
1033 343 268 72 Académie

612 416 144 74 de
660 416 263 74 Peinture.

187 566 198 93 13.
300 566 198 93 Les
385 566 368 93 Saturnales.

349 712 130 81 On
414 712 261 81 appeloit
610 712 196 81 ainsi
740 712 152 81 les
827 712 196 81 fêtes
958 712 196 81 qu’on
1088 712 283 81 célébroit
1284 712 65 81 à

290 775 206 85 Rome
419 775 206 85 dans
548 775 155 85 le
625 775 206 85 mois
754 775 155 85 de
832 775 335 85 décembre,
1089 775 155 85 en
1141 775 206 85 l’hon-

291 847 188 65 neur
409 847 141 65 du
480 847 188 65 dieu
597 847 282 65 Saturne.
809 847 259 65 Pendant
997 847 165 65 ces
1091 847 235 65 fêtes,
1232 847 118 65 les

292 919 345 76 distinctions
573 919 129 76 de
637 919 172 76 rang
745 919 302 76 cessoient;
982 919 151 76 les
1068 919 237 76 maîtres
1219 919 129 76 ser-

290 990 252 66 voient
466 990 328 66 eux-mêmes
719 990 227 66 leurs
870 990 328 66 esclaves,
1123 990 177 66 qui
1199 990 151 66 pou-

289 1049 246 75 voient
462 1049 345 75 impunément
733 1049 197 75 leur
856 1049 197 75 dire
979 1049 197 75 tout
1103 1049 148 75 ce
1152 1049 197 75 qu’ils

290 1128 330 69 pensoient,
549 1128 141 69 et
620 1128 141 69 se
691 1128 235 69 moquer
856 1128 141 69 de
926 1128 212 69 leurs
1067 1128 283 69 défauts;
1256 1128 94 69 le

294 1212 220 54 sénat,
448 1212 132 54 le
514 1212 242 54 barreau
690 1212 132 54 et
756 1212 154 54 les
843 1212 242 54 écoles,
1019 1212 242 54 étoient
1195 1212 132 54 en
1239 1212 110 54 va-

292 1252 229 83 cance;
453 1252 138 83 on
521 1252 138 83 ne
590 1252 252 83 pouvoit
774 1252 161 83 pas
865 1252 206 83 faire
1003 1252 206 83 punir
1141 1252 161 83 les
1209 1252 138 83 cri-

296 1340 263 59 minels,
488 1340 144 59 ni
560 1340 263 59 traiter
751 1340 287 59 d’aucune
967 1340 287 59 affaire;
1158 1340 192 59 aucune

294 1395 360 70 profession,
582 1395 216 70 aucun
726 1395 168 70 art
822 1395 144 70 ne
895 1395 264 70 pouvoit
1063 1395 288 70 s’exercer,

296 1467 239 76 excepté
470 1467 196 76 celui
601 1467 131 76 de
666 1467 131 76 la
710 1467 218 76 cuisine.

352 1530 290 73 L’artiste
574 1530 111 73 a
619 1530 312 73 représenté
864 1530 156 73 ces
953 1530 200 73 fêtes
1087 1530 156 73 par
1176 1530 134 73 un
1220 1530 134 73 ban-

300 1599 176 68 quet
410 1599 132 68 où
476 1599 176 68 l’on
585 1599 176 68 voit
695 1599 154 68 des
783 1599 263 68 esclaves
981 1599 220 68 servis
1134 1599 154 68 par
1200 1599 154 68 leurs

298 1662 301 81 maîtres.
524 1662 151 81 Un
599 1662 151 81 de
674 1662 176 81 ces
775 1662 301 81 derniers
1001 1662 226 81 verse
1151 1662 125 81 à
1176 1662 176 81 boire

302 1725 119 80 à
350 1725 167 80 une
445 1725 215 80 jeune
588 1725 238 80 fille,
755 1725 238 80 tandis
922 1725 167 80 que
1017 1725 286 80 d’autres
1208 1725 143 80 con-

299 1811 215 59 vives
443 1811 287 59 auxquels
658 1811 144 59 le
730 1811 168 59 vin
826 1811 120 59 a
873 1811 191 59 fait
993 1811 239 59 perdre
1161 1811 144 59 la
1208 1811 144 59 rai-

302 1886 163 66 son
395 1886 187 66 sont
512 1886 257 66 couchés
698 1886 187 66 près
815 1886 163 66 des
908 1886 257 66 tables.
1095 1886 140 66 Au
1164 1886 187 66 fond
1258 1886 93 66 on

300 1956 472 64 aperçoitplusieurs
704 1956 292 64 personnes
928 1956 135 64 de
973 1956 382 64 différentssexes

300 2012 263 85 dansant
491 2012 239 85 autour
659 2012 143 85 de
730 2012 143 85 la
802 2012 239 85 statue
969 2012 143 85 de
1041 2012 287 85 Saturne,
1232 2012 120 85 de-

301 2090 179 64 vant
413 2090 157 64 son
502 2090 224 64 temple
659 2090 179 64 orné
771 2090 134 64 de
838 2090 336 64 guirlandes.
1107 2090 179 64 Près
1196 2090 157 64 d’eux

301 2155 210 74 passe
441 2155 140 74 un
511 2155 187 74 bœuf
628 2155 164 74 qui
722 2155 234 74 paroît
885 2155 257 74 destiné
1072 2155 117 74 à
1119 2155 140 74 un
1166 2155 187 74 sacri

280 2224 150 66 fice.
