2541.732283464567 4261.417322834645
357.4803149606299 540.1574803149606 464.56692913385825 113.38582677165354 CALLET,
696.0629921259842 540.1574803149606 422.0472440944882 113.38582677165354 membre
992.1259842519685 540.1574803149606 253.54330708661416 113.38582677165354 de
1118.1102362204724 540.1574803149606 253.54330708661416 113.38582677165354 la
1245.6692913385828 540.1574803149606 549.6062992125984 113.38582677165354 ci-devant
1626.7716535433071 540.1574803149606 422.0472440944882 113.38582677165354 Académie

963.7795275590552 655.1181102362204 226.77165354330708 116.53543307086615 de
1039.3700787401574 655.1181102362204 414.1732283464567 116.53543307086615 Peinture.

294.48818897637796 891.3385826771654 311.81102362204723 146.45669291338584 13.
472.4409448818898 891.3385826771654 311.81102362204723 146.45669291338584 Les
606.2992125984252 891.3385826771654 579.5275590551181 146.45669291338584 Saturnales.

549.6062992125984 1121.259842519685 204.7244094488189 127.55905511811024 On
651.9685039370079 1121.259842519685 411.0236220472441 127.55905511811024 appeloit
960.6299212598425 1121.259842519685 308.66141732283467 127.55905511811024 ainsi
1165.3543307086613 1121.259842519685 239.37007874015748 127.55905511811024 les
1302.3622047244094 1121.259842519685 308.66141732283467 127.55905511811024 fêtes
1508.6614173228347 1121.259842519685 308.66141732283467 127.55905511811024 qu’on
1713.3858267716535 1121.259842519685 445.6692913385827 127.55905511811024 célébroit
2022.0472440944882 1121.259842519685 102.36220472440945 127.55905511811024 à

456.6929133858268 1220.4724409448818 324.40944881889766 133.85826771653544 Rome
659.8425196850394 1220.4724409448818 324.40944881889766 133.85826771653544 dans
862.992125984252 1220.4724409448818 244.09448818897638 133.85826771653544 le
984.2519685039371 1220.4724409448818 324.40944881889766 133.85826771653544 mois
1187.4015748031495 1220.4724409448818 244.09448818897638 133.85826771653544 de
1310.236220472441 1220.4724409448818 527.5590551181102 133.85826771653544 décembre,
1714.9606299212599 1220.4724409448818 244.09448818897638 133.85826771653544 en
1796.8503937007874 1220.4724409448818 324.40944881889766 133.85826771653544 l’hon-

458.26771653543307 1333.8582677165355 296.06299212598424 102.36220472440945 neur
644.0944881889764 1333.8582677165355 222.04724409448818 102.36220472440945 du
755.9055118110236 1333.8582677165355 296.06299212598424 102.36220472440945 dieu
940.1574803149606 1333.8582677165355 444.09448818897636 102.36220472440945 Saturne.
1274.015748031496 1333.8582677165355 407.87401574803147 102.36220472440945 Pendant
1570.0787401574803 1333.8582677165355 259.84251968503935 102.36220472440945 ces
1718.1102362204724 1333.8582677165355 370.0787401574803 102.36220472440945 fêtes,
1940.1574803149606 1333.8582677165355 185.82677165354332 102.36220472440945 les

459.84251968503935 1447.244094488189 543.3070866141733 119.68503937007874 distinctions
902.3622047244095 1447.244094488189 203.1496062992126 119.68503937007874 de
1003.1496062992126 1447.244094488189 270.86614173228344 119.68503937007874 rang
1173.2283464566929 1447.244094488189 475.59055118110234 119.68503937007874 cessoient;
1546.4566929133857 1447.244094488189 237.79527559055117 119.68503937007874 les
1681.8897637795276 1447.244094488189 373.2283464566929 119.68503937007874 maîtres
1919.6850393700788 1447.244094488189 203.1496062992126 119.68503937007874 ser-

456.6929133858268 1559.0551181102362 396.8503937007874 103.93700787401575 voient
733.8582677165355 1559.0551181102362 516.5354330708661 103.93700787401575 eux-mêmes
1132.283464566929 1559.0551181102362 357.4803149606299 103.93700787401575 leurs
1370.0787401574803 1559.0551181102362 516.5354330708661 103.93700787401575 esclaves,
1768.5039370078741 1559.0551181102362 278.74015748031496 103.93700787401575 qui
1888.1889763779527 1559.0551181102362 237.79527559055117 103.93700787401575 pou-

455.11811023622045 1651.9685039370079 387.40157480314963 118.11023622047244 voient
727.5590551181102 1651.9685039370079 543.3070866141733 118.11023622047244 impunément
1154.3307086614172 1651.9685039370079 310.23622047244095 118.11023622047244 leur
1348.0314960629921 1651.9685039370079 310.23622047244095 118.11023622047244 dire
1541.732283464567 1651.9685039370079 310.23622047244095 118.11023622047244 tout
1737.007874015748 1651.9685039370079 233.0708661417323 118.11023622047244 ce
1814.1732283464567 1651.9685039370079 310.23622047244095 118.11023622047244 qu’ils

456.6929133858268 1776.3779527559054 519.6850393700787 108.66141732283465 pensoient,
864.5669291338583 1776.3779527559054 222.04724409448818 108.66141732283465 et
976.3779527559055 1776.3779527559054 222.04724409448818 108.66141732283465 se
1088.1889763779527 1776.3779527559054 370.0787401574803 108.66141732283465 moquer
1348.0314960629921 1776.3779527559054 222.04724409448818 108.66141732283465 de
1458.267716535433 1776.3779527559054 333.8582677165354 108.66141732283465 leurs
1680.3149606299212 1776.3779527559054 445.6692913385827 108.66141732283465 défauts;
1977.9527559055118 1776.3779527559054 148.03149606299212 108.66141732283465 le

462.99212598425197 1908.6614173228347 346.45669291338584 85.03937007874016 sénat,
705.511811023622 1908.6614173228347 207.8740157480315 85.03937007874016 le
809.4488188976378 1908.6614173228347 381.1023622047244 85.03937007874016 barreau
1086.6141732283465 1908.6614173228347 207.8740157480315 85.03937007874016 et
1190.5511811023623 1908.6614173228347 242.51968503937007 85.03937007874016 les
1327.5590551181103 1908.6614173228347 381.1023622047244 85.03937007874016 écoles,
1604.724409448819 1908.6614173228347 381.1023622047244 85.03937007874016 étoient
1881.8897637795276 1908.6614173228347 207.8740157480315 85.03937007874016 en
1951.1811023622047 1908.6614173228347 173.22834645669292 85.03937007874016 va-

459.84251968503935 1971.6535433070867 360.62992125984255 130.70866141732284 cance;
713.3858267716536 1971.6535433070867 217.3228346456693 130.70866141732284 on
820.4724409448819 1971.6535433070867 217.3228346456693 130.70866141732284 ne
929.1338582677165 1971.6535433070867 396.8503937007874 130.70866141732284 pouvoit
1218.8976377952756 1971.6535433070867 253.54330708661416 130.70866141732284 pas
1362.2047244094488 1971.6535433070867 324.40944881889766 130.70866141732284 faire
1579.5275590551182 1971.6535433070867 324.40944881889766 130.70866141732284 punir
1796.8503937007874 1971.6535433070867 253.54330708661416 130.70866141732284 les
1903.9370078740158 1971.6535433070867 217.3228346456693 130.70866141732284 cri-

466.1417322834646 2110.236220472441 414.1732283464567 92.91338582677166 minels,
768.503937007874 2110.236220472441 226.77165354330708 92.91338582677166 ni
881.8897637795276 2110.236220472441 414.1732283464567 92.91338582677166 traiter
1182.6771653543308 2110.236220472441 451.9685039370079 92.91338582677166 d’aucune
1522.8346456692914 2110.236220472441 451.9685039370079 92.91338582677166 affaire;
1823.6220472440946 2110.236220472441 302.3622047244094 92.91338582677166 aucune

462.99212598425197 2196.850393700787 566.9291338582677 110.23622047244095 profession,
916.5354330708661 2196.850393700787 340.15748031496065 110.23622047244095 aucun
1143.3070866141732 2196.850393700787 264.56692913385825 110.23622047244095 art
1294.4881889763778 2196.850393700787 226.77165354330708 110.23622047244095 ne
1409.4488188976377 2196.850393700787 415.748031496063 110.23622047244095 pouvoit
1674.015748031496 2196.850393700787 453.54330708661416 110.23622047244095 s’exercer,

466.1417322834646 2310.236220472441 376.37795275590554 119.68503937007874 excepté
740.1574803149606 2310.236220472441 308.66141732283467 119.68503937007874 celui
946.4566929133858 2310.236220472441 206.29921259842519 119.68503937007874 de
1048.8188976377953 2310.236220472441 206.29921259842519 119.68503937007874 la
1118.1102362204724 2310.236220472441 343.3070866141732 119.68503937007874 cuisine.

554.3307086614174 2409.448818897638 456.6929133858268 114.96062992125984 L’artiste
903.9370078740158 2409.448818897638 174.8031496062992 114.96062992125984 a
974.8031496062993 2409.448818897638 491.33858267716533 114.96062992125984 représenté
1360.6299212598426 2409.448818897638 245.66929133858267 114.96062992125984 ces
1500.7874015748032 2409.448818897638 314.96062992125985 114.96062992125984 fêtes
1711.8110236220473 2409.448818897638 245.66929133858267 114.96062992125984 par
1851.9685039370079 2409.448818897638 211.0236220472441 114.96062992125984 un
1921.259842519685 2409.448818897638 211.0236220472441 114.96062992125984 ban-

472.4409448818898 2518.1102362204724 277.1653543307087 107.08661417322834 quet
645.6692913385826 2518.1102362204724 207.8740157480315 107.08661417322834 où
749.6062992125984 2518.1102362204724 277.1653543307087 107.08661417322834 l’on
921.2598425196851 2518.1102362204724 277.1653543307087 107.08661417322834 voit
1094.4881889763778 2518.1102362204724 242.51968503937007 107.08661417322834 des
1233.0708661417323 2518.1102362204724 414.1732283464567 107.08661417322834 esclaves
1544.8818897637796 2518.1102362204724 346.45669291338584 107.08661417322834 servis
1785.8267716535433 2518.1102362204724 242.51968503937007 107.08661417322834 par
1889.763779527559 2518.1102362204724 242.51968503937007 107.08661417322834 leurs

469.29133858267716 2617.3228346456694 474.01574803149606 127.55905511811024 maîtres.
825.1968503937007 2617.3228346456694 237.79527559055117 127.55905511811024 Un
943.3070866141733 2617.3228346456694 237.79527559055117 127.55905511811024 de
1061.4173228346456 2617.3228346456694 277.1653543307087 127.55905511811024 ces
1220.4724409448818 2617.3228346456694 474.01574803149606 127.55905511811024 derniers
1576.3779527559054 2617.3228346456694 355.90551181102364 127.55905511811024 verse
1812.5984251968505 2617.3228346456694 196.8503937007874 127.55905511811024 à
1851.9685039370079 2617.3228346456694 277.1653543307087 127.55905511811024 boire

475.59055118110234 2716.535433070866 187.4015748031496 125.98425196850394 à
551.1811023622047 2716.535433070866 262.99212598425197 125.98425196850394 une
700.7874015748032 2716.535433070866 338.5826771653543 125.98425196850394 jeune
925.9842519685039 2716.535433070866 374.8031496062992 125.98425196850394 fille,
1188.976377952756 2716.535433070866 374.8031496062992 125.98425196850394 tandis
1451.9685039370079 2716.535433070866 262.99212598425197 125.98425196850394 que
1601.5748031496064 2716.535433070866 450.3937007874016 125.98425196850394 d’autres
1902.3622047244094 2716.535433070866 225.1968503937008 125.98425196850394 con-

470.86614173228344 2851.968503937008 338.5826771653543 92.91338582677166 vives
697.6377952755905 2851.968503937008 451.9685039370079 92.91338582677166 auxquels
1036.2204724409448 2851.968503937008 226.77165354330708 92.91338582677166 le
1149.6062992125985 2851.968503937008 264.56692913385825 92.91338582677166 vin
1300.7874015748032 2851.968503937008 188.9763779527559 92.91338582677166 a
1374.8031496062993 2851.968503937008 300.78740157480314 92.91338582677166 fait
1563.7795275590552 2851.968503937008 376.37795275590554 92.91338582677166 perdre
1828.3464566929133 2851.968503937008 226.77165354330708 92.91338582677166 la
1902.3622047244094 2851.968503937008 226.77165354330708 92.91338582677166 rai-

475.59055118110234 2970.0787401574803 256.6929133858268 103.93700787401575 son
622.0472440944882 2970.0787401574803 294.48818897637796 103.93700787401575 sont
806.2992125984252 2970.0787401574803 404.7244094488189 103.93700787401575 couchés
1099.2125984251968 2970.0787401574803 294.48818897637796 103.93700787401575 près
1283.4645669291338 2970.0787401574803 256.6929133858268 103.93700787401575 des
1429.9212598425197 2970.0787401574803 404.7244094488189 103.93700787401575 tables.
1724.4094488188975 2970.0787401574803 220.4724409448819 103.93700787401575 Au
1833.0708661417323 2970.0787401574803 294.48818897637796 103.93700787401575 fond
1981.1023622047244 2970.0787401574803 146.45669291338584 103.93700787401575 on

472.4409448818898 3080.314960629921 743.3070866141733 100.78740157480316 aperçoitplusieurs
1108.6614173228347 3080.314960629921 459.84251968503935 100.78740157480316 personnes
1461.4173228346456 3080.314960629921 212.5984251968504 100.78740157480316 de
1532.283464566929 3080.314960629921 601.5748031496063 100.78740157480316 différentssexes

472.4409448818898 3168.503937007874 414.1732283464567 133.85826771653544 dansant
773.2283464566929 3168.503937007874 376.37795275590554 133.85826771653544 autour
1037.7952755905512 3168.503937007874 225.1968503937008 133.85826771653544 de
1149.6062992125985 3168.503937007874 225.1968503937008 133.85826771653544 la
1262.992125984252 3168.503937007874 376.37795275590554 133.85826771653544 statue
1525.984251968504 3168.503937007874 225.1968503937008 133.85826771653544 de
1639.3700787401574 3168.503937007874 451.9685039370079 133.85826771653544 Saturne,
1940.1574803149606 3168.503937007874 188.9763779527559 133.85826771653544 de-

474.01574803149606 3291.3385826771655 281.8897637795276 100.78740157480316 vant
650.3937007874016 3291.3385826771655 247.24409448818898 100.78740157480316 son
790.5511811023622 3291.3385826771655 352.755905511811 100.78740157480316 temple
1037.7952755905512 3291.3385826771655 281.8897637795276 100.78740157480316 orné
1214.1732283464567 3291.3385826771655 211.0236220472441 100.78740157480316 de
1319.6850393700788 3291.3385826771655 529.1338582677165 100.78740157480316 guirlandes.
1743.3070866141732 3291.3385826771655 281.8897637795276 100.78740157480316 Près
1883.4645669291338 3291.3385826771655 247.24409448818898 100.78740157480316 d’eux

474.01574803149606 3393.700787401575 330.70866141732284 116.53543307086615 passe
694.488188976378 3393.700787401575 220.4724409448819 116.53543307086615 un
804.7244094488188 3393.700787401575 294.48818897637796 116.53543307086615 bœuf
988.9763779527559 3393.700787401575 258.26771653543307 116.53543307086615 qui
1137.007874015748 3393.700787401575 368.503937007874 116.53543307086615 paroît
1393.7007874015749 3393.700787401575 404.7244094488189 116.53543307086615 destiné
1688.1889763779527 3393.700787401575 184.251968503937 116.53543307086615 à
1762.2047244094488 3393.700787401575 220.4724409448819 116.53543307086615 un
1836.2204724409448 3393.700787401575 294.48818897637796 116.53543307086615 sacri

440.9448818897638 3502.3622047244094 236.2204724409449 103.93700787401575 fice.
