1629 2718
704 187 183 112 (
741 187 183 112 12)

232 302 302 79 CHAUDET
451 302 549 79 (Denis-Antoine),
917 302 384 79 statuaire,
1192 302 219 79 membre

287 382 137 80 de
356 382 343 80 l’Institut,
630 382 297 80 chevalier
859 382 137 80 de
928 382 137 80 la
996 382 229 80 Légion
1134 382 275 80 d’Honneur,

289 460 129 60 né
354 460 108 60 à
397 460 216 60 Paris,
548 460 129 60 où
613 460 129 60 il
677 460 151 60 est
764 460 172 60 mort
872 460 172 60 dans
958 460 280 60 l’année....

236 556 205 95 14.
353 556 234 95 Enée
499 556 322 95 sauvant
734 556 205 95 son
851 556 234 95 père
998 556 176 95 et
1086 556 176 95 sa
1144 556 264 95 famille

298 646 161 95 de
379 646 375 95 l’incendie
673 646 161 95 de
727 646 214 95 Troie.

392 785 213 74 Énée,
534 785 190 74 fils
653 785 332 74 d’Anchise,
914 785 237 74 prince
1079 785 142 74 de
1150 785 142 74 la
1198 785 213 74 famille

341 860 146 64 de
414 860 243 64 Priam,
584 860 268 64 n’ayant
779 860 170 64 pu,
876 860 243 64 malgré
1046 860 146 64 sa
1119 860 268 64 valeur,
1289 860 122 64 em-

341 947 237 63 pêcher
507 947 166 63 les
602 947 213 63 Grecs
744 947 142 63 de
815 947 308 63 s’emparer
1052 947 142 63 de
1124 947 142 63 la
1195 947 213 63 ville
1313 947 95 63 de

340 1001 238 65 Troie,
507 1001 238 65 voulut
673 1001 143 65 au
745 1001 214 65 moins
888 1001 238 65 sauver
1054 1001 143 65 ce
1125 1001 214 65 qu’il
1244 1001 167 65 avoit

343 1075 139 67 de
412 1075 186 67 plus
529 1075 302 67 précieux.
761 1075 279 67 Instruit
970 1075 163 67 que
1063 1075 163 67 les
1133 1075 279 67 vainqueurs

341 1133 399 83 permettoient
665 1133 125 83 à
715 1133 200 83 tout
840 1133 225 83 homme
990 1133 225 83 libre
1115 1133 299 83 d’emporter

344 1208 261 79 quelque
534 1208 214 79 chose
677 1208 143 79 de
748 1208 166 79 ses
843 1208 238 79 biens,
1009 1208 190 79 Enée
1128 1208 261 79 emporta
1294 1208 119 79 ses

345 1275 204 75 dieux
481 1275 272 75 pénates.
686 1275 250 75 Touchés
867 1275 136 75 de
935 1275 204 75 cette
1072 1275 227 75 action
1208 1275 204 75 pieuse,

345 1341 169 69 les
442 1341 218 69 Grecs
587 1341 169 69 lui
683 1341 314 69 donnèrent
925 1341 169 69 une
1022 1341 266 69 seconde
1216 1341 193 69 fois
1312 1341 97 69 la

346 1422 208 69 même
476 1422 390 69 permission:
788 1422 234 69 alors
943 1422 156 69 ce
1021 1422 260 69 prince
1177 1422 234 69 emporta

345 1496 173 52 son
444 1496 198 52 père
568 1496 297 52 Anchise,
791 1496 173 52 qui
890 1496 148 52 ne
964 1496 272 52 pouvoit
1162 1496 272 52 marcher
1335 1496 74 52 à

346 1546 218 77 cause
491 1546 145 77 de
563 1546 169 77 son
660 1546 218 77 grand
805 1546 193 77 âge.
926 1546 193 77 Pour
1047 1546 363 77 récompenser
1313 1546 97 77 sa

348 1622 199 73 piété
481 1622 266 73 filiale,
680 1622 155 73 les
768 1622 199 73 Grecs
901 1622 155 73 lui
990 1622 332 73 accordèrent
1255 1622 133 73 la
1299 1622 111 73 li-

350 1694 195 57 berté
480 1694 130 57 de
546 1694 195 57 toute
676 1694 130 57 sa
741 1694 260 57 famille,
936 1694 130 57 et
1001 1694 130 57 le
1066 1694 304 57 laissèrent
1283 1694 130 57 mai-

350 1766 155 62 tre
438 1766 133 62 de
505 1766 265 62 disposer
703 1766 133 62 de
770 1766 177 62 tout
880 1766 133 62 ce
946 1766 155 62 qui
1035 1766 155 62 lui
1101 1766 309 62 appartenoit.

400 1817 320 81 L’artiste
646 1817 123 81 a
696 1817 246 81 choisi
868 1817 148 81 ce
942 1817 271 81 dernier
1138 1817 271 81 moment.
1311 1817 98 81 On

348 1907 197 67 voit
472 1907 222 67 Enée,
619 1907 246 67 l’épée
792 1907 123 67 à
841 1907 148 67 la
915 1907 222 67 main,
1063 1907 320 67 emportant
1285 1907 123 67 son

349 1965 198 79 père
473 1965 296 79 Anchise,
695 1965 173 79 qui
794 1965 222 79 tient
942 1965 173 79 ses
1041 1965 222 79 dieux
1164 1965 247 79 pénates.

349 2034 155 71 Il
427 2034 181 71 est
530 2034 362 71 accompagné
815 2034 155 71 de
893 2034 259 71 Créuse
1074 2034 155 71 sa
1151 2034 259 71 femme,
1307 2034 104 71 et

349 2092 293 87 d’Ascagne
575 2092 158 87 son
665 2092 203 87 jeune
777 2092 158 87 fils.

405 2160 143 96 Au
477 2160 191 96 fond
596 2160 143 96 on
668 2160 286 96 aperçoic
882 2160 143 96 la
954 2160 215 96 ville
1097 2160 143 96 de
1168 2160 215 96 Troie
1288 2160 119 96 dé-

348 2244 216 80 vorée
492 2244 168 80 par
588 2244 168 80 les
660 2244 240 80 flammes.
