2565.3543307086616 4280.314960629921
1108.6614173228347 294.48818897637796 288.18897637795277 176.3779527559055 (
1166.9291338582677 294.48818897637796 288.18897637795277 176.3779527559055 12)

365.3543307086614 475.59055118110234 475.59055118110234 124.40944881889764 CHAUDET
710.2362204724409 475.59055118110234 864.5669291338583 124.40944881889764 (Denis-Antoine),
1444.0944881889764 475.59055118110234 604.7244094488188 124.40944881889764 statuaire,
1877.1653543307086 475.59055118110234 344.88188976377955 124.40944881889764 membre

451.9685039370079 601.5748031496063 215.748031496063 125.98425196850394 de
560.6299212598425 601.5748031496063 540.1574803149606 125.98425196850394 l’Institut,
992.1259842519685 601.5748031496063 467.7165354330709 125.98425196850394 chevalier
1352.755905511811 601.5748031496063 215.748031496063 125.98425196850394 de
1461.4173228346456 601.5748031496063 215.748031496063 125.98425196850394 la
1568.5039370078741 601.5748031496063 360.62992125984255 125.98425196850394 Légion
1785.8267716535433 601.5748031496063 433.07086614173227 125.98425196850394 d’Honneur,

455.11811023622045 724.4094488188977 203.1496062992126 94.48818897637796 né
557.4803149606299 724.4094488188977 170.07874015748033 94.48818897637796 à
625.1968503937007 724.4094488188977 340.15748031496065 94.48818897637796 Paris,
862.992125984252 724.4094488188977 203.1496062992126 94.48818897637796 où
965.3543307086615 724.4094488188977 203.1496062992126 94.48818897637796 il
1066.1417322834645 724.4094488188977 237.79527559055117 94.48818897637796 est
1203.1496062992126 724.4094488188977 270.86614173228344 94.48818897637796 mort
1373.2283464566929 724.4094488188977 270.86614173228344 94.48818897637796 dans
1508.6614173228347 724.4094488188977 440.9448818897638 94.48818897637796 l’année....

371.65354330708664 875.5905511811023 322.8346456692913 149.60629921259843 14.
555.9055118110236 875.5905511811023 368.503937007874 149.60629921259843 Enée
785.8267716535433 875.5905511811023 507.0866141732283 149.60629921259843 sauvant
1155.9055118110236 875.5905511811023 322.8346456692913 149.60629921259843 son
1340.1574803149606 875.5905511811023 368.503937007874 149.60629921259843 père
1571.6535433070867 875.5905511811023 277.1653543307087 149.60629921259843 et
1710.236220472441 875.5905511811023 277.1653543307087 149.60629921259843 sa
1801.5748031496064 875.5905511811023 415.748031496063 149.60629921259843 famille

469.29133858267716 1017.3228346456693 253.54330708661416 149.60629921259843 de
596.8503937007874 1017.3228346456693 590.5511811023622 149.60629921259843 l’incendie
1059.8425196850394 1017.3228346456693 253.54330708661416 149.60629921259843 de
1144.8818897637796 1017.3228346456693 337.00787401574803 149.60629921259843 Troie.

617.3228346456693 1236.2204724409448 335.43307086614175 116.53543307086615 Énée,
840.9448818897638 1236.2204724409448 299.21259842519686 116.53543307086615 fils
1028.3464566929133 1236.2204724409448 522.8346456692914 116.53543307086615 d’Anchise,
1439.3700787401574 1236.2204724409448 373.2283464566929 116.53543307086615 prince
1699.2125984251968 1236.2204724409448 223.6220472440945 116.53543307086615 de
1811.023622047244 1236.2204724409448 223.6220472440945 116.53543307086615 la
1886.6141732283465 1236.2204724409448 335.43307086614175 116.53543307086615 famille

537.007874015748 1354.3307086614172 229.92125984251967 100.78740157480316 de
651.9685039370079 1354.3307086614172 382.6771653543307 100.78740157480316 Priam,
919.6850393700787 1354.3307086614172 422.0472440944882 100.78740157480316 n’ayant
1226.7716535433071 1354.3307086614172 267.7165354330709 100.78740157480316 pu,
1379.5275590551182 1354.3307086614172 382.6771653543307 100.78740157480316 malgré
1647.244094488189 1354.3307086614172 229.92125984251967 100.78740157480316 sa
1762.2047244094488 1354.3307086614172 422.0472440944882 100.78740157480316 valeur,
2029.9212598425197 1354.3307086614172 192.1259842519685 100.78740157480316 em-

537.007874015748 1491.3385826771653 373.2283464566929 99.21259842519684 pêcher
798.4251968503937 1491.3385826771653 261.4173228346457 99.21259842519684 les
948.0314960629921 1491.3385826771653 335.43307086614175 99.21259842519684 Grecs
1171.6535433070867 1491.3385826771653 223.6220472440945 99.21259842519684 de
1283.4645669291338 1491.3385826771653 485.03937007874015 99.21259842519684 s’emparer
1656.6929133858268 1491.3385826771653 223.6220472440945 99.21259842519684 de
1770.0787401574803 1491.3385826771653 223.6220472440945 99.21259842519684 la
1881.8897637795276 1491.3385826771653 335.43307086614175 99.21259842519684 ville
2067.716535433071 1491.3385826771653 149.60629921259843 99.21259842519684 de

535.4330708661417 1576.3779527559054 374.8031496062992 102.36220472440945 Troie,
798.4251968503937 1576.3779527559054 374.8031496062992 102.36220472440945 voulut
1059.8425196850394 1576.3779527559054 225.1968503937008 102.36220472440945 au
1173.2283464566929 1576.3779527559054 337.00787401574803 102.36220472440945 moins
1398.4251968503936 1576.3779527559054 374.8031496062992 102.36220472440945 sauver
1659.8425196850394 1576.3779527559054 225.1968503937008 102.36220472440945 ce
1771.6535433070867 1576.3779527559054 337.00787401574803 102.36220472440945 qu’il
1959.0551181102362 1576.3779527559054 262.99212598425197 102.36220472440945 avoit

540.1574803149606 1692.9133858267717 218.89763779527559 105.51181102362204 de
648.8188976377953 1692.9133858267717 292.9133858267717 105.51181102362204 plus
833.0708661417323 1692.9133858267717 475.59055118110234 105.51181102362204 précieux.
1198.4251968503936 1692.9133858267717 439.37007874015745 105.51181102362204 Instruit
1527.5590551181103 1692.9133858267717 256.6929133858268 105.51181102362204 que
1674.015748031496 1692.9133858267717 256.6929133858268 105.51181102362204 les
1784.251968503937 1692.9133858267717 439.37007874015745 105.51181102362204 vainqueurs

537.007874015748 1784.251968503937 628.3464566929134 130.70866141732284 permettoient
1047.244094488189 1784.251968503937 196.8503937007874 130.70866141732284 à
1125.984251968504 1784.251968503937 314.96062992125985 130.70866141732284 tout
1322.8346456692914 1784.251968503937 354.3307086614173 130.70866141732284 homme
1559.0551181102362 1784.251968503937 354.3307086614173 130.70866141732284 libre
1755.9055118110236 1784.251968503937 470.86614173228344 130.70866141732284 d’emporter

541.7322834645669 1902.3622047244094 411.0236220472441 124.40944881889764 quelque
840.9448818897638 1902.3622047244094 337.00787401574803 124.40944881889764 chose
1066.1417322834645 1902.3622047244094 225.1968503937008 124.40944881889764 de
1177.9527559055118 1902.3622047244094 261.4173228346457 124.40944881889764 ses
1327.5590551181103 1902.3622047244094 374.8031496062992 124.40944881889764 biens,
1588.976377952756 1902.3622047244094 299.21259842519686 124.40944881889764 Enée
1776.3779527559054 1902.3622047244094 411.0236220472441 124.40944881889764 emporta
2037.7952755905512 1902.3622047244094 187.4015748031496 124.40944881889764 ses

543.3070866141733 2007.8740157480315 321.25984251968504 118.11023622047244 dieux
757.4803149606299 2007.8740157480315 428.34645669291336 118.11023622047244 pénates.
1080.3149606299212 2007.8740157480315 393.7007874015748 118.11023622047244 Touchés
1365.3543307086613 2007.8740157480315 214.17322834645668 118.11023622047244 de
1472.4409448818897 2007.8740157480315 321.25984251968504 118.11023622047244 cette
1688.1889763779527 2007.8740157480315 357.4803149606299 118.11023622047244 action
1902.3622047244094 2007.8740157480315 321.25984251968504 118.11023622047244 pieuse,

543.3070866141733 2111.8110236220473 266.1417322834646 108.66141732283465 les
696.0629921259842 2111.8110236220473 343.3070866141732 108.66141732283465 Grecs
924.4094488188977 2111.8110236220473 266.1417322834646 108.66141732283465 lui
1075.5905511811025 2111.8110236220473 494.48818897637796 108.66141732283465 donnèrent
1456.6929133858268 2111.8110236220473 266.1417322834646 108.66141732283465 une
1609.4488188976377 2111.8110236220473 418.8976377952756 108.66141732283465 seconde
1914.9606299212599 2111.8110236220473 303.93700787401576 108.66141732283465 fois
2066.1417322834645 2111.8110236220473 152.75590551181102 108.66141732283465 la

544.8818897637796 2239.3700787401576 327.5590551181102 108.66141732283465 même
749.6062992125984 2239.3700787401576 614.1732283464567 108.66141732283465 permission:
1240.9448818897638 2239.3700787401576 368.503937007874 108.66141732283465 alors
1485.0393700787401 2239.3700787401576 245.66929133858267 108.66141732283465 ce
1607.8740157480315 2239.3700787401576 409.4488188976378 108.66141732283465 prince
1853.5433070866143 2239.3700787401576 368.503937007874 108.66141732283465 emporta

543.3070866141733 2355.9055118110236 272.4409448818898 81.88976377952756 son
699.2125984251968 2355.9055118110236 311.81102362204723 81.88976377952756 père
894.488188976378 2355.9055118110236 467.7165354330709 81.88976377952756 Anchise,
1245.6692913385828 2355.9055118110236 272.4409448818898 81.88976377952756 qui
1401.5748031496064 2355.9055118110236 233.0708661417323 81.88976377952756 ne
1518.1102362204724 2355.9055118110236 428.34645669291336 81.88976377952756 pouvoit
1829.9212598425197 2355.9055118110236 428.34645669291336 81.88976377952756 marcher
2102.3622047244094 2355.9055118110236 116.53543307086615 81.88976377952756 à

544.8818897637796 2434.6456692913384 343.3070866141732 121.25984251968504 cause
773.2283464566929 2434.6456692913384 228.3464566929134 121.25984251968504 de
886.6141732283464 2434.6456692913384 266.1417322834646 121.25984251968504 son
1039.3700787401574 2434.6456692913384 343.3070866141732 121.25984251968504 grand
1267.716535433071 2434.6456692913384 303.93700787401576 121.25984251968504 âge.
1458.267716535433 2434.6456692913384 303.93700787401576 121.25984251968504 Pour
1648.8188976377953 2434.6456692913384 571.6535433070866 121.25984251968504 récompenser
2067.716535433071 2434.6456692913384 152.75590551181102 121.25984251968504 sa

548.0314960629921 2554.3307086614172 313.38582677165357 114.96062992125984 piété
757.4803149606299 2554.3307086614172 418.8976377952756 114.96062992125984 filiale,
1070.8661417322835 2554.3307086614172 244.09448818897638 114.96062992125984 les
1209.4488188976377 2554.3307086614172 313.38582677165357 114.96062992125984 Grecs
1418.8976377952756 2554.3307086614172 244.09448818897638 114.96062992125984 lui
1559.0551181102362 2554.3307086614172 522.8346456692914 114.96062992125984 accordèrent
1976.3779527559054 2554.3307086614172 209.4488188976378 114.96062992125984 la
2045.6692913385828 2554.3307086614172 174.8031496062992 114.96062992125984 li-

551.1811023622047 2667.716535433071 307.0866141732283 89.76377952755905 berté
755.9055118110236 2667.716535433071 204.7244094488189 89.76377952755905 de
859.8425196850394 2667.716535433071 307.0866141732283 89.76377952755905 toute
1064.5669291338584 2667.716535433071 204.7244094488189 89.76377952755905 sa
1166.9291338582677 2667.716535433071 409.4488188976378 89.76377952755905 famille,
1474.015748031496 2667.716535433071 204.7244094488189 89.76377952755905 et
1576.3779527559054 2667.716535433071 204.7244094488189 89.76377952755905 le
1678.740157480315 2667.716535433071 478.74015748031496 89.76377952755905 laissèrent
2020.4724409448818 2667.716535433071 204.7244094488189 89.76377952755905 mai-

551.1811023622047 2781.1023622047246 244.09448818897638 97.63779527559055 tre
689.7637795275591 2781.1023622047246 209.4488188976378 97.63779527559055 de
795.2755905511812 2781.1023622047246 417.3228346456693 97.63779527559055 disposer
1107.0866141732283 2781.1023622047246 209.4488188976378 97.63779527559055 de
1212.5984251968505 2781.1023622047246 278.74015748031496 97.63779527559055 tout
1385.8267716535433 2781.1023622047246 209.4488188976378 97.63779527559055 ce
1489.763779527559 2781.1023622047246 244.09448818897638 97.63779527559055 qui
1629.9212598425197 2781.1023622047246 244.09448818897638 97.63779527559055 lui
1733.8582677165355 2781.1023622047246 486.61417322834643 97.63779527559055 appartenoit.

629.9212598425197 2861.417322834646 503.93700787401576 127.55905511811024 L’artiste
1017.3228346456693 2861.417322834646 193.70078740157481 127.55905511811024 a
1096.0629921259842 2861.417322834646 387.40157480314963 127.55905511811024 choisi
1366.9291338582677 2861.417322834646 233.0708661417323 127.55905511811024 ce
1483.4645669291338 2861.417322834646 426.7716535433071 127.55905511811024 dernier
1792.1259842519685 2861.417322834646 426.7716535433071 127.55905511811024 moment.
2064.566929133858 2861.417322834646 154.33070866141733 127.55905511811024 On

548.0314960629921 3003.149606299213 310.23622047244095 105.51181102362204 voit
743.3070866141733 3003.149606299213 349.6062992125984 105.51181102362204 Enée,
974.8031496062993 3003.149606299213 387.40157480314963 105.51181102362204 l’épée
1247.244094488189 3003.149606299213 193.70078740157481 105.51181102362204 à
1324.4094488188975 3003.149606299213 233.0708661417323 105.51181102362204 la
1440.9448818897638 3003.149606299213 349.6062992125984 105.51181102362204 main,
1674.015748031496 3003.149606299213 503.93700787401576 105.51181102362204 emportant
2023.6220472440946 3003.149606299213 193.70078740157481 105.51181102362204 son

549.6062992125984 3094.488188976378 311.81102362204723 124.40944881889764 père
744.8818897637796 3094.488188976378 466.1417322834646 124.40944881889764 Anchise,
1094.4881889763778 3094.488188976378 272.4409448818898 124.40944881889764 qui
1250.3937007874015 3094.488188976378 349.6062992125984 124.40944881889764 tient
1483.4645669291338 3094.488188976378 272.4409448818898 124.40944881889764 ses
1639.3700787401574 3094.488188976378 349.6062992125984 124.40944881889764 dieux
1833.0708661417323 3094.488188976378 388.9763779527559 124.40944881889764 pénates.

549.6062992125984 3203.149606299213 244.09448818897638 111.81102362204724 Il
672.4409448818898 3203.149606299213 285.03937007874015 111.81102362204724 est
834.6456692913385 3203.149606299213 570.0787401574803 111.81102362204724 accompagné
1283.4645669291338 3203.149606299213 244.09448818897638 111.81102362204724 de
1406.2992125984251 3203.149606299213 407.87401574803147 111.81102362204724 Créuse
1691.3385826771653 3203.149606299213 244.09448818897638 111.81102362204724 sa
1812.5984251968505 3203.149606299213 407.87401574803147 111.81102362204724 femme,
2058.267716535433 3203.149606299213 163.7795275590551 111.81102362204724 et

549.6062992125984 3294.488188976378 461.4173228346457 137.00787401574803 d’Ascagne
905.511811023622 3294.488188976378 248.8188976377953 137.00787401574803 son
1047.244094488189 3294.488188976378 319.68503937007875 137.00787401574803 jeune
1223.6220472440946 3294.488188976378 248.8188976377953 137.00787401574803 fils.

637.7952755905512 3401.5748031496064 225.1968503937008 151.1811023622047 Au
751.1811023622047 3401.5748031496064 300.78740157480314 151.1811023622047 fond
938.5826771653543 3401.5748031496064 225.1968503937008 151.1811023622047 on
1051.9685039370079 3401.5748031496064 450.3937007874016 151.1811023622047 aperçoic
1388.976377952756 3401.5748031496064 225.1968503937008 151.1811023622047 la
1502.3622047244094 3401.5748031496064 338.5826771653543 151.1811023622047 ville
1727.5590551181103 3401.5748031496064 225.1968503937008 151.1811023622047 de
1839.3700787401574 3401.5748031496064 338.5826771653543 151.1811023622047 Troie
2028.3464566929133 3401.5748031496064 187.4015748031496 151.1811023622047 dé-

548.0314960629921 3533.8582677165355 340.15748031496065 125.98425196850394 vorée
774.8031496062993 3533.8582677165355 264.56692913385825 125.98425196850394 par
925.9842519685039 3533.8582677165355 264.56692913385825 125.98425196850394 les
1039.3700787401574 3533.8582677165355 377.9527559055118 125.98425196850394 flammes.
