2489.763779527559 4247.244094488189
982.6771653543307 335.43307086614175 240.9448818897638 195.2755905511811 (
1080.3149606299212 335.43307086614175 289.76377952755905 195.2755905511811 13
1176.3779527559054 335.43307086614175 144.88188976377953 195.2755905511811 )

568.503937007874 552.7559055118111 357.4803149606299 195.2755905511811 CHÉRY
806.2992125984252 552.7559055118111 596.8503937007874 195.2755905511811 (Philippe),
1283.4645669291338 552.7559055118111 237.79527559055117 195.2755905511811 né
1403.1496062992126 552.7559055118111 198.4251968503937 195.2755905511811 à
1442.5196850393702 552.7559055118111 318.1102362204724 195.2755905511811 Paris.

244.09448818897638 751.1811023622047 359.0551181102362 138.58267716535434 15.
450.3937007874016 751.1811023622047 461.4173228346457 138.58267716535434 David
757.4803149606299 751.1811023622047 513.3858267716536 138.58267716535434 jouant
1116.5354330708662 751.1811023622047 307.0866141732283 138.58267716535434 de
1270.8661417322835 751.1811023622047 307.0866141732283 138.58267716535434 la
1425.1968503937007 751.1811023622047 461.4173228346457 138.58267716535434 harpe
1680.3149606299212 751.1811023622047 411.0236220472441 138.58267716535434 devant

292.9133858267717 881.8897637795276 329.13385826771656 146.45669291338584 Saul.

511.81102362204723 1062.992125984252 322.8346456692913 113.38582677165354 Saul,
727.5590551181102 1062.992125984252 395.2755905511811 113.38582677165354 premier
1015.7480314960629 1062.992125984252 251.96850393700788 113.38582677165354 roi
1159.0551181102362 1062.992125984252 467.7165354330709 113.38582677165354 d’Israël,
1518.1102362204724 1062.992125984252 322.8346456692913 113.38582677165354 ayant
1733.8582677165355 1062.992125984252 395.2755905511811 113.38582677165354 désobéi
1985.8267716535433 1062.992125984252 107.08661417322834 113.38582677165354 à

420.4724409448819 1184.251968503937 343.3070866141732 105.51181102362204 Dieu,
648.8188976377953 1184.251968503937 266.1417322834646 105.51181102362204 fut
801.5748031496063 1184.251968503937 381.1023622047244 105.51181102362204 obligé
1067.716535433071 1184.251968503937 228.3464566929134 105.51181102362204 de
1182.6771653543308 1184.251968503937 456.6929133858268 105.51181102362204 renoncer
1524.4094488188975 1184.251968503937 190.5511811023622 105.51181102362204 à
1601.5748031496064 1184.251968503937 228.3464566929134 105.51181102362204 la
1677.1653543307086 1184.251968503937 418.8976377952756 105.51181102362204 couronne,

423.62204724409446 1292.9133858267717 248.8188976377953 110.23622047244095 qui
566.9291338582677 1292.9133858267717 248.8188976377953 110.23622047244095 fut
708.6614173228346 1292.9133858267717 355.90551181102364 110.23622047244095 donnée
959.0551181102362 1292.9133858267717 177.95275590551182 110.23622047244095 à
1029.9212598425197 1292.9133858267717 355.90551181102364 110.23622047244095 David,
1278.740157480315 1292.9133858267717 355.90551181102364 110.23622047244095 simple
1527.5590551181103 1292.9133858267717 392.12598425196853 110.23622047244095 berger,
1812.5984251968505 1292.9133858267717 214.17322834645668 110.23622047244095 le
1883.4645669291338 1292.9133858267717 214.17322834645668 110.23622047244095 plus

417.3228346456693 1377.9527559055118 329.13385826771656 127.55905511811024 jeune
636.2204724409448 1377.9527559055118 255.11811023622047 127.55905511811024 des
782.6771653543307 1377.9527559055118 292.9133858267717 127.55905511811024 fils
965.3543307086615 1377.9527559055118 437.79527559055117 127.55905511811024 d’Isaïe,
1294.4881889763778 1377.9527559055118 218.89763779527559 127.55905511811024 et
1403.1496062992126 1377.9527559055118 292.9133858267717 127.55905511811024 qui,
1585.8267716535433 1377.9527559055118 401.5748031496063 127.55905511811024 quoique
1842.5196850393702 1377.9527559055118 255.11811023622047 127.55905511811024 roux,

428.34645669291336 1511.8110236220473 313.38582677165357 97.63779527559055 avoit
636.2204724409448 1511.8110236220473 207.8740157480315 97.63779527559055 le
741.7322834645669 1511.8110236220473 348.0314960629921 97.63779527559055 visage
984.2519685039371 1511.8110236220473 278.74015748031496 97.63779527559055 fort
1157.4803149606298 1511.8110236220473 278.74015748031496 97.63779527559055 beau
1332.283464566929 1511.8110236220473 207.8740157480315 97.63779527559055 et
1436.2204724409448 1511.8110236220473 207.8740157480315 97.63779527559055 un
1540.1574803149606 1511.8110236220473 313.38582677165357 97.63779527559055 noble
1713.3858267716535 1511.8110236220473 382.6771653543307 97.63779527559055 maintien.

428.34645669291336 1603.1496062992126 494.48818897637796 116.53543307086615 Cependant
807.8740157480315 1603.1496062992126 341.73228346456693 116.53543307086615 Saul,
1036.2204724409448 1603.1496062992126 494.48818897637796 116.53543307086615 abandonné
1417.3228346456692 1603.1496062992126 228.3464566929134 116.53543307086615 de
1532.283464566929 1603.1496062992126 532.2834645669292 116.53543307086615 l’Eternel,
1911.8110236220473 1603.1496062992126 190.5511811023622 116.53543307086615 fut

431.496062992126 1702.3622047244094 307.0866141732283 146.45669291338584 saisi
636.2204724409448 1702.3622047244094 204.7244094488189 146.45669291338584 de
738.5826771653543 1702.3622047244094 409.4488188976378 146.45669291338584 l’esprit
1045.6692913385828 1702.3622047244094 340.15748031496065 146.45669291338584 malin,
1283.4645669291338 1702.3622047244094 237.79527559055117 146.45669291338584 qui
1420.4724409448818 1702.3622047244094 442.5196850393701 146.45669291338584 l’agitoit
1760.6299212598426 1702.3622047244094 204.7244094488189 146.45669291338584 de
1828.3464566929133 1702.3622047244094 272.4409448818898 146.45669291338584 fureur

431.496062992126 1812.5984251968505 217.3228346456693 124.40944881889764 et
540.1574803149606 1812.5984251968505 217.3228346456693 124.40944881889764 le
648.8188976377953 1812.5984251968505 544.8818897637796 124.40944881889764 tourmentoit
1085.0393700787401 1812.5984251968505 581.1023622047244 124.40944881889764 cruellement.
1557.4803149606298 1812.5984251968505 291.33858267716533 124.40944881889764 Pour
1738.5826771653544 1812.5984251968505 217.3228346456693 124.40944881889764 le
1811.023622047244 1812.5984251968505 291.33858267716533 124.40944881889764 soula-

429.9212598425197 1932.283464566929 253.54330708661416 119.68503937007874 ger
574.8031496062993 1932.283464566929 289.76377952755905 119.68503937007874 dans
755.9055118110236 1932.283464566929 253.54330708661416 119.68503937007874 ses
902.3622047244095 1932.283464566929 325.98425196850394 119.68503937007874 maux,
1119.6850393700788 1932.283464566929 253.54330708661416 119.68503937007874 ses
1264.5669291338584 1932.283464566929 472.4409448818898 119.68503937007874 officiers
1626.7716535433071 1932.283464566929 253.54330708661416 119.68503937007874 lui
1737.007874015748 1932.283464566929 362.20472440944883 119.68503937007874 conseil-

429.9212598425197 2026.7716535433071 363.7795275590551 132.28346456692913 lèrent
685.0393700787401 2026.7716535433071 218.89763779527559 132.28346456692913 de
793.7007874015748 2026.7716535433071 327.5590551181102 132.28346456692913 faire
1012.5984251968504 2026.7716535433071 327.5590551181102 132.28346456692913 venir
1229.9212598425197 2026.7716535433071 291.33858267716533 132.28346456692913 près
1412.5984251968505 2026.7716535433071 218.89763779527559 132.28346456692913 de
1521.259842519685 2026.7716535433071 255.11811023622047 132.28346456692913 lui
1667.716535433071 2026.7716535433071 218.89763779527559 132.28346456692913 le
1740.1574803149606 2026.7716535433071 363.7795275590551 132.28346456692913 meilleur

428.34645669291336 2143.3070866141734 365.3543307086614 132.28346456692913 joueur
683.4645669291339 2143.3070866141734 218.89763779527559 132.28346456692913 de
793.7007874015748 2143.3070866141734 365.3543307086614 132.28346456692913 harpe.
1048.8188976377953 2143.3070866141734 365.3543307086614 132.28346456692913 David,
1303.9370078740158 2143.3070866141734 255.11811023622047 132.28346456692913 qui
1450.3937007874015 2143.3070866141734 474.01574803149606 132.28346456692913 excelloit
1815.748031496063 2143.3070866141734 255.11811023622047 132.28346456692913 sur
1924.4094488188975 2143.3070866141734 182.6771653543307 132.28346456692913 cet

431.496062992126 2242.51968503937 595.2755905511812 137.00787401574803 instrument,
907.0866141732283 2242.51968503937 278.74015748031496 137.00787401574803 fut
1066.1417322834645 2242.51968503937 396.8503937007874 137.00787401574803 chargé
1344.8818897637796 2242.51968503937 237.79527559055117 137.00787401574803 de
1462.992125984252 2242.51968503937 278.74015748031496 137.00787401574803 cet
1622.0472440944882 2242.51968503937 436.2204724409449 137.00787401574803 emploi;
1900.7874015748032 2242.51968503937 198.4251968503937 137.00787401574803 et,

436.2204724409449 2370.0787401574803 348.0314960629921 113.38582677165354 toutes
680.3149606299213 2370.0787401574803 244.09448818897638 113.38582677165354 les
818.8976377952756 2370.0787401574803 278.74015748031496 113.38582677165354 fois
993.7007874015748 2370.0787401574803 244.09448818897638 113.38582677165354 que
1133.8582677165355 2370.0787401574803 209.4488188976378 113.38582677165354 le
1237.7952755905512 2370.0787401574803 313.38582677165357 113.38582677165354 malin
1447.244094488189 2370.0787401574803 348.0314960629921 113.38582677165354 esprit
1656.6929133858268 2370.0787401574803 453.54330708661416 113.38582677165354 tourmentoit

437.79527559055117 2469.2913385826773 325.98425196850394 105.51181102362204 Saul,
655.1181102362204 2469.2913385826773 325.98425196850394 105.51181102362204 David
872.4409448818898 2469.2913385826773 362.20472440944883 105.51181102362204 savoit
1127.5590551181103 2469.2913385826773 362.20472440944883 105.51181102362204 calmer
1381.1023622047244 2469.2913385826773 217.3228346456693 105.51181102362204 la
1489.763779527559 2469.2913385826773 362.20472440944883 105.51181102362204 fureur
1744.8818897637796 2469.2913385826773 217.3228346456693 105.51181102362204 du
1817.3228346456692 2469.2913385826773 289.76377952755905 105.51181102362204 prince

436.2204724409449 2600.0 259.84251968503935 107.08661417322834 par
585.8267716535433 2600.0 222.04724409448818 107.08661417322834 sa
696.0629921259842 2600.0 333.8582677165354 107.08661417322834 douce
919.6850393700787 2600.0 481.8897637795276 107.08661417322834 harmonie.
1291.3385826771653 2600.0 222.04724409448818 107.08661417322834 Le
1401.5748031496064 2600.0 297.6377952755906 107.08661417322834 roi,
1587.4015748031495 2600.0 371.65354330708664 107.08661417322834 charmé
1847.244094488189 2600.0 222.04724409448818 107.08661417322834 de
1921.259842519685 2600.0 185.82677165354332 107.08661417322834 ses

91.33858267716535 2685.0393700787404 474.01574803149606 127.55905511811024 talents,
447.244094488189 2685.0393700787404 237.79527559055117 127.55905511811024 le
565.3543307086615 2685.0393700787404 277.1653543307087 127.55905511811024 fit
722.8346456692914 2685.0393700787404 277.1653543307087 127.55905511811024 son
881.8897637795276 2685.0393700787404 434.6456692913386 127.55905511811024 écuyer,
1198.4251968503936 2685.0393700787404 237.79527559055117 127.55905511811024 et
1316.5354330708662 2685.0393700787404 395.2755905511811 127.55905511811024 voulut
1593.7007874015749 2685.0393700787404 434.6456692913386 127.55905511811024 l’avoir
1869.291338582677 2685.0393700787404 237.79527559055117 127.55905511811024 tou

440.9448818897638 2801.5748031496064 300.78740157480314 124.40944881889764 jours
640.9448818897638 2801.5748031496064 166.9291338582677 124.40944881889764 à
708.6614173228346 2801.5748031496064 200.0 124.40944881889764 sa
774.8031496062993 2801.5748031496064 267.7165354330709 124.40944881889764 suite.

318.1102362204724 3089.763779527559 398.4251968503937 129.13385826771653 COUDER
596.8503937007874 3089.763779527559 1114.9606299212599 129.13385826771653 (Louis-Charles-Auguste),
1592.1259842519685 3089.763779527559 239.37007874015748 129.13385826771653 né
1710.236220472441 3089.763779527559 198.4251968503937 129.13385826771653 à
1751.1811023622047 3089.763779527559 318.1102362204724 129.13385826771653 Paris.

281.8897637795276 3218.8976377952754 325.98425196850394 222.04724409448818 16.
469.29133858267716 3218.8976377952754 280.31496062992125 222.04724409448818 Le
609.4488188976378 3218.8976377952754 466.1417322834646 222.04724409448818 Lévite
889.7637795275591 3218.8976377952754 560.6299212598425 222.04724409448818 d’Ephraïm.

538.5826771653543 3431.496062992126 211.0236220472441 140.15748031496062 Un
644.0944881889764 3431.496062992126 351.18110236220474 140.15748031496062 lévite
888.1889763779527 3431.496062992126 211.0236220472441 140.15748031496062 de
993.7007874015748 3431.496062992126 211.0236220472441 140.15748031496062 la
1099.2125984251968 3431.496062992126 314.96062992125985 140.15748031496062 tribu
1308.6614173228347 3431.496062992126 211.0236220472441 140.15748031496062 de
1414.1732283464567 3431.496062992126 280.31496062992125 140.15748031496062 Juda
1588.976377952756 3431.496062992126 385.8267716535433 140.15748031496062 s’étoit
1869.291338582677 3431.496062992126 245.66929133858267 140.15748031496062 uni
1974.8031496062993 3431.496062992126 140.15748031496062 140.15748031496062 en

451.9685039370079 3529.1338582677167 379.5275590551181 160.62992125984252 secret
716.5354330708661 3529.1338582677167 303.93700787401576 160.62992125984252 avec
907.0866141732283 3529.1338582677167 264.56692913385825 160.62992125984252 une
1058.267716535433 3529.1338582677167 341.73228346456693 160.62992125984252 jeune
1285.0393700787401 3529.1338582677167 341.73228346456693 160.62992125984252 fille
1513.3858267716535 3529.1338582677167 226.77165354330708 160.62992125984252 de
1626.7716535433071 3529.1338582677167 492.9133858267717 160.62992125984252 Bethléem,
1968.5039370078741 3529.1338582677167 151.1811023622047 160.62992125984252 au

1647.244094488189 3678.740157480315 184.251968503937 105.51181102362204 2
