1587 2724
706 236 153 96 (
767 236 183 96 14
828 236 92 96 )

336 321 222 80 mépris
491 321 133 80 de
558 321 133 80 la
625 321 156 80 loi
714 321 156 80 qui
803 321 133 80 le
869 321 156 80 lui
958 321 311 80 défendoit.
1203 321 133 80 Il
1247 321 156 80 avoit

326 421 283 70 emmené
524 421 170 70 sa
608 421 339 70 compagne
863 421 226 70 dans
1004 421 198 70 les
1089 421 311 70 montagnes

328 468 341 97 d’Ephraïm,
596 468 146 97 où
669 468 146 97 il
742 468 268 97 faisoit
937 468 146 97 sa
1010 468 341 97 résidence;
1254 468 146 97 mais

328 564 274 51 celle-ci
533 564 251 51 l’ayant
716 564 228 51 quitté
875 564 182 51 pour
990 564 296 51 retourner
1218 564 182 51 dans
1309 564 91 51 sa

326 616 274 61 famille,
531 616 137 61 le
600 616 228 61 lévite
759 616 228 61 l’alla
919 616 274 61 chercher
1124 616 137 61 et
1193 616 137 61 la
1238 616 160 61 rede-

325 687 225 81 manda
475 687 125 81 à
525 687 175 81 son
624 687 225 81 père,
774 687 175 81 qui
874 687 175 81 lui
974 687 250 81 permit
1148 687 150 81 de
1223 687 150 81 la
1273 687 125 81 re-

323 763 275 64 prendre.
529 763 206 64 Après
667 763 137 64 de
736 763 298 64 touchants
965 763 252 64 adieux,
1148 763 160 64 les
1217 763 183 64 jeunes

327 831 205 68 époux
464 831 250 68 partent
646 831 296 68 ensemble,
873 831 136 68 et
941 831 318 68 s’arrêtent
1191 831 114 68 à
1214 831 182 68 Gabaa,

322 897 214 66 ville
465 897 143 66 de
536 897 143 66 la
608 897 214 66 tribu
751 897 143 66 de
822 897 309 66 Benjamin,
1060 897 262 66 ennemie
1250 897 143 66 de
1298 897 95 66 la

321 966 210 64 tribu
461 966 140 64 du
531 966 257 64 lévite,
717 966 373 64 parcequ’elle
1021 966 257 64 adoroit
1207 966 140 64 le
1254 966 140 64 vrai

320 1032 220 63 Dieu.
466 1032 220 63 Aucun
613 1032 171 63 des
710 1032 317 63 habitants
954 1032 147 63 ne
1028 1032 195 63 veut
1150 1032 195 63 leur
1247 1032 147 63 don-

324 1104 156 72 ner
413 1104 134 72 un
480 1104 223 72 asile;
636 1104 290 72 cependant
860 1104 134 72 un
927 1104 290 72 vieillard
1150 1104 156 72 les
1217 1104 179 72 reçoit

321 1171 199 63 dans
446 1171 150 63 sa
521 1171 274 63 maison:
720 1171 175 63 ils
820 1171 349 63 comptoient
1094 1171 125 63 y
1144 1171 249 63 passer
1293 1171 100 63 la

321 1254 210 62 nuit,
461 1254 326 62 lorsqu’une
717 1254 233 62 troupe
880 1254 140 62 de
950 1254 280 62 forcenés
1160 1254 210 62 vient
1276 1254 117 62 de-

319 1304 219 73 mander
472 1304 109 73 à
516 1304 219 73 grands
669 1304 175 73 cris
779 1304 197 73 qu’on
910 1304 175 73 leur
1020 1304 197 73 livre
1151 1304 131 73 le
1195 1304 197 73 lévite.

317 1373 179 69 Son
420 1373 230 69 hôte,
573 1373 205 69 pour
702 1373 256 69 sauver
881 1373 154 69 le
958 1373 307 69 ministre
1188 1373 154 69 du
1239 1373 154 69 Sei-

319 1442 214 76 gneur
462 1442 214 76 offre
605 1442 143 76 de
676 1442 191 76 leur
796 1442 238 76 amener
962 1442 143 76 sa
1034 1442 238 76 fille.
1200 1442 143 76 Sa
1248 1442 143 76 pro-

320 1515 279 76 position
529 1515 210 76 n’est
669 1515 210 76 point
809 1515 279 76 écoutée:
1018 1515 210 76 alors
1158 1515 140 76 le
1205 1515 186 76 lévite

318 1577 214 75 livre
461 1577 119 75 à
509 1577 167 75 ces
604 1577 286 75 brigands
818 1577 143 75 sa
889 1577 286 75 compagne
1080 1577 309 75 bien

320 1644 166 80 qui
415 1644 285 80 succombe
629 1644 261 80 bientôt
819 1644 261 80 victime
1009 1644 143 80 de
1080 1644 190 80 leur
1199 1644 190 80 rage
1294 1644 95 80 et

322 1719 135 74 de
389 1719 180 74 leur
479 1719 270 74 brutalité.

372 1794 174 81 Les
471 1794 323 81 approches
720 1794 149 81 du
794 1794 199 81 jour
918 1794 223 81 ayant
1067 1794 298 81 dispersé
1266 1794 124 81 ces

317 1858 290 66 barbares,
540 1858 357 66 l’infortunée
830 1858 134 66 se
898 1858 223 66 traîne
1054 1858 268 66 jusqu’au
1233 1858 156 66 logis

318 1924 143 67 du
390 1924 333 67 vieillard;
651 1924 190 67 elle
770 1924 214 67 tombe
913 1924 119 67 à
960 1924 143 67 la
1031 1924 238 67 porte,
1198 1924 143 67 la
1245 1924 143 67 face

321 2002 227 79 contre
480 2002 205 79 terre
617 2002 136 79 et
685 2002 159 79 les
776 2002 182 79 bras
890 2002 250 79 étendus
1072 2002 159 79 sur
1163 2002 136 79 le
1208 2002 182 79 seuil,

319 2064 261 75 lorsque
509 2064 143 75 le
581 2064 261 75 lévite,
771 2064 190 75 prêt
889 2064 119 75 à
937 2064 238 75 sortir
1103 2064 238 75 trouve
1246 2064 143 75 dans

321 2144 166 60 cet
416 2144 189 60 état
534 2144 166 60 une
629 2144 237 60 épouse
795 2144 213 60 qu’il
936 2144 118 60 a
984 2144 260 60 pleurée
1173 2144 213 60 toute
1291 2144 95 60 la

321 2203 200 71 nuit.
454 2203 155 71 Les
543 2203 178 71 cris
654 2203 200 71 qu’il
787 2203 200 71 élève
921 2203 267 71 jusqu’au
1120 2203 178 71 ciel
1209 2203 178 71 annon-

321 2268 185 92 cent
437 2268 162 92 son
529 2268 324 92 désespoir.
784 2268 301 92 Cependant
1015 2268 139 92 il
1084 2268 231 92 engage
1223 2268 162 92 cette
