<alto xmlns:xsi="http://www.w3.org/2001/XMLSchema-instance" xmlns="http://www.loc.gov/standards/alto/ns-v2#" xmlns:page="http://schema.primaresearch.org/PAGE/gts/pagecontent/2013-07-15" xsi:schemaLocation="http://www.loc.gov/standards/alto/ns-v2# http://www.loc.gov/standards/alto/alto.xsd">
  <Description>
    <MeasurementUnit>pixel</MeasurementUnit>
    <sourceImageInformation>
         <fileName>24.xml</fileName>
      </sourceImageInformation>
    <OCRProcessing ID="IdOcr">
      <ocrProcessingStep>
        <processingDateTime>2020-06-24T15:07:50.15+02:00</processingDateTime>
        <processingSoftware>
               <softwareCreator>CONTRIBUTORS</softwareCreator>
               <softwareName>pdfalto</softwareName>
               <softwareVersion>0.1</softwareVersion>
            </processingSoftware>
      </ocrProcessingStep>
    </OCRProcessing>
  </Description>
  <Styles>
     <TextStyle ID="FONT0" FONTFAMILY="unknown" FONTSIZE="unknown" FONTTYPE="unknown" FONTWIDTH="unknown" FONTCOLOR="unknown" FONTSTYLE=""/>
     <TextStyle ID="FONT1" FONTFAMILY="unknown" FONTSIZE="unknown" FONTTYPE="unknown" FONTWIDTH="unknown" FONTCOLOR="unknown" FONTSTYLE="bold"/>
     <TextStyle ID="FONT2" FONTFAMILY="unknown" FONTSIZE="unknown" FONTTYPE="unknown" FONTWIDTH="unknown" FONTCOLOR="unknown" FONTSTYLE="italics"/>
</Styles>
  <Tags/>
  <Layout>
    <Page ID="Page1" PHYSICAL_IMG_NR="1" HEIGHT="4289.763779527559" WIDTH="2499.212598425197">
      <PrintSpace HEIGHT="4137.007874015748" WIDTH="2417.3228346456694" VPOS="111.81102362204724" HPOS="0.0">
        <TextBlock ID="r_1_1" HEIGHT="103.93700787401575" WIDTH="270.86614173228344" VPOS="404.7244094488189" HPOS="1168.5039370078741">
          <TextLine ID="tl_1" BASELINE="332" HEIGHT="151.1811023622047" WIDTH="288.18897637795277" VPOS="371.65354330708664" HPOS="1159.0551181102362">
            <String HEIGHT="151.1811023622047" WIDTH="240.9448818897638" VPOS="371.65354330708664" HPOS="1111.8110236220473" CONTENT="(" ID="tl_1_1" STYLEREFS="FONT0"/>
            <SP HEIGHT="151.1811023622047" WIDTH="48.818897637795274" VPOS="371.65354330708664" HPOS="1351.1811023622047"/>
            <String HEIGHT="151.1811023622047" WIDTH="288.18897637795277" VPOS="371.65354330708664" HPOS="1207.8740157480315" CONTENT="14" ID="tl_1_2" STYLEREFS="FONT0"/>
            <SP HEIGHT="151.1811023622047" WIDTH="48.818897637795274" VPOS="371.65354330708664" HPOS="1496.0629921259842"/>
            <String HEIGHT="151.1811023622047" WIDTH="144.88188976377953" VPOS="371.65354330708664" HPOS="1303.9370078740158" CONTENT=")" ID="tl_1_3" STYLEREFS="FONT0"/>
          </TextLine>
        </TextBlock>
        <TextBlock ID="r_1_2" HEIGHT="2242.51968503937" WIDTH="1653.5433070866143" VPOS="551.1811023622047" HPOS="546.4566929133858">
          <TextLine ID="tl_2" BASELINE="401" HEIGHT="125.98425196850394" WIDTH="1645.6692913385828" VPOS="505.51181102362204" HPOS="563.7795275590552">
            <String HEIGHT="125.98425196850394" WIDTH="349.6062992125984" VPOS="505.51181102362204" HPOS="529.1338582677165" CONTENT="mépris" ID="tl_2_1" STYLEREFS="FONT0"/>
            <SP HEIGHT="125.98425196850394" WIDTH="34.645669291338585" VPOS="505.51181102362204" HPOS="878.7401574803149"/>
            <String HEIGHT="125.98425196850394" WIDTH="209.4488188976378" VPOS="505.51181102362204" HPOS="773.2283464566929" CONTENT="de" ID="tl_2_2" STYLEREFS="FONT0"/>
            <SP HEIGHT="125.98425196850394" WIDTH="34.645669291338585" VPOS="505.51181102362204" HPOS="984.2519685039371"/>
            <String HEIGHT="125.98425196850394" WIDTH="209.4488188976378" VPOS="505.51181102362204" HPOS="878.7401574803149" CONTENT="la" ID="tl_2_3" STYLEREFS="FONT0"/>
            <SP HEIGHT="125.98425196850394" WIDTH="34.645669291338585" VPOS="505.51181102362204" HPOS="1089.763779527559"/>
            <String HEIGHT="125.98425196850394" WIDTH="245.66929133858267" VPOS="505.51181102362204" HPOS="984.2519685039371" CONTENT="loi" ID="tl_2_4" STYLEREFS="FONT0"/>
            <SP HEIGHT="125.98425196850394" WIDTH="34.645669291338585" VPOS="505.51181102362204" HPOS="1228.3464566929133"/>
            <String HEIGHT="125.98425196850394" WIDTH="245.66929133858267" VPOS="505.51181102362204" HPOS="1124.4094488188975" CONTENT="qui" ID="tl_2_5" STYLEREFS="FONT0"/>
            <SP HEIGHT="125.98425196850394" WIDTH="34.645669291338585" VPOS="505.51181102362204" HPOS="1368.5039370078741"/>
            <String HEIGHT="125.98425196850394" WIDTH="209.4488188976378" VPOS="505.51181102362204" HPOS="1264.5669291338584" CONTENT="le" ID="tl_2_6" STYLEREFS="FONT0"/>
            <SP HEIGHT="125.98425196850394" WIDTH="34.645669291338585" VPOS="505.51181102362204" HPOS="1474.015748031496"/>
            <String HEIGHT="125.98425196850394" WIDTH="245.66929133858267" VPOS="505.51181102362204" HPOS="1368.5039370078741" CONTENT="lui" ID="tl_2_7" STYLEREFS="FONT0"/>
            <SP HEIGHT="125.98425196850394" WIDTH="34.645669291338585" VPOS="505.51181102362204" HPOS="1614.1732283464567"/>
            <String HEIGHT="125.98425196850394" WIDTH="489.76377952755905" VPOS="505.51181102362204" HPOS="1508.6614173228347" CONTENT="défendoit." ID="tl_2_8" STYLEREFS="FONT0"/>
            <SP HEIGHT="125.98425196850394" WIDTH="34.645669291338585" VPOS="505.51181102362204" HPOS="2000.0"/>
            <String HEIGHT="125.98425196850394" WIDTH="209.4488188976378" VPOS="505.51181102362204" HPOS="1894.4881889763778" CONTENT="Il" ID="tl_2_9" STYLEREFS="FONT0"/>
            <SP HEIGHT="125.98425196850394" WIDTH="34.645669291338585" VPOS="505.51181102362204" HPOS="2103.9370078740158"/>
            <String HEIGHT="125.98425196850394" WIDTH="245.66929133858267" VPOS="505.51181102362204" HPOS="1963.7795275590552" CONTENT="avoit" ID="tl_2_10" STYLEREFS="FONT0"/>
          </TextLine>
          <TextLine ID="tl_3" BASELINE="491" HEIGHT="110.23622047244095" WIDTH="1647.244094488189" VPOS="662.992125984252" HPOS="557.4803149606299">
            <String HEIGHT="110.23622047244095" WIDTH="445.6692913385827" VPOS="662.992125984252" HPOS="513.3858267716536" CONTENT="emmené" ID="tl_3_1" STYLEREFS="FONT0"/>
            <SP HEIGHT="110.23622047244095" WIDTH="44.09448818897638" VPOS="662.992125984252" HPOS="957.4803149606299"/>
            <String HEIGHT="110.23622047244095" WIDTH="267.7165354330709" VPOS="662.992125984252" HPOS="825.1968503937007" CONTENT="sa" ID="tl_3_2" STYLEREFS="FONT0"/>
            <SP HEIGHT="110.23622047244095" WIDTH="44.09448818897638" VPOS="662.992125984252" HPOS="1091.3385826771653"/>
            <String HEIGHT="110.23622047244095" WIDTH="533.8582677165355" VPOS="662.992125984252" HPOS="957.4803149606299" CONTENT="compagne" ID="tl_3_3" STYLEREFS="FONT0"/>
            <SP HEIGHT="110.23622047244095" WIDTH="44.09448818897638" VPOS="662.992125984252" HPOS="1492.9133858267717"/>
            <String HEIGHT="110.23622047244095" WIDTH="355.90551181102364" VPOS="662.992125984252" HPOS="1359.0551181102362" CONTENT="dans" ID="tl_3_4" STYLEREFS="FONT0"/>
            <SP HEIGHT="110.23622047244095" WIDTH="44.09448818897638" VPOS="662.992125984252" HPOS="1714.9606299212599"/>
            <String HEIGHT="110.23622047244095" WIDTH="311.81102362204723" VPOS="662.992125984252" HPOS="1581.1023622047244" CONTENT="les" ID="tl_3_5" STYLEREFS="FONT0"/>
            <SP HEIGHT="110.23622047244095" WIDTH="44.09448818897638" VPOS="662.992125984252" HPOS="1892.9133858267717"/>
            <String HEIGHT="110.23622047244095" WIDTH="489.76377952755905" VPOS="662.992125984252" HPOS="1714.9606299212599" CONTENT="montagnes" ID="tl_3_6" STYLEREFS="FONT0"/>
          </TextLine>
          <TextLine ID="tl_4" BASELINE="565" HEIGHT="152.75590551181102" WIDTH="1650.3937007874015" VPOS="737.007874015748" HPOS="554.3307086614174">
            <String HEIGHT="152.75590551181102" WIDTH="537.007874015748" VPOS="737.007874015748" HPOS="516.5354330708661" CONTENT="d’Ephraïm," ID="tl_4_1" STYLEREFS="FONT0"/>
            <SP HEIGHT="152.75590551181102" WIDTH="37.79527559055118" VPOS="737.007874015748" HPOS="1053.5433070866143"/>
            <String HEIGHT="152.75590551181102" WIDTH="229.92125984251967" VPOS="737.007874015748" HPOS="938.5826771653543" CONTENT="où" ID="tl_4_2" STYLEREFS="FONT0"/>
            <SP HEIGHT="152.75590551181102" WIDTH="37.79527559055118" VPOS="737.007874015748" HPOS="1168.5039370078741"/>
            <String HEIGHT="152.75590551181102" WIDTH="229.92125984251967" VPOS="737.007874015748" HPOS="1053.5433070866143" CONTENT="il" ID="tl_4_3" STYLEREFS="FONT0"/>
            <SP HEIGHT="152.75590551181102" WIDTH="37.79527559055118" VPOS="737.007874015748" HPOS="1283.4645669291338"/>
            <String HEIGHT="152.75590551181102" WIDTH="422.0472440944882" VPOS="737.007874015748" HPOS="1168.5039370078741" CONTENT="faisoit" ID="tl_4_4" STYLEREFS="FONT0"/>
            <SP HEIGHT="152.75590551181102" WIDTH="37.79527559055118" VPOS="737.007874015748" HPOS="1590.5511811023623"/>
            <String HEIGHT="152.75590551181102" WIDTH="229.92125984251967" VPOS="737.007874015748" HPOS="1475.5905511811025" CONTENT="sa" ID="tl_4_5" STYLEREFS="FONT0"/>
            <SP HEIGHT="152.75590551181102" WIDTH="37.79527559055118" VPOS="737.007874015748" HPOS="1705.5118110236222"/>
            <String HEIGHT="152.75590551181102" WIDTH="537.007874015748" VPOS="737.007874015748" HPOS="1590.5511811023623" CONTENT="résidence;" ID="tl_4_6" STYLEREFS="FONT0"/>
            <SP HEIGHT="152.75590551181102" WIDTH="37.79527559055118" VPOS="737.007874015748" HPOS="2127.5590551181103"/>
            <String HEIGHT="152.75590551181102" WIDTH="229.92125984251967" VPOS="737.007874015748" HPOS="1974.8031496062993" CONTENT="mais" ID="tl_4_7" STYLEREFS="FONT0"/>
          </TextLine>
          <TextLine ID="tl_5" BASELINE="615" HEIGHT="80.31496062992126" WIDTH="1651.9685039370079" VPOS="888.1889763779527" HPOS="552.7559055118111">
            <String HEIGHT="80.31496062992126" WIDTH="431.496062992126" VPOS="888.1889763779527" HPOS="516.5354330708661" CONTENT="celle-ci" ID="tl_5_1" STYLEREFS="FONT0"/>
            <SP HEIGHT="80.31496062992126" WIDTH="36.22047244094488" VPOS="888.1889763779527" HPOS="948.0314960629921"/>
            <String HEIGHT="80.31496062992126" WIDTH="395.2755905511811" VPOS="888.1889763779527" HPOS="839.3700787401575" CONTENT="l’ayant" ID="tl_5_2" STYLEREFS="FONT0"/>
            <SP HEIGHT="80.31496062992126" WIDTH="36.22047244094488" VPOS="888.1889763779527" HPOS="1234.6456692913387"/>
            <String HEIGHT="80.31496062992126" WIDTH="359.0551181102362" VPOS="888.1889763779527" HPOS="1127.5590551181103" CONTENT="quitté" ID="tl_5_3" STYLEREFS="FONT0"/>
            <SP HEIGHT="80.31496062992126" WIDTH="36.22047244094488" VPOS="888.1889763779527" HPOS="1486.6141732283465"/>
            <String HEIGHT="80.31496062992126" WIDTH="286.61417322834643" VPOS="888.1889763779527" HPOS="1377.9527559055118" CONTENT="pour" ID="tl_5_4" STYLEREFS="FONT0"/>
            <SP HEIGHT="80.31496062992126" WIDTH="36.22047244094488" VPOS="888.1889763779527" HPOS="1666.1417322834645"/>
            <String HEIGHT="80.31496062992126" WIDTH="466.1417322834646" VPOS="888.1889763779527" HPOS="1559.0551181102362" CONTENT="retourner" ID="tl_5_5" STYLEREFS="FONT0"/>
            <SP HEIGHT="80.31496062992126" WIDTH="36.22047244094488" VPOS="888.1889763779527" HPOS="2025.1968503937007"/>
            <String HEIGHT="80.31496062992126" WIDTH="286.61417322834643" VPOS="888.1889763779527" HPOS="1918.1102362204724" CONTENT="dans" ID="tl_5_6" STYLEREFS="FONT0"/>
            <SP HEIGHT="80.31496062992126" WIDTH="36.22047244094488" VPOS="888.1889763779527" HPOS="2204.7244094488187"/>
            <String HEIGHT="80.31496062992126" WIDTH="143.30708661417322" VPOS="888.1889763779527" HPOS="2061.417322834646" CONTENT="sa" ID="tl_5_7" STYLEREFS="FONT0"/>
          </TextLine>
          <TextLine ID="tl_6" BASELINE="677" HEIGHT="96.06299212598425" WIDTH="1651.9685039370079" VPOS="970.0787401574803" HPOS="549.6062992125984">
            <String HEIGHT="96.06299212598425" WIDTH="431.496062992126" VPOS="970.0787401574803" HPOS="513.3858267716536" CONTENT="famille," ID="tl_6_1" STYLEREFS="FONT0"/>
            <SP HEIGHT="96.06299212598425" WIDTH="36.22047244094488" VPOS="970.0787401574803" HPOS="944.8818897637796"/>
            <String HEIGHT="96.06299212598425" WIDTH="215.748031496063" VPOS="970.0787401574803" HPOS="836.2204724409448" CONTENT="le" ID="tl_6_2" STYLEREFS="FONT0"/>
            <SP HEIGHT="96.06299212598425" WIDTH="36.22047244094488" VPOS="970.0787401574803" HPOS="1051.9685039370079"/>
            <String HEIGHT="96.06299212598425" WIDTH="359.0551181102362" VPOS="970.0787401574803" HPOS="944.8818897637796" CONTENT="lévite" ID="tl_6_3" STYLEREFS="FONT0"/>
            <SP HEIGHT="96.06299212598425" WIDTH="36.22047244094488" VPOS="970.0787401574803" HPOS="1303.9370078740158"/>
            <String HEIGHT="96.06299212598425" WIDTH="359.0551181102362" VPOS="970.0787401574803" HPOS="1195.275590551181" CONTENT="l’alla" ID="tl_6_4" STYLEREFS="FONT0"/>
            <SP HEIGHT="96.06299212598425" WIDTH="36.22047244094488" VPOS="970.0787401574803" HPOS="1555.9055118110236"/>
            <String HEIGHT="96.06299212598425" WIDTH="431.496062992126" VPOS="970.0787401574803" HPOS="1447.244094488189" CONTENT="chercher" ID="tl_6_5" STYLEREFS="FONT0"/>
            <SP HEIGHT="96.06299212598425" WIDTH="36.22047244094488" VPOS="970.0787401574803" HPOS="1878.740157480315"/>
            <String HEIGHT="96.06299212598425" WIDTH="215.748031496063" VPOS="970.0787401574803" HPOS="1770.0787401574803" CONTENT="et" ID="tl_6_6" STYLEREFS="FONT0"/>
            <SP HEIGHT="96.06299212598425" WIDTH="36.22047244094488" VPOS="970.0787401574803" HPOS="1985.8267716535433"/>
            <String HEIGHT="96.06299212598425" WIDTH="215.748031496063" VPOS="970.0787401574803" HPOS="1878.740157480315" CONTENT="la" ID="tl_6_7" STYLEREFS="FONT0"/>
            <SP HEIGHT="96.06299212598425" WIDTH="36.22047244094488" VPOS="970.0787401574803" HPOS="2094.488188976378"/>
            <String HEIGHT="96.06299212598425" WIDTH="251.96850393700788" VPOS="970.0787401574803" HPOS="1949.6062992125985" CONTENT="rede" SUBS_TYPE="HypPart1" SUBS_CONTENT="redemanda" ID="tl_6_8" STYLEREFS="FONT0"/>
            <HYP CONTENT="-"/>
          </TextLine>
          <TextLine ID="tl_7" BASELINE="768" HEIGHT="127.55905511811024" WIDTH="1650.3937007874015" VPOS="1081.8897637795276" HPOS="551.1811023622047">
            <String HEIGHT="127.55905511811024" WIDTH="354.3307086614173" VPOS="1081.8897637795276" HPOS="511.81102362204723" CONTENT="manda" SUBS_TYPE="HypPart2" SUBS_CONTENT="redemanda" ID="tl_7_1" STYLEREFS="FONT0"/>
            <SP HEIGHT="127.55905511811024" WIDTH="39.37007874015748" VPOS="1081.8897637795276" HPOS="866.1417322834645"/>
            <String HEIGHT="127.55905511811024" WIDTH="196.8503937007874" VPOS="1081.8897637795276" HPOS="748.0314960629921" CONTENT="à" ID="tl_7_2" STYLEREFS="FONT0"/>
            <SP HEIGHT="127.55905511811024" WIDTH="39.37007874015748" VPOS="1081.8897637795276" HPOS="944.8818897637796"/>
            <String HEIGHT="127.55905511811024" WIDTH="275.59055118110234" VPOS="1081.8897637795276" HPOS="826.7716535433071" CONTENT="son" ID="tl_7_3" STYLEREFS="FONT0"/>
            <SP HEIGHT="127.55905511811024" WIDTH="39.37007874015748" VPOS="1081.8897637795276" HPOS="1100.7874015748032"/>
            <String HEIGHT="127.55905511811024" WIDTH="354.3307086614173" VPOS="1081.8897637795276" HPOS="982.6771653543307" CONTENT="père," ID="tl_7_4" STYLEREFS="FONT0"/>
            <SP HEIGHT="127.55905511811024" WIDTH="39.37007874015748" VPOS="1081.8897637795276" HPOS="1337.007874015748"/>
            <String HEIGHT="127.55905511811024" WIDTH="275.59055118110234" VPOS="1081.8897637795276" HPOS="1218.8976377952756" CONTENT="qui" ID="tl_7_5" STYLEREFS="FONT0"/>
            <SP HEIGHT="127.55905511811024" WIDTH="39.37007874015748" VPOS="1081.8897637795276" HPOS="1494.4881889763778"/>
            <String HEIGHT="127.55905511811024" WIDTH="275.59055118110234" VPOS="1081.8897637795276" HPOS="1376.3779527559054" CONTENT="lui" ID="tl_7_6" STYLEREFS="FONT0"/>
            <SP HEIGHT="127.55905511811024" WIDTH="39.37007874015748" VPOS="1081.8897637795276" HPOS="1651.9685039370079"/>
            <String HEIGHT="127.55905511811024" WIDTH="393.7007874015748" VPOS="1081.8897637795276" HPOS="1533.8582677165355" CONTENT="permit" ID="tl_7_7" STYLEREFS="FONT0"/>
            <SP HEIGHT="127.55905511811024" WIDTH="39.37007874015748" VPOS="1081.8897637795276" HPOS="1925.984251968504"/>
            <String HEIGHT="127.55905511811024" WIDTH="236.2204724409449" VPOS="1081.8897637795276" HPOS="1807.8740157480315" CONTENT="de" ID="tl_7_8" STYLEREFS="FONT0"/>
            <SP HEIGHT="127.55905511811024" WIDTH="39.37007874015748" VPOS="1081.8897637795276" HPOS="2044.0944881889764"/>
            <String HEIGHT="127.55905511811024" WIDTH="236.2204724409449" VPOS="1081.8897637795276" HPOS="1925.984251968504" CONTENT="la" ID="tl_7_9" STYLEREFS="FONT0"/>
            <SP HEIGHT="127.55905511811024" WIDTH="39.37007874015748" VPOS="1081.8897637795276" HPOS="2162.2047244094488"/>
            <String HEIGHT="127.55905511811024" WIDTH="196.8503937007874" VPOS="1081.8897637795276" HPOS="2004.724409448819" CONTENT="re" SUBS_TYPE="HypPart1" SUBS_CONTENT="reprendre." ID="tl_7_10" STYLEREFS="FONT0"/>
            <HYP CONTENT="-"/>
          </TextLine>
          <TextLine ID="tl_8" BASELINE="827" HEIGHT="100.78740157480316" WIDTH="1659.8425196850394" VPOS="1201.5748031496064" HPOS="544.8818897637796">
            <String HEIGHT="100.78740157480316" WIDTH="433.07086614173227" VPOS="1201.5748031496064" HPOS="508.66141732283467" CONTENT="prendre." SUBS_TYPE="HypPart2" SUBS_CONTENT="reprendre." ID="tl_8_1" STYLEREFS="FONT0"/>
            <SP HEIGHT="100.78740157480316" WIDTH="36.22047244094488" VPOS="1201.5748031496064" HPOS="941.7322834645669"/>
            <String HEIGHT="100.78740157480316" WIDTH="324.40944881889766" VPOS="1201.5748031496064" HPOS="833.0708661417323" CONTENT="Après" ID="tl_8_2" STYLEREFS="FONT0"/>
            <SP HEIGHT="100.78740157480316" WIDTH="36.22047244094488" VPOS="1201.5748031496064" HPOS="1159.0551181102362"/>
            <String HEIGHT="100.78740157480316" WIDTH="215.748031496063" VPOS="1201.5748031496064" HPOS="1050.3937007874015" CONTENT="de" ID="tl_8_3" STYLEREFS="FONT0"/>
            <SP HEIGHT="100.78740157480316" WIDTH="36.22047244094488" VPOS="1201.5748031496064" HPOS="1266.1417322834645"/>
            <String HEIGHT="100.78740157480316" WIDTH="469.29133858267716" VPOS="1201.5748031496064" HPOS="1159.0551181102362" CONTENT="touchants" ID="tl_8_4" STYLEREFS="FONT0"/>
            <SP HEIGHT="100.78740157480316" WIDTH="36.22047244094488" VPOS="1201.5748031496064" HPOS="1626.7716535433071"/>
            <String HEIGHT="100.78740157480316" WIDTH="396.8503937007874" VPOS="1201.5748031496064" HPOS="1519.6850393700788" CONTENT="adieux," ID="tl_8_5" STYLEREFS="FONT0"/>
            <SP HEIGHT="100.78740157480316" WIDTH="36.22047244094488" VPOS="1201.5748031496064" HPOS="1916.5354330708662"/>
            <String HEIGHT="100.78740157480316" WIDTH="251.96850393700788" VPOS="1201.5748031496064" HPOS="1807.8740157480315" CONTENT="les" ID="tl_8_6" STYLEREFS="FONT0"/>
            <SP HEIGHT="100.78740157480316" WIDTH="36.22047244094488" VPOS="1201.5748031496064" HPOS="2059.8425196850394"/>
            <String HEIGHT="100.78740157480316" WIDTH="288.18897637795277" VPOS="1201.5748031496064" HPOS="1916.5354330708662" CONTENT="jeunes" ID="tl_8_7" STYLEREFS="FONT0"/>
          </TextLine>
          <TextLine ID="tl_9" BASELINE="899" HEIGHT="107.08661417322834" WIDTH="1647.244094488189" VPOS="1308.6614173228347" HPOS="551.1811023622047">
            <String HEIGHT="107.08661417322834" WIDTH="322.8346456692913" VPOS="1308.6614173228347" HPOS="514.9606299212599" CONTENT="époux" ID="tl_9_1" STYLEREFS="FONT0"/>
            <SP HEIGHT="107.08661417322834" WIDTH="36.22047244094488" VPOS="1308.6614173228347" HPOS="837.7952755905512"/>
            <String HEIGHT="107.08661417322834" WIDTH="393.7007874015748" VPOS="1308.6614173228347" HPOS="730.7086614173228" CONTENT="partent" ID="tl_9_2" STYLEREFS="FONT0"/>
            <SP HEIGHT="107.08661417322834" WIDTH="36.22047244094488" VPOS="1308.6614173228347" HPOS="1124.4094488188975"/>
            <String HEIGHT="107.08661417322834" WIDTH="466.1417322834646" VPOS="1308.6614173228347" HPOS="1017.3228346456693" CONTENT="ensemble," ID="tl_9_3" STYLEREFS="FONT0"/>
            <SP HEIGHT="107.08661417322834" WIDTH="36.22047244094488" VPOS="1308.6614173228347" HPOS="1481.8897637795276"/>
            <String HEIGHT="107.08661417322834" WIDTH="214.17322834645668" VPOS="1308.6614173228347" HPOS="1374.8031496062993" CONTENT="et" ID="tl_9_4" STYLEREFS="FONT0"/>
            <SP HEIGHT="107.08661417322834" WIDTH="36.22047244094488" VPOS="1308.6614173228347" HPOS="1588.976377952756"/>
            <String HEIGHT="107.08661417322834" WIDTH="500.78740157480314" VPOS="1308.6614173228347" HPOS="1481.8897637795276" CONTENT="s’arrêtent" ID="tl_9_5" STYLEREFS="FONT0"/>
            <SP HEIGHT="107.08661417322834" WIDTH="36.22047244094488" VPOS="1308.6614173228347" HPOS="1984.251968503937"/>
            <String HEIGHT="107.08661417322834" WIDTH="179.5275590551181" VPOS="1308.6614173228347" HPOS="1875.5905511811025" CONTENT="à" ID="tl_9_6" STYLEREFS="FONT0"/>
            <SP HEIGHT="107.08661417322834" WIDTH="36.22047244094488" VPOS="1308.6614173228347" HPOS="2055.1181102362207"/>
            <String HEIGHT="107.08661417322834" WIDTH="286.61417322834643" VPOS="1308.6614173228347" HPOS="1911.8110236220473" CONTENT="Gabaa," ID="tl_9_7" STYLEREFS="FONT0"/>
          </TextLine>
          <TextLine ID="tl_10" BASELINE="963" HEIGHT="103.93700787401575" WIDTH="1648.8188976377953" VPOS="1412.5984251968505" HPOS="544.8818897637796">
            <String HEIGHT="103.93700787401575" WIDTH="337.00787401574803" VPOS="1412.5984251968505" HPOS="507.0866141732283" CONTENT="ville" ID="tl_10_1" STYLEREFS="FONT0"/>
            <SP HEIGHT="103.93700787401575" WIDTH="37.79527559055118" VPOS="1412.5984251968505" HPOS="844.0944881889764"/>
            <String HEIGHT="103.93700787401575" WIDTH="225.1968503937008" VPOS="1412.5984251968505" HPOS="732.2834645669292" CONTENT="de" ID="tl_10_2" STYLEREFS="FONT0"/>
            <SP HEIGHT="103.93700787401575" WIDTH="37.79527559055118" VPOS="1412.5984251968505" HPOS="957.4803149606299"/>
            <String HEIGHT="103.93700787401575" WIDTH="225.1968503937008" VPOS="1412.5984251968505" HPOS="844.0944881889764" CONTENT="la" ID="tl_10_3" STYLEREFS="FONT0"/>
            <SP HEIGHT="103.93700787401575" WIDTH="37.79527559055118" VPOS="1412.5984251968505" HPOS="1069.291338582677"/>
            <String HEIGHT="103.93700787401575" WIDTH="337.00787401574803" VPOS="1412.5984251968505" HPOS="957.4803149606299" CONTENT="tribu" ID="tl_10_4" STYLEREFS="FONT0"/>
            <SP HEIGHT="103.93700787401575" WIDTH="37.79527559055118" VPOS="1412.5984251968505" HPOS="1294.4881889763778"/>
            <String HEIGHT="103.93700787401575" WIDTH="225.1968503937008" VPOS="1412.5984251968505" HPOS="1182.6771653543308" CONTENT="de" ID="tl_10_5" STYLEREFS="FONT0"/>
            <SP HEIGHT="103.93700787401575" WIDTH="37.79527559055118" VPOS="1412.5984251968505" HPOS="1406.2992125984251"/>
            <String HEIGHT="103.93700787401575" WIDTH="486.61417322834643" VPOS="1412.5984251968505" HPOS="1294.4881889763778" CONTENT="Benjamin," ID="tl_10_6" STYLEREFS="FONT0"/>
            <SP HEIGHT="103.93700787401575" WIDTH="37.79527559055118" VPOS="1412.5984251968505" HPOS="1781.1023622047244"/>
            <String HEIGHT="103.93700787401575" WIDTH="412.59842519685037" VPOS="1412.5984251968505" HPOS="1669.291338582677" CONTENT="ennemie" ID="tl_10_7" STYLEREFS="FONT0"/>
            <SP HEIGHT="103.93700787401575" WIDTH="37.79527559055118" VPOS="1412.5984251968505" HPOS="2081.8897637795276"/>
            <String HEIGHT="103.93700787401575" WIDTH="225.1968503937008" VPOS="1412.5984251968505" HPOS="1968.5039370078741" CONTENT="de" ID="tl_10_8" STYLEREFS="FONT0"/>
            <SP HEIGHT="103.93700787401575" WIDTH="37.79527559055118" VPOS="1412.5984251968505" HPOS="2193.700787401575"/>
            <String HEIGHT="103.93700787401575" WIDTH="149.60629921259843" VPOS="1412.5984251968505" HPOS="2044.0944881889764" CONTENT="la" ID="tl_10_9" STYLEREFS="FONT0"/>
          </TextLine>
          <TextLine ID="tl_11" BASELINE="1030" HEIGHT="100.78740157480316" WIDTH="1653.5433070866143" VPOS="1521.259842519685" HPOS="541.7322834645669">
            <String HEIGHT="100.78740157480316" WIDTH="330.70866141732284" VPOS="1521.259842519685" HPOS="505.51181102362204" CONTENT="tribu" ID="tl_11_1" STYLEREFS="FONT0"/>
            <SP HEIGHT="100.78740157480316" WIDTH="36.22047244094488" VPOS="1521.259842519685" HPOS="836.2204724409448"/>
            <String HEIGHT="100.78740157480316" WIDTH="220.4724409448819" VPOS="1521.259842519685" HPOS="725.9842519685039" CONTENT="du" ID="tl_11_2" STYLEREFS="FONT0"/>
            <SP HEIGHT="100.78740157480316" WIDTH="36.22047244094488" VPOS="1521.259842519685" HPOS="946.4566929133858"/>
            <String HEIGHT="100.78740157480316" WIDTH="404.7244094488189" VPOS="1521.259842519685" HPOS="836.2204724409448" CONTENT="lévite," ID="tl_11_3" STYLEREFS="FONT0"/>
            <SP HEIGHT="100.78740157480316" WIDTH="36.22047244094488" VPOS="1521.259842519685" HPOS="1239.3700787401574"/>
            <String HEIGHT="100.78740157480316" WIDTH="587.4015748031496" VPOS="1521.259842519685" HPOS="1129.1338582677165" CONTENT="parcequ’elle" ID="tl_11_4" STYLEREFS="FONT0"/>
            <SP HEIGHT="100.78740157480316" WIDTH="36.22047244094488" VPOS="1521.259842519685" HPOS="1718.1102362204724"/>
            <String HEIGHT="100.78740157480316" WIDTH="404.7244094488189" VPOS="1521.259842519685" HPOS="1607.8740157480315" CONTENT="adoroit" ID="tl_11_5" STYLEREFS="FONT0"/>
            <SP HEIGHT="100.78740157480316" WIDTH="36.22047244094488" VPOS="1521.259842519685" HPOS="2011.023622047244"/>
            <String HEIGHT="100.78740157480316" WIDTH="220.4724409448819" VPOS="1521.259842519685" HPOS="1900.7874015748032" CONTENT="le" ID="tl_11_6" STYLEREFS="FONT0"/>
            <SP HEIGHT="100.78740157480316" WIDTH="36.22047244094488" VPOS="1521.259842519685" HPOS="2121.259842519685"/>
            <String HEIGHT="100.78740157480316" WIDTH="220.4724409448819" VPOS="1521.259842519685" HPOS="1974.8031496062993" CONTENT="vrai" ID="tl_11_7" STYLEREFS="FONT0"/>
          </TextLine>
          <TextLine ID="tl_12" BASELINE="1095" HEIGHT="99.21259842519684" WIDTH="1653.5433070866143" VPOS="1625.1968503937007" HPOS="541.7322834645669">
            <String HEIGHT="99.21259842519684" WIDTH="346.45669291338584" VPOS="1625.1968503937007" HPOS="503.93700787401576" CONTENT="Dieu." ID="tl_12_1" STYLEREFS="FONT0"/>
            <SP HEIGHT="99.21259842519684" WIDTH="37.79527559055118" VPOS="1625.1968503937007" HPOS="848.8188976377953"/>
            <String HEIGHT="99.21259842519684" WIDTH="346.45669291338584" VPOS="1625.1968503937007" HPOS="733.8582677165355" CONTENT="Aucun" ID="tl_12_2" STYLEREFS="FONT0"/>
            <SP HEIGHT="99.21259842519684" WIDTH="37.79527559055118" VPOS="1625.1968503937007" HPOS="1080.3149606299212"/>
            <String HEIGHT="99.21259842519684" WIDTH="269.29133858267716" VPOS="1625.1968503937007" HPOS="965.3543307086615" CONTENT="des" ID="tl_12_3" STYLEREFS="FONT0"/>
            <SP HEIGHT="99.21259842519684" WIDTH="37.79527559055118" VPOS="1625.1968503937007" HPOS="1234.6456692913387"/>
            <String HEIGHT="99.21259842519684" WIDTH="499.21259842519686" VPOS="1625.1968503937007" HPOS="1118.1102362204724" CONTENT="habitants" ID="tl_12_4" STYLEREFS="FONT0"/>
            <SP HEIGHT="99.21259842519684" WIDTH="37.79527559055118" VPOS="1625.1968503937007" HPOS="1618.8976377952756"/>
            <String HEIGHT="99.21259842519684" WIDTH="231.49606299212599" VPOS="1625.1968503937007" HPOS="1502.3622047244094" CONTENT="ne" ID="tl_12_5" STYLEREFS="FONT0"/>
            <SP HEIGHT="99.21259842519684" WIDTH="37.79527559055118" VPOS="1625.1968503937007" HPOS="1733.8582677165355"/>
            <String HEIGHT="99.21259842519684" WIDTH="307.0866141732283" VPOS="1625.1968503937007" HPOS="1618.8976377952756" CONTENT="veut" ID="tl_12_6" STYLEREFS="FONT0"/>
            <SP HEIGHT="99.21259842519684" WIDTH="37.79527559055118" VPOS="1625.1968503937007" HPOS="1925.984251968504"/>
            <String HEIGHT="99.21259842519684" WIDTH="307.0866141732283" VPOS="1625.1968503937007" HPOS="1811.023622047244" CONTENT="leur" ID="tl_12_7" STYLEREFS="FONT0"/>
            <SP HEIGHT="99.21259842519684" WIDTH="37.79527559055118" VPOS="1625.1968503937007" HPOS="2118.1102362204724"/>
            <String HEIGHT="99.21259842519684" WIDTH="231.49606299212599" VPOS="1625.1968503937007" HPOS="1963.7795275590552" CONTENT="don" SUBS_TYPE="HypPart1" SUBS_CONTENT="donner" ID="tl_12_8" STYLEREFS="FONT0"/>
            <HYP CONTENT="-"/>
          </TextLine>
          <TextLine ID="tl_13" BASELINE="1176" HEIGHT="113.38582677165354" WIDTH="1653.5433070866143" VPOS="1738.5826771653544" HPOS="544.8818897637796">
            <String HEIGHT="113.38582677165354" WIDTH="245.66929133858267" VPOS="1738.5826771653544" HPOS="510.23622047244095" CONTENT="ner" SUBS_TYPE="HypPart2" SUBS_CONTENT="donner" ID="tl_13_1" STYLEREFS="FONT0"/>
            <SP HEIGHT="113.38582677165354" WIDTH="34.645669291338585" VPOS="1738.5826771653544" HPOS="755.9055118110236"/>
            <String HEIGHT="113.38582677165354" WIDTH="211.0236220472441" VPOS="1738.5826771653544" HPOS="650.3937007874016" CONTENT="un" ID="tl_13_2" STYLEREFS="FONT0"/>
            <SP HEIGHT="113.38582677165354" WIDTH="34.645669291338585" VPOS="1738.5826771653544" HPOS="861.4173228346457"/>
            <String HEIGHT="113.38582677165354" WIDTH="351.18110236220474" VPOS="1738.5826771653544" HPOS="755.9055118110236" CONTENT="asile;" ID="tl_13_3" STYLEREFS="FONT0"/>
            <SP HEIGHT="113.38582677165354" WIDTH="34.645669291338585" VPOS="1738.5826771653544" HPOS="1107.0866141732283"/>
            <String HEIGHT="113.38582677165354" WIDTH="456.6929133858268" VPOS="1738.5826771653544" HPOS="1001.5748031496063" CONTENT="cependant" ID="tl_13_4" STYLEREFS="FONT0"/>
            <SP HEIGHT="113.38582677165354" WIDTH="34.645669291338585" VPOS="1738.5826771653544" HPOS="1459.8425196850394"/>
            <String HEIGHT="113.38582677165354" WIDTH="211.0236220472441" VPOS="1738.5826771653544" HPOS="1354.3307086614172" CONTENT="un" ID="tl_13_5" STYLEREFS="FONT0"/>
            <SP HEIGHT="113.38582677165354" WIDTH="34.645669291338585" VPOS="1738.5826771653544" HPOS="1565.3543307086613"/>
            <String HEIGHT="113.38582677165354" WIDTH="456.6929133858268" VPOS="1738.5826771653544" HPOS="1459.8425196850394" CONTENT="vieillard" ID="tl_13_6" STYLEREFS="FONT0"/>
            <SP HEIGHT="113.38582677165354" WIDTH="34.645669291338585" VPOS="1738.5826771653544" HPOS="1916.5354330708662"/>
            <String HEIGHT="113.38582677165354" WIDTH="245.66929133858267" VPOS="1738.5826771653544" HPOS="1811.023622047244" CONTENT="les" ID="tl_13_7" STYLEREFS="FONT0"/>
            <SP HEIGHT="113.38582677165354" WIDTH="34.645669291338585" VPOS="1738.5826771653544" HPOS="2058.267716535433"/>
            <String HEIGHT="113.38582677165354" WIDTH="281.8897637795276" VPOS="1738.5826771653544" HPOS="1916.5354330708662" CONTENT="reçoit" ID="tl_13_8" STYLEREFS="FONT0"/>
          </TextLine>
          <TextLine ID="tl_14" BASELINE="1234" HEIGHT="99.21259842519684" WIDTH="1648.8188976377953" VPOS="1844.0944881889764" HPOS="544.8818897637796">
            <String HEIGHT="99.21259842519684" WIDTH="313.38582677165357" VPOS="1844.0944881889764" HPOS="505.51181102362204" CONTENT="dans" ID="tl_14_1" STYLEREFS="FONT0"/>
            <SP HEIGHT="99.21259842519684" WIDTH="39.37007874015748" VPOS="1844.0944881889764" HPOS="820.4724409448819"/>
            <String HEIGHT="99.21259842519684" WIDTH="236.2204724409449" VPOS="1844.0944881889764" HPOS="702.3622047244095" CONTENT="sa" ID="tl_14_2" STYLEREFS="FONT0"/>
            <SP HEIGHT="99.21259842519684" WIDTH="39.37007874015748" VPOS="1844.0944881889764" HPOS="937.007874015748"/>
            <String HEIGHT="99.21259842519684" WIDTH="431.496062992126" VPOS="1844.0944881889764" HPOS="820.4724409448819" CONTENT="maison:" ID="tl_14_3" STYLEREFS="FONT0"/>
            <SP HEIGHT="99.21259842519684" WIDTH="39.37007874015748" VPOS="1844.0944881889764" HPOS="1251.9685039370079"/>
            <String HEIGHT="99.21259842519684" WIDTH="275.59055118110234" VPOS="1844.0944881889764" HPOS="1133.8582677165355" CONTENT="ils" ID="tl_14_4" STYLEREFS="FONT0"/>
            <SP HEIGHT="99.21259842519684" WIDTH="39.37007874015748" VPOS="1844.0944881889764" HPOS="1407.8740157480315"/>
            <String HEIGHT="99.21259842519684" WIDTH="549.6062992125984" VPOS="1844.0944881889764" HPOS="1291.3385826771653" CONTENT="comptoient" ID="tl_14_5" STYLEREFS="FONT0"/>
            <SP HEIGHT="99.21259842519684" WIDTH="39.37007874015748" VPOS="1844.0944881889764" HPOS="1840.9448818897638"/>
            <String HEIGHT="99.21259842519684" WIDTH="196.8503937007874" VPOS="1844.0944881889764" HPOS="1722.8346456692914" CONTENT="y" ID="tl_14_6" STYLEREFS="FONT0"/>
            <SP HEIGHT="99.21259842519684" WIDTH="39.37007874015748" VPOS="1844.0944881889764" HPOS="1919.6850393700788"/>
            <String HEIGHT="99.21259842519684" WIDTH="392.12598425196853" VPOS="1844.0944881889764" HPOS="1801.5748031496064" CONTENT="passer" ID="tl_14_7" STYLEREFS="FONT0"/>
            <SP HEIGHT="99.21259842519684" WIDTH="39.37007874015748" VPOS="1844.0944881889764" HPOS="2193.700787401575"/>
            <String HEIGHT="99.21259842519684" WIDTH="157.48031496062993" VPOS="1844.0944881889764" HPOS="2036.2204724409448" CONTENT="la" ID="tl_14_8" STYLEREFS="FONT0"/>
          </TextLine>
          <TextLine ID="tl_15" BASELINE="1316" HEIGHT="97.63779527559055" WIDTH="1651.9685039370079" VPOS="1974.8031496062993" HPOS="541.7322834645669">
            <String HEIGHT="97.63779527559055" WIDTH="330.70866141732284" VPOS="1974.8031496062993" HPOS="505.51181102362204" CONTENT="nuit," ID="tl_15_1" STYLEREFS="FONT0"/>
            <SP HEIGHT="97.63779527559055" WIDTH="36.22047244094488" VPOS="1974.8031496062993" HPOS="834.6456692913385"/>
            <String HEIGHT="97.63779527559055" WIDTH="513.3858267716536" VPOS="1974.8031496062993" HPOS="725.9842519685039" CONTENT="lorsqu’une" ID="tl_15_2" STYLEREFS="FONT0"/>
            <SP HEIGHT="97.63779527559055" WIDTH="36.22047244094488" VPOS="1974.8031496062993" HPOS="1239.3700787401574"/>
            <String HEIGHT="97.63779527559055" WIDTH="366.92913385826773" VPOS="1974.8031496062993" HPOS="1129.1338582677165" CONTENT="troupe" ID="tl_15_3" STYLEREFS="FONT0"/>
            <SP HEIGHT="97.63779527559055" WIDTH="36.22047244094488" VPOS="1974.8031496062993" HPOS="1496.0629921259842"/>
            <String HEIGHT="97.63779527559055" WIDTH="220.4724409448819" VPOS="1974.8031496062993" HPOS="1385.8267716535433" CONTENT="de" ID="tl_15_4" STYLEREFS="FONT0"/>
            <SP HEIGHT="97.63779527559055" WIDTH="36.22047244094488" VPOS="1974.8031496062993" HPOS="1606.2992125984251"/>
            <String HEIGHT="97.63779527559055" WIDTH="440.9448818897638" VPOS="1974.8031496062993" HPOS="1496.0629921259842" CONTENT="forcenés" ID="tl_15_5" STYLEREFS="FONT0"/>
            <SP HEIGHT="97.63779527559055" WIDTH="36.22047244094488" VPOS="1974.8031496062993" HPOS="1937.007874015748"/>
            <String HEIGHT="97.63779527559055" WIDTH="330.70866141732284" VPOS="1974.8031496062993" HPOS="1826.7716535433071" CONTENT="vient" ID="tl_15_6" STYLEREFS="FONT0"/>
            <SP HEIGHT="97.63779527559055" WIDTH="36.22047244094488" VPOS="1974.8031496062993" HPOS="2157.48031496063"/>
            <String HEIGHT="97.63779527559055" WIDTH="184.251968503937" VPOS="1974.8031496062993" HPOS="2009.4488188976377" CONTENT="de" SUBS_TYPE="HypPart1" SUBS_CONTENT="demander" ID="tl_15_7" STYLEREFS="FONT0"/>
            <HYP CONTENT="-"/>
          </TextLine>
          <TextLine ID="tl_16" BASELINE="1377" HEIGHT="114.96062992125984" WIDTH="1655.1181102362204" VPOS="2053.5433070866143" HPOS="537.007874015748">
            <String HEIGHT="114.96062992125984" WIDTH="344.88188976377955" VPOS="2053.5433070866143" HPOS="502.3622047244094" CONTENT="mander" SUBS_TYPE="HypPart2" SUBS_CONTENT="demander" ID="tl_16_1" STYLEREFS="FONT0"/>
            <SP HEIGHT="114.96062992125984" WIDTH="34.645669291338585" VPOS="2053.5433070866143" HPOS="847.2440944881889"/>
            <String HEIGHT="114.96062992125984" WIDTH="171.6535433070866" VPOS="2053.5433070866143" HPOS="743.3070866141733" CONTENT="à" ID="tl_16_2" STYLEREFS="FONT0"/>
            <SP HEIGHT="114.96062992125984" WIDTH="34.645669291338585" VPOS="2053.5433070866143" HPOS="916.5354330708661"/>
            <String HEIGHT="114.96062992125984" WIDTH="344.88188976377955" VPOS="2053.5433070866143" HPOS="812.5984251968504" CONTENT="grands" ID="tl_16_3" STYLEREFS="FONT0"/>
            <SP HEIGHT="114.96062992125984" WIDTH="34.645669291338585" VPOS="2053.5433070866143" HPOS="1157.4803149606298"/>
            <String HEIGHT="114.96062992125984" WIDTH="275.59055118110234" VPOS="2053.5433070866143" HPOS="1053.5433070866143" CONTENT="cris" ID="tl_16_4" STYLEREFS="FONT0"/>
            <SP HEIGHT="114.96062992125984" WIDTH="34.645669291338585" VPOS="2053.5433070866143" HPOS="1330.708661417323"/>
            <String HEIGHT="114.96062992125984" WIDTH="310.23622047244095" VPOS="2053.5433070866143" HPOS="1226.7716535433071" CONTENT="qu’on" ID="tl_16_5" STYLEREFS="FONT0"/>
            <SP HEIGHT="114.96062992125984" WIDTH="34.645669291338585" VPOS="2053.5433070866143" HPOS="1537.007874015748"/>
            <String HEIGHT="114.96062992125984" WIDTH="275.59055118110234" VPOS="2053.5433070866143" HPOS="1433.0708661417323" CONTENT="leur" ID="tl_16_6" STYLEREFS="FONT0"/>
            <SP HEIGHT="114.96062992125984" WIDTH="34.645669291338585" VPOS="2053.5433070866143" HPOS="1708.6614173228347"/>
            <String HEIGHT="114.96062992125984" WIDTH="310.23622047244095" VPOS="2053.5433070866143" HPOS="1606.2992125984251" CONTENT="livre" ID="tl_16_7" STYLEREFS="FONT0"/>
            <SP HEIGHT="114.96062992125984" WIDTH="34.645669291338585" VPOS="2053.5433070866143" HPOS="1916.5354330708662"/>
            <String HEIGHT="114.96062992125984" WIDTH="206.29921259842519" VPOS="2053.5433070866143" HPOS="1812.5984251968505" CONTENT="le" ID="tl_16_8" STYLEREFS="FONT0"/>
            <SP HEIGHT="114.96062992125984" WIDTH="34.645669291338585" VPOS="2053.5433070866143" HPOS="2020.4724409448818"/>
            <String HEIGHT="114.96062992125984" WIDTH="310.23622047244095" VPOS="2053.5433070866143" HPOS="1881.8897637795276" CONTENT="lévite." ID="tl_16_9" STYLEREFS="FONT0"/>
          </TextLine>
          <TextLine ID="tl_17" BASELINE="1442" HEIGHT="108.66141732283465" WIDTH="1653.5433070866143" VPOS="2162.2047244094488" HPOS="540.1574803149606">
            <String HEIGHT="108.66141732283465" WIDTH="281.8897637795276" VPOS="2162.2047244094488" HPOS="499.21259842519686" CONTENT="Son" ID="tl_17_1" STYLEREFS="FONT0"/>
            <SP HEIGHT="108.66141732283465" WIDTH="40.94488188976378" VPOS="2162.2047244094488" HPOS="782.6771653543307"/>
            <String HEIGHT="108.66141732283465" WIDTH="362.20472440944883" VPOS="2162.2047244094488" HPOS="661.4173228346457" CONTENT="hôte," ID="tl_17_2" STYLEREFS="FONT0"/>
            <SP HEIGHT="108.66141732283465" WIDTH="40.94488188976378" VPOS="2162.2047244094488" HPOS="1023.6220472440945"/>
            <String HEIGHT="108.66141732283465" WIDTH="322.8346456692913" VPOS="2162.2047244094488" HPOS="902.3622047244095" CONTENT="pour" ID="tl_17_3" STYLEREFS="FONT0"/>
            <SP HEIGHT="108.66141732283465" WIDTH="40.94488188976378" VPOS="2162.2047244094488" HPOS="1225.1968503937007"/>
            <String HEIGHT="108.66141732283465" WIDTH="403.1496062992126" VPOS="2162.2047244094488" HPOS="1105.5118110236222" CONTENT="sauver" ID="tl_17_4" STYLEREFS="FONT0"/>
            <SP HEIGHT="108.66141732283465" WIDTH="40.94488188976378" VPOS="2162.2047244094488" HPOS="1508.6614173228347"/>
            <String HEIGHT="108.66141732283465" WIDTH="242.51968503937007" VPOS="2162.2047244094488" HPOS="1387.4015748031495" CONTENT="le" ID="tl_17_5" STYLEREFS="FONT0"/>
            <SP HEIGHT="108.66141732283465" WIDTH="40.94488188976378" VPOS="2162.2047244094488" HPOS="1628.3464566929133"/>
            <String HEIGHT="108.66141732283465" WIDTH="483.46456692913387" VPOS="2162.2047244094488" HPOS="1508.6614173228347" CONTENT="ministre" ID="tl_17_6" STYLEREFS="FONT0"/>
            <SP HEIGHT="108.66141732283465" WIDTH="40.94488188976378" VPOS="2162.2047244094488" HPOS="1992.1259842519685"/>
            <String HEIGHT="108.66141732283465" WIDTH="242.51968503937007" VPOS="2162.2047244094488" HPOS="1870.8661417322835" CONTENT="du" ID="tl_17_7" STYLEREFS="FONT0"/>
            <SP HEIGHT="108.66141732283465" WIDTH="40.94488188976378" VPOS="2162.2047244094488" HPOS="2113.3858267716537"/>
            <String HEIGHT="108.66141732283465" WIDTH="242.51968503937007" VPOS="2162.2047244094488" HPOS="1951.1811023622047" CONTENT="Sei" SUBS_TYPE="HypPart1" SUBS_CONTENT="Seigneur" ID="tl_17_8" STYLEREFS="FONT0"/>
            <HYP CONTENT="-"/>
          </TextLine>
          <TextLine ID="tl_18" BASELINE="1518" HEIGHT="119.68503937007874" WIDTH="1650.3937007874015" VPOS="2270.8661417322833" HPOS="540.1574803149606">
            <String HEIGHT="119.68503937007874" WIDTH="337.00787401574803" VPOS="2270.8661417322833" HPOS="502.3622047244094" CONTENT="gneur" SUBS_TYPE="HypPart2" SUBS_CONTENT="Seigneur" ID="tl_18_1" STYLEREFS="FONT0"/>
            <SP HEIGHT="119.68503937007874" WIDTH="37.79527559055118" VPOS="2270.8661417322833" HPOS="840.9448818897638"/>
            <String HEIGHT="119.68503937007874" WIDTH="337.00787401574803" VPOS="2270.8661417322833" HPOS="727.5590551181102" CONTENT="offre" ID="tl_18_2" STYLEREFS="FONT0"/>
            <SP HEIGHT="119.68503937007874" WIDTH="37.79527559055118" VPOS="2270.8661417322833" HPOS="1064.5669291338584"/>
            <String HEIGHT="119.68503937007874" WIDTH="225.1968503937008" VPOS="2270.8661417322833" HPOS="952.7559055118111" CONTENT="de" ID="tl_18_3" STYLEREFS="FONT0"/>
            <SP HEIGHT="119.68503937007874" WIDTH="37.79527559055118" VPOS="2270.8661417322833" HPOS="1177.9527559055118"/>
            <String HEIGHT="119.68503937007874" WIDTH="300.78740157480314" VPOS="2270.8661417322833" HPOS="1064.5669291338584" CONTENT="leur" ID="tl_18_4" STYLEREFS="FONT0"/>
            <SP HEIGHT="119.68503937007874" WIDTH="37.79527559055118" VPOS="2270.8661417322833" HPOS="1365.3543307086613"/>
            <String HEIGHT="119.68503937007874" WIDTH="374.8031496062992" VPOS="2270.8661417322833" HPOS="1253.5433070866143" CONTENT="amener" ID="tl_18_5" STYLEREFS="FONT0"/>
            <SP HEIGHT="119.68503937007874" WIDTH="37.79527559055118" VPOS="2270.8661417322833" HPOS="1628.3464566929133"/>
            <String HEIGHT="119.68503937007874" WIDTH="225.1968503937008" VPOS="2270.8661417322833" HPOS="1514.9606299212599" CONTENT="sa" ID="tl_18_6" STYLEREFS="FONT0"/>
            <SP HEIGHT="119.68503937007874" WIDTH="37.79527559055118" VPOS="2270.8661417322833" HPOS="1740.1574803149606"/>
            <String HEIGHT="119.68503937007874" WIDTH="374.8031496062992" VPOS="2270.8661417322833" HPOS="1628.3464566929133" CONTENT="fille." ID="tl_18_7" STYLEREFS="FONT0"/>
            <SP HEIGHT="119.68503937007874" WIDTH="37.79527559055118" VPOS="2270.8661417322833" HPOS="2003.1496062992126"/>
            <String HEIGHT="119.68503937007874" WIDTH="225.1968503937008" VPOS="2270.8661417322833" HPOS="1889.763779527559" CONTENT="Sa" ID="tl_18_8" STYLEREFS="FONT0"/>
            <SP HEIGHT="119.68503937007874" WIDTH="37.79527559055118" VPOS="2270.8661417322833" HPOS="2114.9606299212596"/>
            <String HEIGHT="119.68503937007874" WIDTH="225.1968503937008" VPOS="2270.8661417322833" HPOS="1965.3543307086613" CONTENT="pro" SUBS_TYPE="HypPart1" SUBS_CONTENT="proposition" ID="tl_18_9" STYLEREFS="FONT0"/>
            <HYP CONTENT="-"/>
          </TextLine>
          <TextLine ID="tl_19" BASELINE="1591" HEIGHT="119.68503937007874" WIDTH="1650.3937007874015" VPOS="2385.8267716535433" HPOS="540.1574803149606">
            <String HEIGHT="119.68503937007874" WIDTH="439.37007874015745" VPOS="2385.8267716535433" HPOS="503.93700787401576" CONTENT="position" SUBS_TYPE="HypPart2" SUBS_CONTENT="proposition" ID="tl_19_1" STYLEREFS="FONT0"/>
            <SP HEIGHT="119.68503937007874" WIDTH="36.22047244094488" VPOS="2385.8267716535433" HPOS="943.3070866141733"/>
            <String HEIGHT="119.68503937007874" WIDTH="330.70866141732284" VPOS="2385.8267716535433" HPOS="833.0708661417323" CONTENT="n’est" ID="tl_19_2" STYLEREFS="FONT0"/>
            <SP HEIGHT="119.68503937007874" WIDTH="36.22047244094488" VPOS="2385.8267716535433" HPOS="1163.7795275590552"/>
            <String HEIGHT="119.68503937007874" WIDTH="330.70866141732284" VPOS="2385.8267716535433" HPOS="1053.5433070866143" CONTENT="point" ID="tl_19_3" STYLEREFS="FONT0"/>
            <SP HEIGHT="119.68503937007874" WIDTH="36.22047244094488" VPOS="2385.8267716535433" HPOS="1384.251968503937"/>
            <String HEIGHT="119.68503937007874" WIDTH="439.37007874015745" VPOS="2385.8267716535433" HPOS="1274.015748031496" CONTENT="écoutée:" ID="tl_19_4" STYLEREFS="FONT0"/>
            <SP HEIGHT="119.68503937007874" WIDTH="36.22047244094488" VPOS="2385.8267716535433" HPOS="1713.3858267716535"/>
            <String HEIGHT="119.68503937007874" WIDTH="330.70866141732284" VPOS="2385.8267716535433" HPOS="1603.1496062992126" CONTENT="alors" ID="tl_19_5" STYLEREFS="FONT0"/>
            <SP HEIGHT="119.68503937007874" WIDTH="36.22047244094488" VPOS="2385.8267716535433" HPOS="1933.8582677165355"/>
            <String HEIGHT="119.68503937007874" WIDTH="220.4724409448819" VPOS="2385.8267716535433" HPOS="1823.6220472440946" CONTENT="le" ID="tl_19_6" STYLEREFS="FONT0"/>
            <SP HEIGHT="119.68503937007874" WIDTH="36.22047244094488" VPOS="2385.8267716535433" HPOS="2044.0944881889764"/>
            <String HEIGHT="119.68503937007874" WIDTH="292.9133858267717" VPOS="2385.8267716535433" HPOS="1897.6377952755906" CONTENT="lévite" ID="tl_19_7" STYLEREFS="FONT0"/>
          </TextLine>
          <TextLine ID="tl_20" BASELINE="1652" HEIGHT="118.11023622047244" WIDTH="1648.8188976377953" VPOS="2483.464566929134" HPOS="538.5826771653543">
            <String HEIGHT="118.11023622047244" WIDTH="337.00787401574803" VPOS="2483.464566929134" HPOS="500.78740157480314" CONTENT="livre" ID="tl_20_1" STYLEREFS="FONT0"/>
            <SP HEIGHT="118.11023622047244" WIDTH="37.79527559055118" VPOS="2483.464566929134" HPOS="837.7952755905512"/>
            <String HEIGHT="118.11023622047244" WIDTH="187.4015748031496" VPOS="2483.464566929134" HPOS="725.9842519685039" CONTENT="à" ID="tl_20_2" STYLEREFS="FONT0"/>
            <SP HEIGHT="118.11023622047244" WIDTH="37.79527559055118" VPOS="2483.464566929134" HPOS="913.3858267716536"/>
            <String HEIGHT="118.11023622047244" WIDTH="262.99212598425197" VPOS="2483.464566929134" HPOS="801.5748031496063" CONTENT="ces" ID="tl_20_3" STYLEREFS="FONT0"/>
            <SP HEIGHT="118.11023622047244" WIDTH="37.79527559055118" VPOS="2483.464566929134" HPOS="1062.992125984252"/>
            <String HEIGHT="118.11023622047244" WIDTH="450.3937007874016" VPOS="2483.464566929134" HPOS="951.1811023622047" CONTENT="brigands" ID="tl_20_4" STYLEREFS="FONT0"/>
            <SP HEIGHT="118.11023622047244" WIDTH="37.79527559055118" VPOS="2483.464566929134" HPOS="1400.0"/>
            <String HEIGHT="118.11023622047244" WIDTH="225.1968503937008" VPOS="2483.464566929134" HPOS="1288.1889763779527" CONTENT="sa" ID="tl_20_5" STYLEREFS="FONT0"/>
            <SP HEIGHT="118.11023622047244" WIDTH="37.79527559055118" VPOS="2483.464566929134" HPOS="1513.3858267716535"/>
            <String HEIGHT="118.11023622047244" WIDTH="450.3937007874016" VPOS="2483.464566929134" HPOS="1400.0" CONTENT="compagne" ID="tl_20_6" STYLEREFS="FONT0"/>
            <SP HEIGHT="118.11023622047244" WIDTH="37.79527559055118" VPOS="2483.464566929134" HPOS="1850.3937007874015"/>
            <String HEIGHT="118.11023622047244" WIDTH="486.61417322834643" VPOS="2483.464566929134" HPOS="1700.7874015748032" CONTENT="bien" ID="tl_20_7" STYLEREFS="FONT0"/>
          </TextLine>
          <TextLine ID="tl_21" BASELINE="1724" HEIGHT="125.98425196850394" WIDTH="1645.6692913385828" VPOS="2588.9763779527557" HPOS="541.7322834645669">
            <String HEIGHT="125.98425196850394" WIDTH="261.4173228346457" VPOS="2588.9763779527557" HPOS="503.93700787401576" CONTENT="qui" ID="tl_21_1" STYLEREFS="FONT0"/>
            <SP HEIGHT="125.98425196850394" WIDTH="37.79527559055118" VPOS="2588.9763779527557" HPOS="766.9291338582677"/>
            <String HEIGHT="125.98425196850394" WIDTH="448.81889763779526" VPOS="2588.9763779527557" HPOS="653.5433070866142" CONTENT="succombe" ID="tl_21_2" STYLEREFS="FONT0"/>
            <SP HEIGHT="125.98425196850394" WIDTH="37.79527559055118" VPOS="2588.9763779527557" HPOS="1102.3622047244094"/>
            <String HEIGHT="125.98425196850394" WIDTH="411.0236220472441" VPOS="2588.9763779527557" HPOS="990.5511811023622" CONTENT="bientôt" ID="tl_21_3" STYLEREFS="FONT0"/>
            <SP HEIGHT="125.98425196850394" WIDTH="37.79527559055118" VPOS="2588.9763779527557" HPOS="1401.5748031496064"/>
            <String HEIGHT="125.98425196850394" WIDTH="411.0236220472441" VPOS="2588.9763779527557" HPOS="1289.763779527559" CONTENT="victime" ID="tl_21_4" STYLEREFS="FONT0"/>
            <SP HEIGHT="125.98425196850394" WIDTH="37.79527559055118" VPOS="2588.9763779527557" HPOS="1700.7874015748032"/>
            <String HEIGHT="125.98425196850394" WIDTH="225.1968503937008" VPOS="2588.9763779527557" HPOS="1588.976377952756" CONTENT="de" ID="tl_21_5" STYLEREFS="FONT0"/>
            <SP HEIGHT="125.98425196850394" WIDTH="37.79527559055118" VPOS="2588.9763779527557" HPOS="1814.1732283464567"/>
            <String HEIGHT="125.98425196850394" WIDTH="299.21259842519686" VPOS="2588.9763779527557" HPOS="1700.7874015748032" CONTENT="leur" ID="tl_21_6" STYLEREFS="FONT0"/>
            <SP HEIGHT="125.98425196850394" WIDTH="37.79527559055118" VPOS="2588.9763779527557" HPOS="2000.0"/>
            <String HEIGHT="125.98425196850394" WIDTH="299.21259842519686" VPOS="2588.9763779527557" HPOS="1888.1889763779527" CONTENT="rage" ID="tl_21_7" STYLEREFS="FONT0"/>
            <SP HEIGHT="125.98425196850394" WIDTH="37.79527559055118" VPOS="2588.9763779527557" HPOS="2187.4015748031497"/>
            <String HEIGHT="125.98425196850394" WIDTH="149.60629921259843" VPOS="2588.9763779527557" HPOS="2037.7952755905512" CONTENT="et" ID="tl_21_8" STYLEREFS="FONT0"/>
          </TextLine>
          <TextLine ID="tl_22" BASELINE="1793" HEIGHT="116.53543307086615" WIDTH="637.7952755905512" VPOS="2707.0866141732286" HPOS="541.7322834645669">
            <String HEIGHT="116.53543307086615" WIDTH="212.5984251968504" VPOS="2707.0866141732286" HPOS="507.0866141732283" CONTENT="de" ID="tl_22_1" STYLEREFS="FONT0"/>
            <SP HEIGHT="116.53543307086615" WIDTH="36.22047244094488" VPOS="2707.0866141732286" HPOS="719.6850393700787"/>
            <String HEIGHT="116.53543307086615" WIDTH="283.46456692913387" VPOS="2707.0866141732286" HPOS="612.5984251968504" CONTENT="leur" ID="tl_22_2" STYLEREFS="FONT0"/>
            <SP HEIGHT="116.53543307086615" WIDTH="36.22047244094488" VPOS="2707.0866141732286" HPOS="896.0629921259842"/>
            <String HEIGHT="116.53543307086615" WIDTH="425.1968503937008" VPOS="2707.0866141732286" HPOS="754.3307086614174" CONTENT="brutalité." ID="tl_22_3" STYLEREFS="FONT0"/>
          </TextLine>
        </TextBlock>
        <TextBlock ID="r_1_3" HEIGHT="847.2440944881889" WIDTH="1636.2204724409448" VPOS="2837.7952755905512" HPOS="543.3070866141733">
          <TextLine ID="tl_23" BASELINE="1875" HEIGHT="127.55905511811024" WIDTH="1563.7795275590552" VPOS="2825.196850393701" HPOS="625.1968503937007">
            <String HEIGHT="127.55905511811024" WIDTH="274.01574803149606" VPOS="2825.196850393701" HPOS="585.8267716535433" CONTENT="Les" ID="tl_23_1" STYLEREFS="FONT0"/>
            <SP HEIGHT="127.55905511811024" WIDTH="39.37007874015748" VPOS="2825.196850393701" HPOS="859.8425196850394"/>
            <String HEIGHT="127.55905511811024" WIDTH="508.66141732283467" VPOS="2825.196850393701" HPOS="741.7322834645669" CONTENT="approches" ID="tl_23_2" STYLEREFS="FONT0"/>
            <SP HEIGHT="127.55905511811024" WIDTH="39.37007874015748" VPOS="2825.196850393701" HPOS="1250.3937007874015"/>
            <String HEIGHT="127.55905511811024" WIDTH="234.64566929133858" VPOS="2825.196850393701" HPOS="1133.8582677165355" CONTENT="du" ID="tl_23_3" STYLEREFS="FONT0"/>
            <SP HEIGHT="127.55905511811024" WIDTH="39.37007874015748" VPOS="2825.196850393701" HPOS="1368.5039370078741"/>
            <String HEIGHT="127.55905511811024" WIDTH="313.38582677165357" VPOS="2825.196850393701" HPOS="1250.3937007874015" CONTENT="jour" ID="tl_23_4" STYLEREFS="FONT0"/>
            <SP HEIGHT="127.55905511811024" WIDTH="39.37007874015748" VPOS="2825.196850393701" HPOS="1563.7795275590552"/>
            <String HEIGHT="127.55905511811024" WIDTH="351.18110236220474" VPOS="2825.196850393701" HPOS="1445.6692913385828" CONTENT="ayant" ID="tl_23_5" STYLEREFS="FONT0"/>
            <SP HEIGHT="127.55905511811024" WIDTH="39.37007874015748" VPOS="2825.196850393701" HPOS="1798.4251968503936"/>
            <String HEIGHT="127.55905511811024" WIDTH="469.29133858267716" VPOS="2825.196850393701" HPOS="1680.3149606299212" CONTENT="dispersé" ID="tl_23_6" STYLEREFS="FONT0"/>
            <SP HEIGHT="127.55905511811024" WIDTH="39.37007874015748" VPOS="2825.196850393701" HPOS="2149.6062992125985"/>
            <String HEIGHT="127.55905511811024" WIDTH="195.2755905511811" VPOS="2825.196850393701" HPOS="1993.7007874015749" CONTENT="ces" ID="tl_23_7" STYLEREFS="FONT0"/>
          </TextLine>
          <TextLine ID="tl_24" BASELINE="1924" HEIGHT="103.93700787401575" WIDTH="1653.5433070866143" VPOS="2925.984251968504" HPOS="533.8582677165355">
            <String HEIGHT="103.93700787401575" WIDTH="456.6929133858268" VPOS="2925.984251968504" HPOS="499.21259842519686" CONTENT="barbares," ID="tl_24_1" STYLEREFS="FONT0"/>
            <SP HEIGHT="103.93700787401575" WIDTH="34.645669291338585" VPOS="2925.984251968504" HPOS="955.9055118110236"/>
            <String HEIGHT="103.93700787401575" WIDTH="562.2047244094488" VPOS="2925.984251968504" HPOS="850.3937007874016" CONTENT="l’infortunée" ID="tl_24_2" STYLEREFS="FONT0"/>
            <SP HEIGHT="103.93700787401575" WIDTH="34.645669291338585" VPOS="2925.984251968504" HPOS="1414.1732283464567"/>
            <String HEIGHT="103.93700787401575" WIDTH="211.0236220472441" VPOS="2925.984251968504" HPOS="1307.0866141732283" CONTENT="se" ID="tl_24_3" STYLEREFS="FONT0"/>
            <SP HEIGHT="103.93700787401575" WIDTH="34.645669291338585" VPOS="2925.984251968504" HPOS="1519.6850393700788"/>
            <String HEIGHT="103.93700787401575" WIDTH="351.18110236220474" VPOS="2925.984251968504" HPOS="1414.1732283464567" CONTENT="traîne" ID="tl_24_4" STYLEREFS="FONT0"/>
            <SP HEIGHT="103.93700787401575" WIDTH="34.645669291338585" VPOS="2925.984251968504" HPOS="1765.3543307086613"/>
            <String HEIGHT="103.93700787401575" WIDTH="422.0472440944882" VPOS="2925.984251968504" HPOS="1659.8425196850394" CONTENT="jusqu’au" ID="tl_24_5" STYLEREFS="FONT0"/>
            <SP HEIGHT="103.93700787401575" WIDTH="34.645669291338585" VPOS="2925.984251968504" HPOS="2081.8897637795276"/>
            <String HEIGHT="103.93700787401575" WIDTH="245.66929133858267" VPOS="2925.984251968504" HPOS="1941.732283464567" CONTENT="logis" ID="tl_24_6" STYLEREFS="FONT0"/>
          </TextLine>
          <TextLine ID="tl_25" BASELINE="1991" HEIGHT="105.51181102362204" WIDTH="1647.244094488189" VPOS="3029.9212598425197" HPOS="538.5826771653543">
            <String HEIGHT="105.51181102362204" WIDTH="225.1968503937008" VPOS="3029.9212598425197" HPOS="500.78740157480314" CONTENT="du" ID="tl_25_1" STYLEREFS="FONT0"/>
            <SP HEIGHT="105.51181102362204" WIDTH="37.79527559055118" VPOS="3029.9212598425197" HPOS="725.9842519685039"/>
            <String HEIGHT="105.51181102362204" WIDTH="524.4094488188977" VPOS="3029.9212598425197" HPOS="614.1732283464567" CONTENT="vieillard;" ID="tl_25_2" STYLEREFS="FONT0"/>
            <SP HEIGHT="105.51181102362204" WIDTH="37.79527559055118" VPOS="3029.9212598425197" HPOS="1137.007874015748"/>
            <String HEIGHT="105.51181102362204" WIDTH="299.21259842519686" VPOS="3029.9212598425197" HPOS="1025.1968503937007" CONTENT="elle" ID="tl_25_3" STYLEREFS="FONT0"/>
            <SP HEIGHT="105.51181102362204" WIDTH="37.79527559055118" VPOS="3029.9212598425197" HPOS="1324.4094488188975"/>
            <String HEIGHT="105.51181102362204" WIDTH="337.00787401574803" VPOS="3029.9212598425197" HPOS="1212.5984251968505" CONTENT="tombe" ID="tl_25_4" STYLEREFS="FONT0"/>
            <SP HEIGHT="105.51181102362204" WIDTH="37.79527559055118" VPOS="3029.9212598425197" HPOS="1549.6062992125985"/>
            <String HEIGHT="105.51181102362204" WIDTH="187.4015748031496" VPOS="3029.9212598425197" HPOS="1437.7952755905512" CONTENT="à" ID="tl_25_5" STYLEREFS="FONT0"/>
            <SP HEIGHT="105.51181102362204" WIDTH="37.79527559055118" VPOS="3029.9212598425197" HPOS="1623.6220472440946"/>
            <String HEIGHT="105.51181102362204" WIDTH="225.1968503937008" VPOS="3029.9212598425197" HPOS="1511.8110236220473" CONTENT="la" ID="tl_25_6" STYLEREFS="FONT0"/>
            <SP HEIGHT="105.51181102362204" WIDTH="37.79527559055118" VPOS="3029.9212598425197" HPOS="1737.007874015748"/>
            <String HEIGHT="105.51181102362204" WIDTH="374.8031496062992" VPOS="3029.9212598425197" HPOS="1623.6220472440946" CONTENT="porte," ID="tl_25_7" STYLEREFS="FONT0"/>
            <SP HEIGHT="105.51181102362204" WIDTH="37.79527559055118" VPOS="3029.9212598425197" HPOS="1998.4251968503936"/>
            <String HEIGHT="105.51181102362204" WIDTH="225.1968503937008" VPOS="3029.9212598425197" HPOS="1886.6141732283465" CONTENT="la" ID="tl_25_8" STYLEREFS="FONT0"/>
            <SP HEIGHT="105.51181102362204" WIDTH="37.79527559055118" VPOS="3029.9212598425197" HPOS="2110.236220472441"/>
            <String HEIGHT="105.51181102362204" WIDTH="225.1968503937008" VPOS="3029.9212598425197" HPOS="1960.6299212598426" CONTENT="face" ID="tl_25_9" STYLEREFS="FONT0"/>
          </TextLine>
          <TextLine ID="tl_26" BASELINE="2081" HEIGHT="124.40944881889764" WIDTH="1647.244094488189" VPOS="3152.755905511811" HPOS="541.7322834645669">
            <String HEIGHT="124.40944881889764" WIDTH="357.4803149606299" VPOS="3152.755905511811" HPOS="505.51181102362204" CONTENT="contre" ID="tl_26_1" STYLEREFS="FONT0"/>
            <SP HEIGHT="124.40944881889764" WIDTH="36.22047244094488" VPOS="3152.755905511811" HPOS="864.5669291338583"/>
            <String HEIGHT="124.40944881889764" WIDTH="322.8346456692913" VPOS="3152.755905511811" HPOS="755.9055118110236" CONTENT="terre" ID="tl_26_2" STYLEREFS="FONT0"/>
            <SP HEIGHT="124.40944881889764" WIDTH="36.22047244094488" VPOS="3152.755905511811" HPOS="1078.740157480315"/>
            <String HEIGHT="124.40944881889764" WIDTH="214.17322834645668" VPOS="3152.755905511811" HPOS="971.6535433070866" CONTENT="et" ID="tl_26_3" STYLEREFS="FONT0"/>
            <SP HEIGHT="124.40944881889764" WIDTH="36.22047244094488" VPOS="3152.755905511811" HPOS="1185.8267716535433"/>
            <String HEIGHT="124.40944881889764" WIDTH="250.39370078740157" VPOS="3152.755905511811" HPOS="1078.740157480315" CONTENT="les" ID="tl_26_4" STYLEREFS="FONT0"/>
            <SP HEIGHT="124.40944881889764" WIDTH="36.22047244094488" VPOS="3152.755905511811" HPOS="1329.1338582677165"/>
            <String HEIGHT="124.40944881889764" WIDTH="286.61417322834643" VPOS="3152.755905511811" HPOS="1222.0472440944882" CONTENT="bras" ID="tl_26_5" STYLEREFS="FONT0"/>
            <SP HEIGHT="124.40944881889764" WIDTH="36.22047244094488" VPOS="3152.755905511811" HPOS="1508.6614173228347"/>
            <String HEIGHT="124.40944881889764" WIDTH="393.7007874015748" VPOS="3152.755905511811" HPOS="1401.5748031496064" CONTENT="étendus" ID="tl_26_6" STYLEREFS="FONT0"/>
            <SP HEIGHT="124.40944881889764" WIDTH="36.22047244094488" VPOS="3152.755905511811" HPOS="1795.275590551181"/>
            <String HEIGHT="124.40944881889764" WIDTH="250.39370078740157" VPOS="3152.755905511811" HPOS="1688.1889763779527" CONTENT="sur" ID="tl_26_7" STYLEREFS="FONT0"/>
            <SP HEIGHT="124.40944881889764" WIDTH="36.22047244094488" VPOS="3152.755905511811" HPOS="1938.5826771653544"/>
            <String HEIGHT="124.40944881889764" WIDTH="214.17322834645668" VPOS="3152.755905511811" HPOS="1831.4960629921259" CONTENT="le" ID="tl_26_8" STYLEREFS="FONT0"/>
            <SP HEIGHT="124.40944881889764" WIDTH="36.22047244094488" VPOS="3152.755905511811" HPOS="2045.6692913385828"/>
            <String HEIGHT="124.40944881889764" WIDTH="286.61417322834643" VPOS="3152.755905511811" HPOS="1902.3622047244094" CONTENT="seuil," ID="tl_26_9" STYLEREFS="FONT0"/>
          </TextLine>
          <TextLine ID="tl_27" BASELINE="2139" HEIGHT="118.11023622047244" WIDTH="1645.6692913385828" VPOS="3250.3937007874015" HPOS="540.1574803149606">
            <String HEIGHT="118.11023622047244" WIDTH="411.0236220472441" VPOS="3250.3937007874015" HPOS="502.3622047244094" CONTENT="lorsque" ID="tl_27_1" STYLEREFS="FONT0"/>
            <SP HEIGHT="118.11023622047244" WIDTH="37.79527559055118" VPOS="3250.3937007874015" HPOS="914.9606299212599"/>
            <String HEIGHT="118.11023622047244" WIDTH="225.1968503937008" VPOS="3250.3937007874015" HPOS="801.5748031496063" CONTENT="le" ID="tl_27_2" STYLEREFS="FONT0"/>
            <SP HEIGHT="118.11023622047244" WIDTH="37.79527559055118" VPOS="3250.3937007874015" HPOS="1026.7716535433071"/>
            <String HEIGHT="118.11023622047244" WIDTH="411.0236220472441" VPOS="3250.3937007874015" HPOS="914.9606299212599" CONTENT="lévite," ID="tl_27_3" STYLEREFS="FONT0"/>
            <SP HEIGHT="118.11023622047244" WIDTH="37.79527559055118" VPOS="3250.3937007874015" HPOS="1325.984251968504"/>
            <String HEIGHT="118.11023622047244" WIDTH="299.21259842519686" VPOS="3250.3937007874015" HPOS="1214.1732283464567" CONTENT="prêt" ID="tl_27_4" STYLEREFS="FONT0"/>
            <SP HEIGHT="118.11023622047244" WIDTH="37.79527559055118" VPOS="3250.3937007874015" HPOS="1513.3858267716535"/>
            <String HEIGHT="118.11023622047244" WIDTH="187.4015748031496" VPOS="3250.3937007874015" HPOS="1400.0" CONTENT="à" ID="tl_27_5" STYLEREFS="FONT0"/>
            <SP HEIGHT="118.11023622047244" WIDTH="37.79527559055118" VPOS="3250.3937007874015" HPOS="1587.4015748031495"/>
            <String HEIGHT="118.11023622047244" WIDTH="374.8031496062992" VPOS="3250.3937007874015" HPOS="1475.5905511811025" CONTENT="sortir" ID="tl_27_6" STYLEREFS="FONT0"/>
            <SP HEIGHT="118.11023622047244" WIDTH="37.79527559055118" VPOS="3250.3937007874015" HPOS="1848.8188976377953"/>
            <String HEIGHT="118.11023622047244" WIDTH="374.8031496062992" VPOS="3250.3937007874015" HPOS="1737.007874015748" CONTENT="trouve" ID="tl_27_7" STYLEREFS="FONT0"/>
            <SP HEIGHT="118.11023622047244" WIDTH="37.79527559055118" VPOS="3250.3937007874015" HPOS="2111.8110236220473"/>
            <String HEIGHT="118.11023622047244" WIDTH="225.1968503937008" VPOS="3250.3937007874015" HPOS="1962.2047244094488" CONTENT="dans" ID="tl_27_8" STYLEREFS="FONT0"/>
          </TextLine>
          <TextLine ID="tl_28" BASELINE="2204" HEIGHT="94.48818897637796" WIDTH="1639.3700787401574" VPOS="3376.3779527559054" HPOS="543.3070866141733">
            <String HEIGHT="94.48818897637796" WIDTH="261.4173228346457" VPOS="3376.3779527559054" HPOS="505.51181102362204" CONTENT="cet" ID="tl_28_1" STYLEREFS="FONT0"/>
            <SP HEIGHT="94.48818897637796" WIDTH="37.79527559055118" VPOS="3376.3779527559054" HPOS="766.9291338582677"/>
            <String HEIGHT="94.48818897637796" WIDTH="297.6377952755906" VPOS="3376.3779527559054" HPOS="655.1181102362204" CONTENT="état" ID="tl_28_2" STYLEREFS="FONT0"/>
            <SP HEIGHT="94.48818897637796" WIDTH="37.79527559055118" VPOS="3376.3779527559054" HPOS="952.7559055118111"/>
            <String HEIGHT="94.48818897637796" WIDTH="261.4173228346457" VPOS="3376.3779527559054" HPOS="840.9448818897638" CONTENT="une" ID="tl_28_3" STYLEREFS="FONT0"/>
            <SP HEIGHT="94.48818897637796" WIDTH="37.79527559055118" VPOS="3376.3779527559054" HPOS="1102.3622047244094"/>
            <String HEIGHT="94.48818897637796" WIDTH="373.2283464566929" VPOS="3376.3779527559054" HPOS="990.5511811023622" CONTENT="épouse" ID="tl_28_4" STYLEREFS="FONT0"/>
            <SP HEIGHT="94.48818897637796" WIDTH="37.79527559055118" VPOS="3376.3779527559054" HPOS="1363.7795275590552"/>
            <String HEIGHT="94.48818897637796" WIDTH="335.43307086614175" VPOS="3376.3779527559054" HPOS="1251.9685039370079" CONTENT="qu’il" ID="tl_28_5" STYLEREFS="FONT0"/>
            <SP HEIGHT="94.48818897637796" WIDTH="37.79527559055118" VPOS="3376.3779527559054" HPOS="1585.8267716535433"/>
            <String HEIGHT="94.48818897637796" WIDTH="185.82677165354332" VPOS="3376.3779527559054" HPOS="1474.015748031496" CONTENT="a" ID="tl_28_6" STYLEREFS="FONT0"/>
            <SP HEIGHT="94.48818897637796" WIDTH="37.79527559055118" VPOS="3376.3779527559054" HPOS="1661.4173228346456"/>
            <String HEIGHT="94.48818897637796" WIDTH="409.4488188976378" VPOS="3376.3779527559054" HPOS="1549.6062992125985" CONTENT="pleurée" ID="tl_28_7" STYLEREFS="FONT0"/>
            <SP HEIGHT="94.48818897637796" WIDTH="37.79527559055118" VPOS="3376.3779527559054" HPOS="1959.0551181102362"/>
            <String HEIGHT="94.48818897637796" WIDTH="335.43307086614175" VPOS="3376.3779527559054" HPOS="1847.244094488189" CONTENT="toute" ID="tl_28_8" STYLEREFS="FONT0"/>
            <SP HEIGHT="94.48818897637796" WIDTH="37.79527559055118" VPOS="3376.3779527559054" HPOS="2182.6771653543306"/>
            <String HEIGHT="94.48818897637796" WIDTH="149.60629921259843" VPOS="3376.3779527559054" HPOS="2033.0708661417323" CONTENT="la" ID="tl_28_9" STYLEREFS="FONT0"/>
          </TextLine>
          <TextLine ID="tl_29" BASELINE="2274" HEIGHT="111.81102362204724" WIDTH="1644.0944881889764" VPOS="3469.2913385826773" HPOS="540.1574803149606">
            <String HEIGHT="111.81102362204724" WIDTH="314.96062992125985" VPOS="3469.2913385826773" HPOS="505.51181102362204" CONTENT="nuit." ID="tl_29_1" STYLEREFS="FONT0"/>
            <SP HEIGHT="111.81102362204724" WIDTH="34.645669291338585" VPOS="3469.2913385826773" HPOS="820.4724409448819"/>
            <String HEIGHT="111.81102362204724" WIDTH="244.09448818897638" VPOS="3469.2913385826773" HPOS="714.9606299212599" CONTENT="Les" ID="tl_29_2" STYLEREFS="FONT0"/>
            <SP HEIGHT="111.81102362204724" WIDTH="34.645669291338585" VPOS="3469.2913385826773" HPOS="960.6299212598425"/>
            <String HEIGHT="111.81102362204724" WIDTH="280.31496062992125" VPOS="3469.2913385826773" HPOS="855.1181102362204" CONTENT="cris" ID="tl_29_3" STYLEREFS="FONT0"/>
            <SP HEIGHT="111.81102362204724" WIDTH="34.645669291338585" VPOS="3469.2913385826773" HPOS="1135.4330708661416"/>
            <String HEIGHT="111.81102362204724" WIDTH="314.96062992125985" VPOS="3469.2913385826773" HPOS="1029.9212598425197" CONTENT="qu’il" ID="tl_29_4" STYLEREFS="FONT0"/>
            <SP HEIGHT="111.81102362204724" WIDTH="34.645669291338585" VPOS="3469.2913385826773" HPOS="1344.8818897637796"/>
            <String HEIGHT="111.81102362204724" WIDTH="314.96062992125985" VPOS="3469.2913385826773" HPOS="1239.3700787401574" CONTENT="élève" ID="tl_29_5" STYLEREFS="FONT0"/>
            <SP HEIGHT="111.81102362204724" WIDTH="34.645669291338585" VPOS="3469.2913385826773" HPOS="1554.3307086614172"/>
            <String HEIGHT="111.81102362204724" WIDTH="420.4724409448819" VPOS="3469.2913385826773" HPOS="1450.3937007874015" CONTENT="jusqu’au" ID="tl_29_6" STYLEREFS="FONT0"/>
            <SP HEIGHT="111.81102362204724" WIDTH="34.645669291338585" VPOS="3469.2913385826773" HPOS="1869.291338582677"/>
            <String HEIGHT="111.81102362204724" WIDTH="280.31496062992125" VPOS="3469.2913385826773" HPOS="1763.7795275590552" CONTENT="ciel" ID="tl_29_7" STYLEREFS="FONT0"/>
            <SP HEIGHT="111.81102362204724" WIDTH="34.645669291338585" VPOS="3469.2913385826773" HPOS="2044.0944881889764"/>
            <String HEIGHT="111.81102362204724" WIDTH="280.31496062992125" VPOS="3469.2913385826773" HPOS="1903.9370078740158" CONTENT="annon" SUBS_TYPE="HypPart1" SUBS_CONTENT="annoncent" ID="tl_29_8" STYLEREFS="FONT0"/>
            <HYP CONTENT="-"/>
          </TextLine>
          <TextLine ID="tl_30" BASELINE="2360" HEIGHT="144.88188976377953" WIDTH="1639.3700787401574" VPOS="3571.6535433070867" HPOS="541.7322834645669">
            <String HEIGHT="144.88188976377953" WIDTH="291.33858267716533" VPOS="3571.6535433070867" HPOS="505.51181102362204" CONTENT="cent" SUBS_TYPE="HypPart2" SUBS_CONTENT="annoncent" ID="tl_30_1" STYLEREFS="FONT0"/>
            <SP HEIGHT="144.88188976377953" WIDTH="36.22047244094488" VPOS="3571.6535433070867" HPOS="796.8503937007874"/>
            <String HEIGHT="144.88188976377953" WIDTH="255.11811023622047" VPOS="3571.6535433070867" HPOS="688.1889763779527" CONTENT="son" ID="tl_30_2" STYLEREFS="FONT0"/>
            <SP HEIGHT="144.88188976377953" WIDTH="36.22047244094488" VPOS="3571.6535433070867" HPOS="941.7322834645669"/>
            <String HEIGHT="144.88188976377953" WIDTH="510.23622047244095" VPOS="3571.6535433070867" HPOS="833.0708661417323" CONTENT="désespoir." ID="tl_30_3" STYLEREFS="FONT0"/>
            <SP HEIGHT="144.88188976377953" WIDTH="36.22047244094488" VPOS="3571.6535433070867" HPOS="1343.3070866141732"/>
            <String HEIGHT="144.88188976377953" WIDTH="474.01574803149606" VPOS="3571.6535433070867" HPOS="1234.6456692913387" CONTENT="Cependant" ID="tl_30_4" STYLEREFS="FONT0"/>
            <SP HEIGHT="144.88188976377953" WIDTH="36.22047244094488" VPOS="3571.6535433070867" HPOS="1707.0866141732283"/>
            <String HEIGHT="144.88188976377953" WIDTH="218.89763779527559" VPOS="3571.6535433070867" HPOS="1598.4251968503936" CONTENT="il" ID="tl_30_5" STYLEREFS="FONT0"/>
            <SP HEIGHT="144.88188976377953" WIDTH="36.22047244094488" VPOS="3571.6535433070867" HPOS="1817.3228346456692"/>
            <String HEIGHT="144.88188976377953" WIDTH="363.7795275590551" VPOS="3571.6535433070867" HPOS="1707.0866141732283" CONTENT="engage" ID="tl_30_6" STYLEREFS="FONT0"/>
            <SP HEIGHT="144.88188976377953" WIDTH="36.22047244094488" VPOS="3571.6535433070867" HPOS="2072.4409448818897"/>
            <String HEIGHT="144.88188976377953" WIDTH="255.11811023622047" VPOS="3571.6535433070867" HPOS="1925.984251968504" CONTENT="cette" ID="tl_30_7" STYLEREFS="FONT0"/>
          </TextLine>
        </TextBlock>
        <GraphicalElement ID="r_2" HEIGHT="6.299212598425197" WIDTH="168.50393700787401" VPOS="4201.574803149606" HPOS="2044.0944881889764"/>
        <GraphicalElement ID="r_3" HEIGHT="532.2834645669292" WIDTH="17.322834645669293" VPOS="1697.6377952755906" HPOS="4.724409448818897"/>
        <GraphicalElement ID="r_4" HEIGHT="918.1102362204724" WIDTH="28.346456692913385" VPOS="3330.7086614173227" HPOS="2363.779527559055"/>
        <GraphicalElement ID="r_5" HEIGHT="411.0236220472441" WIDTH="12.598425196850394" VPOS="111.81102362204724" HPOS="2404.7244094488187"/>
        <GraphicalElement ID="r_6" HEIGHT="190.5511811023622" WIDTH="14.173228346456693" VPOS="3415.748031496063" HPOS="0.0"/>
      </PrintSpace>
    </Page>
  </Layout>
</alto>
