2451.968503937008 4251.968503937008
946.4566929133858 385.8267716535433 289.76377952755905 179.5275590551181 (
1004.7244094488188 385.8267716535433 289.76377952755905 179.5275590551181 15)

384.251968503937 511.81102362204723 544.8818897637796 152.75590551181102 malheureuse
818.8976377952756 511.81102362204723 181.10236220472441 152.75590551181102 à
892.9133858267717 511.81102362204723 217.3228346456693 152.75590551181102 se
1001.5748031496063 511.81102362204723 362.20472440944883 152.75590551181102 lever;
1255.1181102362204 511.81102362204723 289.76377952755905 152.75590551181102 elle
1436.2204724409448 511.81102362204723 217.3228346456693 152.75590551181102 ne
1544.8818897637796 511.81102362204723 362.20472440944883 152.75590551181102 répond
1763.7795275590552 511.81102362204723 289.76377952755905 152.75590551181102 point:

381.1023622047244 658.2677165354331 196.8503937007874 127.55905511811024 il
480.31496062992125 658.2677165354331 196.8503937007874 127.55905511811024 la
577.9527559055118 658.2677165354331 395.2755905511811 127.55905511811024 regarde,
874.0157480314961 658.2677165354331 196.8503937007874 127.55905511811024 la
973.2283464566929 658.2677165354331 362.20472440944883 127.55905511811024 touche;
1236.2204724409448 658.2677165354331 262.99212598425197 127.55905511811024 elle
1400.0 658.2677165354331 362.20472440944883 127.55905511811024 n’étoit
1662.992125984252 658.2677165354331 296.06299212598424 127.55905511811024 plus:
1828.3464566929133 658.2677165354331 229.92125984251967 127.55905511811024 alors

381.1023622047244 777.9527559055118 217.3228346456693 97.63779527559055 il
489.76377952755905 777.9527559055118 400.0 97.63779527559055 emporte
781.1023622047244 777.9527559055118 253.54330708661416 97.63779527559055 son
925.9842519685039 777.9527559055118 327.5590551181102 97.63779527559055 corps
1143.3070866141732 777.9527559055118 291.33858267716533 97.63779527559055 dans
1325.984251968504 777.9527559055118 217.3228346456693 97.63779527559055 sa
1434.6456692913387 777.9527559055118 400.0 97.63779527559055 maison,
1724.4094488188975 777.9527559055118 217.3228346456693 97.63779527559055 le
1798.4251968503936 777.9527559055118 253.54330708661416 97.63779527559055 coupe

377.9527559055118 891.3385826771654 228.3464566929134 100.78740157480316 en
491.33858267716533 891.3385826771654 494.48818897637796 100.78740157480316 morceaux,
872.4409448818898 891.3385826771654 341.73228346456693 100.78740157480316 qu’il
1100.7874015748032 891.3385826771654 381.1023622047244 100.78740157480316 envoie
1366.9291338582677 891.3385826771654 266.1417322834646 100.78740157480316 aux
1519.6850393700788 891.3385826771654 341.73228346456693 100.78740157480316 douze
1710.236220472441 891.3385826771654 341.73228346456693 100.78740157480316 tribus.

377.9527559055118 1006.2992125984252 285.03937007874015 103.93700787401575 Tout
555.9055118110236 1006.2992125984252 355.90551181102364 103.93700787401575 Israël
806.2992125984252 1006.2992125984252 533.8582677165355 103.93700787401575 s’assemble:
1233.0708661417323 1006.2992125984252 214.17322834645668 103.93700787401575 le
1340.1574803149606 1006.2992125984252 355.90551181102364 103.93700787401575 lévite
1588.976377952756 1006.2992125984252 392.12598425196853 103.93700787401575 demande
1837.7952755905512 1006.2992125984252 214.17322834645668 103.93700787401575 ven-

373.2283464566929 1099.2125984251968 418.8976377952756 118.11023622047244 geance,
677.1653543307086 1099.2125984251968 228.3464566929134 118.11023622047244 et
792.1259842519685 1099.2125984251968 266.1417322834646 118.11023622047244 une
944.8818897637796 1099.2125984251968 343.3070866141732 118.11023622047244 armée
1173.2283464566929 1099.2125984251968 381.1023622047244 118.11023622047244 marche
1439.3700787401574 1099.2125984251968 381.1023622047244 118.11023622047244 contre
1705.5118110236222 1099.2125984251968 266.1417322834646 118.11023622047244 les
1820.4724409448818 1099.2125984251968 228.3464566929134 118.11023622047244 Ben-

368.503937007874 1203.1496062992126 480.31496062992125 132.28346456692913 jaminites,
746.4566929133858 1203.1496062992126 376.37795275590554 132.28346456692913 auteurs
1020.4724409448819 1203.1496062992126 206.29921259842519 132.28346456692913 de
1122.8346456692914 1203.1496062992126 206.29921259842519 132.28346456692913 ce
1225.1968503937007 1203.1496062992126 411.0236220472441 132.28346456692913 forfait:
1533.8582677165355 1203.1496062992126 239.37007874015748 132.28346456692913 ils
1670.8661417322835 1203.1496062992126 274.01574803149606 132.28346456692913 sont
1807.8740157480315 1203.1496062992126 239.37007874015748 132.28346456692913 vain-

368.503937007874 1332.283464566929 305.51181102362204 114.96062992125984 cus,
559.0551181102362 1332.283464566929 228.3464566929134 114.96062992125984 la
672.4409448818898 1332.283464566929 343.3070866141732 114.96062992125984 ville
902.3622047244095 1332.283464566929 228.3464566929134 114.96062992125984 de
1015.7480314960629 1332.283464566929 343.3070866141732 114.96062992125984 Gabaa
1245.6692913385828 1332.283464566929 418.8976377952756 114.96062992125984 devient
1549.6062992125985 1332.283464566929 228.3464566929134 114.96062992125984 la
1664.5669291338584 1332.283464566929 343.3070866141732 114.96062992125984 proie
1855.1181102362204 1332.283464566929 190.5511811023622 114.96062992125984 des

371.65354330708664 1442.5196850393702 456.6929133858268 85.03937007874016 flammes,
713.3858267716536 1442.5196850393702 228.3464566929134 85.03937007874016 et
828.3464566929134 1442.5196850393702 228.3464566929134 85.03937007874016 la
941.7322834645669 1442.5196850393702 341.73228346456693 85.03937007874016 tribu
1170.0787401574803 1442.5196850393702 228.3464566929134 85.03937007874016 de
1285.0393700787401 1442.5196850393702 456.6929133858268 85.03937007874016 Benjamin
1626.7716535433071 1442.5196850393702 341.73228346456693 85.03937007874016 périt
1817.3228346456692 1442.5196850393702 228.3464566929134 85.03937007874016 sous

374.8031496062992 1530.708661417323 333.8582677165354 129.13385826771653 l’épée
574.8031496062993 1530.708661417323 366.92913385826773 129.13385826771653 d’Israël.

450.3937007874016 1645.6692913385828 222.04724409448818 105.51181102362204 Le
560.6299212598425 1645.6692913385828 406.2992125984252 105.51181102362204 peintre
856.6929133858267 1645.6692913385828 184.251968503937 105.51181102362204 a
930.7086614173228 1645.6692913385828 370.0787401574803 105.51181102362204 choisi
1188.976377952756 1645.6692913385828 222.04724409448818 105.51181102362204 le
1299.2125984251968 1645.6692913385828 370.0787401574803 105.51181102362204 moment
1559.0551181102362 1645.6692913385828 222.04724409448818 105.51181102362204 où
1669.291338582677 1645.6692913385828 222.04724409448818 105.51181102362204 le
1743.3070866141732 1645.6692913385828 296.06299212598424 105.51181102362204 lévite

362.20472440944883 1788.976377952756 456.6929133858268 89.76377952755905 retrouve
703.9370078740158 1788.976377952756 266.1417322834646 89.76377952755905 son
856.6929133858267 1788.976377952756 381.1023622047244 89.76377952755905 épouse
1122.8346456692914 1788.976377952756 532.2834645669292 89.76377952755905 expirante;
1541.732283464567 1788.976377952756 228.3464566929134 89.76377952755905 le
1655.1181102362204 1788.976377952756 303.93700787401576 89.76377952755905 jour
1807.8740157480315 1788.976377952756 228.3464566929134 89.76377952755905 com-

359.0551181102362 1877.1653543307086 349.6062992125984 97.63779527559055 mence
592.1259842519685 1877.1653543307086 193.70078740157481 97.63779527559055 à
670.8661417322835 1877.1653543307086 505.51181102362204 97.63779527559055 paroître;
1059.8425196850394 1877.1653543307086 233.0708661417323 97.63779527559055 on
1176.3779527559054 1877.1653543307086 466.1417322834646 97.63779527559055 aperçoit
1525.984251968504 1877.1653543307086 311.81102362204723 97.63779527559055 dans
1719.6850393700788 1877.1653543307086 233.0708661417323 97.63779527559055 le
1798.4251968503936 1877.1653543307086 233.0708661417323 97.63779527559055 fond

355.90551181102364 1955.9055118110236 223.6220472440945 144.88188976377953 du
467.7165354330709 1955.9055118110236 411.0236220472441 144.88188976377953 tableau
766.9291338582677 1955.9055118110236 261.4173228346457 144.88188976377953 les
916.5354330708661 1955.9055118110236 485.03937007874015 144.88188976377953 coupables
1288.1889763779527 1955.9055118110236 596.8503937007874 144.88188976377953 Benjaminites
1773.2283464566929 1955.9055118110236 261.4173228346457 144.88188976377953 qui
1885.0393700787401 1955.9055118110236 149.60629921259843 144.88188976377953 se

324.40944881889766 2086.6141732283463 379.5275590551181 107.08661417322834 retirent.

451.9685039370079 2179.527559055118 201.5748031496063 163.7795275590551 Ce
552.7559055118111 2179.527559055118 335.43307086614175 163.7795275590551 sujet,
785.8267716535433 2179.527559055118 267.7165354330709 163.7795275590551 tiré
954.3307086614174 2179.527559055118 201.5748031496063 163.7795275590551 de
1053.5433070866143 2179.527559055118 201.5748031496063 163.7795275590551 la
1154.3307086614172 2179.527559055118 335.43307086614175 163.7795275590551 Bible,
1388.976377952756 2179.527559055118 300.78740157480314 163.7795275590551 livre
1590.5511811023623 2179.527559055118 234.64566929133858 163.7795275590551 des
1724.4094488188975 2179.527559055118 335.43307086614175 163.7795275590551 Juges,
1924.4094488188975 2179.527559055118 100.78740157480316 163.7795275590551 a

348.0314960629921 2322.834645669291 261.4173228346457 130.70866141732284 été
497.6377952755906 2322.834645669291 373.2283464566929 130.70866141732284 traité
759.0551181102362 2322.834645669291 261.4173228346457 130.70866141732284 par
908.6614173228346 2322.834645669291 223.6220472440945 130.70866141732284 J.
1020.4724409448819 2322.834645669291 223.6220472440945 130.70866141732284 J.
1132.283464566929 2322.834645669291 447.244094488189 130.70866141732284 Rousseau
1467.716535433071 2322.834645669291 297.6377952755906 130.70866141732284 dans
1653.5433070866143 2322.834645669291 223.6220472440945 130.70866141732284 un
1729.1338582677165 2322.834645669291 297.6377952755906 130.70866141732284 poëine

355.90551181102364 2422.047244094488 425.1968503937008 110.23622047244095 intitulé
674.0157480314961 2422.047244094488 212.5984251968504 110.23622047244095 le
779.5275590551181 2422.047244094488 354.3307086614173 110.23622047244095 Lévite
992.1259842519685 2422.047244094488 425.1968503937008 110.23622047244095 d’Éphraïm.

274.01574803149606 2548.031496062992 222.04724409448818 157.48031496062993 Ce
385.8267716535433 2548.031496062992 445.6692913385827 157.48031496062993 tableau,
719.6850393700787 2548.031496062992 371.65354330708664 157.48031496062993 exposé
979.5275590551181 2548.031496062992 222.04724409448818 157.48031496062993 au
1091.3385826771653 2548.031496062992 333.8582677165354 157.48031496062993 Salon
1313.3858267716535 2548.031496062992 222.04724409448818 157.48031496062993 de
1425.1968503937007 2548.031496062992 333.8582677165354 157.48031496062993 1817,
1647.244094488189 2548.031496062992 185.82677165354332 157.48031496062993 a
1685.0393700787401 2548.031496062992 333.8582677165354 157.48031496062993 partagé

187.4015748031496 2669.2913385826773 212.5984251968504 168.50393700787401 le
294.48818897637796 2669.2913385826773 283.46456692913387 168.50393700787401 prix
472.4409448818898 2669.2913385826773 283.46456692913387 168.50393700787401 avec
650.3937007874016 2669.2913385826773 212.5984251968504 168.50393700787401 le
755.9055118110236 2669.2913385826773 212.5984251968504 168.50393700787401 S.
862.992125984252 2669.2913385826773 390.5511811023622 168.50393700787401 Étienne
1146.4566929133857 2669.2913385826773 212.5984251968504 168.50393700787401 de
1253.5433070866143 2669.2913385826773 212.5984251968504 168.50393700787401 M.
1360.6299212598426 2669.2913385826773 283.46456692913387 168.50393700787401 Abel
1537.007874015748 2669.2913385826773 212.5984251968504 168.50393700787401 de
1609.4488188976377 2669.2913385826773 283.46456692913387 168.50393700787401 Pujol.

521.2598425196851 3061.417322834646 519.6850393700787 179.5275590551181 COUPIN
885.0393700787401 3061.417322834646 311.81102362204723 179.5275590551181 DE
1040.9448818897638 3061.417322834646 311.81102362204723 179.5275590551181 LA
1143.3070866141732 3061.417322834646 519.6850393700787 179.5275590551181 COUPRIE.

176.3779527559055 3285.0393700787404 357.4803149606299 173.22834645669292 17.
379.5275590551181 3285.0393700787404 357.4803149606299 173.22834645669292 Vue
584.2519685039371 3285.0393700787404 305.51181102362204 173.22834645669292 du
737.007874015748 3285.0393700787404 611.0236220472441 173.22834645669292 monument
1195.275590551181 3285.0393700787404 357.4803149606299 173.22834645669292 qui
1400.0 3285.0393700787404 611.0236220472441 173.22834645669292 renferme
1807.8740157480315 3285.0393700787404 203.1496062992126 173.22834645669292 le

270.86614173228344 3433.0708661417325 359.0551181102362 129.13385826771653 cœur
494.48818897637796 3433.0708661417325 269.29133858267716 129.13385826771653 de
628.3464566929134 3433.0708661417325 403.1496062992126 129.13385826771653 Henri
897.6377952755905 3433.0708661417325 313.38582677165357 129.13385826771653 IV,
1077.1653543307086 3433.0708661417325 359.0551181102362 129.13385826771653 dans
1300.7874015748032 3433.0708661417325 537.007874015748 129.13385826771653 l’église
1703.9370078740158 3433.0708661417325 269.29133858267716 129.13385826771653 de
1793.7007874015749 3433.0708661417325 223.6220472440945 129.13385826771653 l’é

275.59055118110234 3592.1259842519685 343.3070866141732 151.1811023622047 cole
489.76377952755905 3592.1259842519685 559.0551181102362 151.1811023622047 militaire
919.6850393700787 3592.1259842519685 258.26771653543307 151.1811023622047 de
1048.8188976377953 3592.1259842519685 258.26771653543307 151.1811023622047 La
1133.8582677165355 3592.1259842519685 387.40157480314963 151.1811023622047 Flèche.
