1557 2700
601 245 184 114 (
638 245 184 114 15)

244 325 346 97 malheureuse
520 325 115 97 à
567 325 138 97 se
636 325 230 97 lever;
797 325 184 97 elle
912 325 138 97 ne
981 325 230 97 répond
1120 325 184 97 point:

242 418 125 81 il
305 418 125 81 la
367 418 251 81 regarde,
555 418 125 81 la
618 418 230 81 touche;
785 418 167 81 elle
889 418 230 81 n’étoit
1056 418 188 81 plus:
1161 418 146 81 alors

242 494 138 62 il
311 494 254 62 emporte
496 494 161 62 son
588 494 208 62 corps
726 494 185 62 dans
842 494 138 62 sa
911 494 254 62 maison,
1095 494 138 62 le
1142 494 161 62 coupe

240 566 145 64 en
312 566 314 64 morceaux,
554 566 217 64 qu’il
699 566 242 64 envoie
868 566 169 64 aux
965 566 217 64 douze
1086 566 217 64 tribus.

240 639 181 66 Tout
353 639 226 66 Israël
512 639 339 66 s’assemble:
783 639 136 66 le
851 639 226 66 lévite
1009 639 249 66 demande
1167 639 136 66 ven-

237 698 266 75 geance,
430 698 145 75 et
503 698 169 75 une
600 698 218 75 armée
745 698 242 75 marche
914 698 242 75 contre
1083 698 169 75 les
1156 698 145 75 Ben-

234 764 305 84 jaminites,
474 764 239 84 auteurs
648 764 131 84 de
713 764 131 84 ce
778 764 261 84 forfait:
974 764 152 84 ils
1061 764 174 84 sont
1148 764 152 84 vain-

234 846 194 73 cus,
355 846 145 73 la
427 846 218 73 ville
573 846 145 73 de
645 846 218 73 Gabaa
791 846 266 73 devient
984 846 145 73 la
1057 846 218 73 proie
1178 846 121 73 des

236 916 290 54 flammes,
453 916 145 54 et
526 916 145 54 la
598 916 217 54 tribu
743 916 145 54 de
816 916 290 54 Benjamin
1033 916 217 54 périt
1154 916 145 54 sous

238 972 212 82 l’épée
365 972 233 82 d’Israël.

286 1045 141 67 Le
356 1045 258 67 peintre
544 1045 117 67 a
591 1045 235 67 choisi
755 1045 141 67 le
825 1045 235 67 moment
990 1045 141 67 où
1060 1045 141 67 le
1107 1045 188 67 lévite

230 1136 290 57 retrouve
447 1136 169 57 son
544 1136 242 57 épouse
713 1136 338 57 expirante;
979 1136 145 57 le
1051 1136 193 57 jour
1148 1136 145 57 com-

228 1192 222 62 mence
376 1192 123 62 à
426 1192 321 62 paroître;
673 1192 148 62 on
747 1192 296 62 aperçoit
969 1192 198 62 dans
1092 1192 148 62 le
1142 1192 148 62 fond

226 1242 142 92 du
297 1242 261 92 tableau
487 1242 166 92 les
582 1242 308 92 coupables
818 1242 379 92 Benjaminites
1126 1242 166 92 qui
1197 1242 95 92 se

206 1325 241 68 retirent.

287 1384 128 104 Ce
351 1384 213 104 sujet,
499 1384 170 104 tiré
606 1384 128 104 de
669 1384 128 104 la
733 1384 213 104 Bible,
882 1384 191 104 livre
1010 1384 149 104 des
1095 1384 213 104 Juges,
1222 1384 64 104 a

221 1475 166 83 été
316 1475 237 83 traité
482 1475 166 83 par
577 1475 142 83 J.
648 1475 142 83 J.
719 1475 284 83 Rousseau
932 1475 189 83 dans
1050 1475 142 83 un
1098 1475 189 83 poëine

226 1538 270 70 intitulé
428 1538 135 70 le
495 1538 225 70 Lévite
630 1538 270 70 d’Éphraïm.

174 1618 141 100 Ce
245 1618 283 100 tableau,
457 1618 236 100 exposé
622 1618 141 100 au
693 1618 212 100 Salon
834 1618 141 100 de
905 1618 212 100 1817,
1046 1618 118 100 a
1070 1618 212 100 partagé

119 1695 135 107 le
187 1695 180 107 prix
300 1695 180 107 avec
413 1695 135 107 le
480 1695 135 107 S.
548 1695 248 107 Étienne
728 1695 135 107 de
796 1695 135 107 M.
864 1695 180 107 Abel
976 1695 135 107 de
1022 1695 180 107 Pujol.

331 1944 330 114 COUPIN
562 1944 198 114 DE
661 1944 198 114 LA
726 1944 330 114 COUPRIE.

112 2086 227 110 17.
241 2086 227 110 Vue
371 2086 194 110 du
468 2086 388 110 monument
759 2086 227 110 qui
889 2086 388 110 renferme
1148 2086 129 110 le

172 2180 228 82 cœur
314 2180 171 82 de
399 2180 256 82 Henri
570 2180 199 82 IV,
684 2180 228 82 dans
826 2180 341 82 l’église
1082 2180 171 82 de
1139 2180 142 82 l’é

175 2281 218 96 cole
311 2281 355 96 militaire
584 2281 164 96 de
666 2281 164 96 La
720 2281 246 96 Flèche.
