2503.9370078740158 4318.110236220473
1051.9685039370079 409.4488188976378 288.18897637795277 159.0551181102362 (
1110.236220472441 409.4488188976378 288.18897637795277 159.0551181102362 16)

570.0787401574803 537.007874015748 362.20472440944883 133.85826771653544 Sully,
823.6220472440945 537.007874015748 400.0 133.85826771653544 accablé
1114.9606299212599 537.007874015748 325.98425196850394 133.85826771653544 d’une
1332.283464566929 537.007874015748 400.0 133.85826771653544 extrême
1622.0472440944882 537.007874015748 544.8818897637796 133.85826771653544 vieillesse,
2022.0472440944882 537.007874015748 144.88188976377953 133.85826771653544 et

480.31496062992125 681.8897637795276 422.0472440944882 114.96062992125984 sentant
787.4015748031496 681.8897637795276 229.92125984251967 114.96062992125984 sa
902.3622047244095 681.8897637795276 269.29133858267716 114.96062992125984 fin
1056.6929133858268 681.8897637795276 538.5826771653543 114.96062992125984 prochaine,
1478.740157480315 681.8897637795276 384.251968503937 114.96062992125984 vient,
1708.6614173228347 681.8897637795276 461.4173228346457 114.96062992125984 aceompagné

485.03937007874015 782.6771653543307 269.29133858267716 102.36220472440945 d’un
653.5433070866142 782.6771653543307 201.5748031496063 102.36220472440945 de
754.3307086614174 782.6771653543307 236.2204724409449 102.36220472440945 ses
888.1889763779527 782.6771653543307 540.1574803149606 102.36220472440945 petits-fils,
1327.5590551181103 782.6771653543307 370.0787401574803 102.36220472440945 visiter
1596.8503937007874 782.6771653543307 201.5748031496063 102.36220472440945 ce
1697.6377952755906 782.6771653543307 269.29133858267716 102.36220472440945 cœur
1833.0708661417323 782.6771653543307 337.00787401574803 102.36220472440945 généreux

486.61417322834643 900.7874015748032 280.31496062992125 94.48818897637796 dans
661.4173228346457 900.7874015748032 349.6062992125984 94.48818897637796 lequel
907.0866141732283 900.7874015748032 209.4488188976378 94.48818897637796 il
1011.0236220472441 900.7874015748032 314.96062992125985 94.48818897637796 avoit
1222.0472440944882 900.7874015748032 349.6062992125984 94.48818897637796 occupé
1466.1417322834645 900.7874015748032 245.66929133858267 94.48818897637796 une
1606.2992125984251 900.7874015748032 209.4488188976378 94.48818897637796 si
1711.8110236220473 900.7874015748032 314.96062992125985 94.48818897637796 belle
1886.6141732283465 900.7874015748032 280.31496062992125 94.48818897637796 place.

311.81102362204723 1333.8582677165355 371.65354330708664 116.53543307086615 DAVID
559.0551181102362 1333.8582677165355 826.7716535433071 116.53543307086615 (Jacques-Louis),
1262.992125984252 1333.8582677165355 248.8188976377953 116.53543307086615 né
1387.4015748031495 1333.8582677165355 206.29921259842519 116.53543307086615 à
1469.291338582677 1333.8582677165355 414.1732283464567 116.53543307086615 Paris,
1759.0551181102362 1333.8582677165355 248.8188976377953 116.53543307086615 de
1883.4645669291338 1333.8582677165355 248.8188976377953 116.53543307086615 la
1966.9291338582677 1333.8582677165355 206.29921259842519 116.53543307086615 ci-

395.2755905511811 1455.1181102362204 423.62204724409446 124.40944881889764 devant
691.3385826771654 1455.1181102362204 551.1811023622047 124.40944881889764 Académie,
1114.9606299212599 1455.1181102362204 253.54330708661416 124.40944881889764 et
1242.5196850393702 1455.1181102362204 508.66141732283467 124.40944881889764 officier
1623.6220472440946 1455.1181102362204 253.54330708661416 124.40944881889764 de
1751.1811023622047 1455.1181102362204 253.54330708661416 124.40944881889764 la
1836.2204724409448 1455.1181102362204 338.5826771653543 124.40944881889764 Légion

355.90551181102364 1562.2047244094488 516.5354330708661 125.98425196850394 d’Honneur.

332.2834645669291 1776.3779527559054 324.40944881889766 185.82677165354332 18.
516.5354330708661 1776.3779527559054 278.74015748031496 185.82677165354332 Le
656.6929133858267 1776.3779527559054 510.23622047244095 185.82677165354332 serment
1028.3464566929133 1776.3779527559054 324.40944881889766 185.82677165354332 des
1166.9291338582677 1776.3779527559054 464.56692913385825 185.82677165354332 Horaces.

577.9527559055118 1955.9055118110236 225.1968503937008 154.33070866141733 La
691.3385826771654 1955.9055118110236 374.8031496062992 154.33070866141733 guerre
952.7559055118111 1955.9055118110236 337.00787401574803 154.33070866141733 étant
1176.3779527559054 1955.9055118110236 448.81889763779526 154.33070866141733 déclarée
1513.3858267716535 1955.9055118110236 337.00787401574803 154.33070866141733 entre
1738.5826771653544 1955.9055118110236 261.4173228346457 154.33070866141733 les
1850.3937007874015 1955.9055118110236 337.00787401574803 154.33070866141733 Romains

497.6377952755906 2132.283464566929 225.1968503937008 105.51181102362204 et
611.0236220472441 2132.283464566929 262.99212598425197 105.51181102362204 les
760.6299212598425 2132.283464566929 450.3937007874016 105.51181102362204 Albains,
1097.6377952755906 2132.283464566929 225.1968503937008 105.51181102362204 le
1211.023622047244 2132.283464566929 412.59842519685037 105.51181102362204 général
1510.236220472441 2132.283464566929 374.8031496062992 105.51181102362204 d’Albe
1773.2283464566929 2132.283464566929 412.59842519685037 105.51181102362204 proposa
2036.2204724409448 2132.283464566929 149.60629921259843 105.51181102362204 au

502.3622047244094 2223.6220472440946 250.39370078740157 92.91338582677166 roi
645.6692913385826 2223.6220472440946 215.748031496063 92.91338582677166 de
754.3307086614174 2223.6220472440946 286.61417322834643 92.91338582677166 Rome
932.2834645669292 2223.6220472440946 215.748031496063 92.91338582677166 de
1040.9448818897638 2223.6220472440946 429.9212598425197 92.91338582677166 remettre
1363.7795275590552 2223.6220472440946 215.748031496063 92.91338582677166 la
1470.8661417322835 2223.6220472440946 429.9212598425197 92.91338582677166 destinée
1793.7007874015749 2223.6220472440946 215.748031496063 92.91338582677166 de
1900.7874015748032 2223.6220472440946 286.61417322834643 92.91338582677166 l’un
2044.0944881889764 2223.6220472440946 143.30708661417322 92.91338582677166 et

499.21259842519686 2352.755905511811 220.4724409448819 83.46456692913385 de
609.4488188976378 2352.755905511811 403.1496062992126 83.46456692913385 l’autre
902.3622047244095 2352.755905511811 366.92913385826773 83.46456692913385 peuple
1159.0551181102362 2352.755905511811 184.251968503937 83.46456692913385 à
1233.0708661417323 2352.755905511811 330.70866141732284 83.46456692913385 trois
1453.5433070866143 2352.755905511811 551.1811023622047 83.46456692913385 combattants
1894.4881889763778 2352.755905511811 220.4724409448819 83.46456692913385 de
1966.9291338582677 2352.755905511811 220.4724409448819 83.46456692913385 cha-

503.93700787401576 2431.496062992126 256.6929133858268 114.96062992125984 que
650.3937007874016 2431.496062992126 403.1496062992126 114.96062992125984 nation.
943.3070866141733 2431.496062992126 220.4724409448819 114.96062992125984 La
1053.5433070866143 2431.496062992126 551.1811023622047 114.96062992125984 proposition
1494.4881889763778 2431.496062992126 256.6929133858268 114.96062992125984 est
1640.9448818897638 2431.496062992126 477.1653543307087 114.96062992125984 acceptée:
1971.6535433070867 2431.496062992126 220.4724409448819 114.96062992125984 Rome

502.3622047244094 2538.582677165354 431.496062992126 99.21259842519684 choisit
817.3228346456693 2538.582677165354 275.59055118110234 99.21259842519684 les
973.2283464566929 2538.582677165354 431.496062992126 99.21259842519684 Horaces
1288.1889763779527 2538.582677165354 313.38582677165357 99.21259842519684 pour
1483.4645669291338 2538.582677165354 275.59055118110234 99.21259842519684 ses
1640.9448818897638 2538.582677165354 549.6062992125984 99.21259842519684 champions,
2033.0708661417323 2538.582677165354 157.48031496062993 99.21259842519684 et

503.93700787401576 2637.7952755905512 286.61417322834643 143.30708661417322 Albe
683.4645669291339 2637.7952755905512 395.2755905511811 143.30708661417322 choisit
970.0787401574803 2637.7952755905512 250.39370078740157 143.30708661417322 les
1114.9606299212599 2637.7952755905512 466.1417322834646 143.30708661417322 Curiaces.
1472.4409448818897 2637.7952755905512 215.748031496063 143.30708661417322 On
1581.1023622047244 2637.7952755905512 286.61417322834643 143.30708661417322 sait
1760.6299212598426 2637.7952755905512 250.39370078740157 143.30708661417322 que
1903.9370078740158 2637.7952755905512 250.39370078740157 143.30708661417322 les
2011.023622047244 2637.7952755905512 179.5275590551181 143.30708661417322 Ro-

507.0866141732283 2759.0551181102364 322.8346456692913 105.51181102362204 mains
722.8346456692914 2759.0551181102364 574.8031496062993 105.51181102362204 triomphèrent
1188.976377952756 2759.0551181102364 250.39370078740157 105.51181102362204 par
1332.283464566929 2759.0551181102364 215.748031496063 105.51181102362204 le
1440.9448818897638 2759.0551181102364 395.2755905511811 105.51181102362204 courage
1727.5590551181103 2759.0551181102364 215.748031496063 105.51181102362204 et
1798.4251968503936 2759.0551181102364 395.2755905511811 105.51181102362204 l’adresse

505.51181102362204 2861.417322834646 229.92125984251967 100.78740157480316 du
620.4724409448819 2861.417322834646 422.0472440944882 100.78740157480316 dernier
927.5590551181102 2861.417322834646 269.29133858267716 100.78740157480316 des
1081.8897637795276 2861.417322834646 461.4173228346457 100.78740157480316 Horaces.
1426.7716535433071 2861.417322834646 422.0472440944882 100.78740157480316 Honorés
1733.8582677165355 2861.417322834646 229.92125984251967 100.78740157480316 du
1848.8188976377953 2861.417322834646 346.45669291338584 100.78740157480316 choix
2040.9448818897638 2861.417322834646 154.33070866141733 100.78740157480316 de

505.51181102362204 2979.527559055118 354.3307086614173 111.81102362204724 leurs
741.7322834645669 2979.527559055118 628.3464566929134 111.81102362204724 concitoyens,
1251.9685039370079 2979.527559055118 431.496062992126 111.81102362204724 ceux-ci
1566.9291338582677 2979.527559055118 470.86614173228344 111.81102362204724 devoient
1880.3149606299212 2979.527559055118 314.96062992125985 111.81102362204724 encore

505.51181102362204 3081.8897637795276 412.59842519685037 97.63779527559055 obtenir
804.7244094488188 3081.8897637795276 225.1968503937008 97.63779527559055 le
918.1102362204724 3081.8897637795276 600.0 97.63779527559055 consentement
1404.724409448819 3081.8897637795276 225.1968503937008 97.63779527559055 de
1516.5354330708662 3081.8897637795276 299.21259842519686 97.63779527559055 leur
1667.716535433071 3081.8897637795276 261.4173228346457 97.63779527559055 père.

595.2755905511812 3190.551181102362 223.6220472440945 105.51181102362204 Le
707.0866141732283 3190.551181102362 409.4488188976378 105.51181102362204 peintre
1004.7244094488188 3190.551181102362 185.82677165354332 105.51181102362204 a
1078.740157480315 3190.551181102362 519.6850393700787 105.51181102362204 représenté
1488.1889763779527 3190.551181102362 259.84251968503935 105.51181102362204 les
1636.2204724409448 3190.551181102362 409.4488188976378 105.51181102362204 Horaces
1933.8582677165355 3190.551181102362 223.6220472440945 105.51181102362204 au
2007.8740157480315 3190.551181102362 185.82677165354332 105.51181102362204 mo-

516.5354330708661 3291.3385826771655 305.51181102362204 130.70866141732284 ment
707.0866141732283 3291.3385826771655 228.3464566929134 130.70866141732284 où
822.0472440944882 3291.3385826771655 267.7165354330709 130.70866141732284 ils
974.8031496062993 3291.3385826771655 267.7165354330709 130.70866141732284 ont
1125.984251968504 3291.3385826771655 420.4724409448819 130.70866141732284 demandé
1431.4960629921259 3291.3385826771655 190.5511811023622 130.70866141732284 à
1508.6614173228347 3291.3385826771655 305.51181102362204 130.70866141732284 leur
1699.2125984251968 3291.3385826771655 305.51181102362204 130.70866141732284 père
1889.763779527559 3291.3385826771655 228.3464566929134 130.70866141732284 la
1966.9291338582677 3291.3385826771655 228.3464566929134 130.70866141732284 per-

514.9606299212599 3411.0236220472443 401.5748031496063 97.63779527559055 mission
806.2992125984252 3411.0236220472443 218.89763779527559 97.63779527559055 de
916.5354330708661 3411.0236220472443 510.23622047244095 97.63779527559055 combattre.
1316.5354330708662 3411.0236220472443 474.01574803149606 97.63779527559055 Celui-ci,
1681.8897637795276 3411.0236220472443 510.23622047244095 97.63779527559055 transporté
2045.6692913385828 3411.0236220472443 146.45669291338584 97.63779527559055 de

516.5354330708661 3519.685039370079 314.96062992125985 118.11023622047244 joie,
725.9842519685039 3519.685039370079 245.66929133858267 118.11023622047244 les
866.1417322834645 3519.685039370079 385.8267716535433 118.11023622047244 exhorte
1146.4566929133857 3519.685039370079 174.8031496062992 118.11023622047244 à
1215.748031496063 3519.685039370079 209.4488188976378 118.11023622047244 se
1321.259842519685 3519.685039370079 349.6062992125984 118.11023622047244 rendre
1566.9291338582677 3519.685039370079 349.6062992125984 118.11023622047244 dignes
1811.023622047244 3519.685039370079 280.31496062992125 118.11023622047244 d’un
1951.1811023622047 3519.685039370079 245.66929133858267 118.11023622047244 aussi

516.5354330708661 3637.7952755905512 321.25984251968504 144.88188976377953 grand
730.7086614173228 3637.7952755905512 428.34645669291336 144.88188976377953 honneur:
1053.5433070866143 3637.7952755905512 214.17322834645668 144.88188976377953 il
1160.6299212598426 3637.7952755905512 250.39370078740157 144.88188976377953 les
1303.9370078740158 3637.7952755905512 286.61417322834643 144.88188976377953 fait
1481.8897637795276 3637.7952755905512 321.25984251968504 144.88188976377953 jurer
1696.0629921259842 3637.7952755905512 214.17322834645668 144.88188976377953 de
1803.1496062992126 3637.7952755905512 393.7007874015748 144.88188976377953 vaincre
2053.5433070866143 3637.7952755905512 143.30708661417322 144.88188976377953 ou
