2442.51968503937 4256.692913385827
927.5590551181102 354.3307086614173 240.9448818897638 163.7795275590551 (
1023.6220472440945 354.3307086614173 288.18897637795277 163.7795275590551 17
1119.6850393700788 354.3307086614173 144.88188976377953 163.7795275590551 )

349.6062992125984 483.46456692913387 209.4488188976378 157.48031496062993 de
453.54330708661416 483.46456692913387 348.0314960629921 157.48031496062993 mourir
697.6377952755905 483.46456692913387 209.4488188976378 157.48031496062993 en
803.1496062992126 483.46456692913387 382.6771653543307 157.48031496062993 élevant
1081.8897637795276 483.46456692913387 209.4488188976378 157.48031496062993 au
1185.8267716535433 483.46456692913387 278.74015748031496 157.48031496062993 ciel
1360.6299212598426 483.46456692913387 313.38582677165357 157.48031496062993 leurs
1568.5039370078741 483.46456692913387 348.0314960629921 157.48031496062993 armes,
1777.9527559055118 483.46456692913387 244.09448818897638 157.48031496062993 qu’il

354.3307086614173 628.3464566929134 272.4409448818898 122.83464566929133 prie
525.9842519685039 628.3464566929134 237.79527559055117 122.83464566929133 les
661.4173228346457 628.3464566929134 307.0866141732283 122.83464566929133 dieux
866.1417322834645 628.3464566929134 204.7244094488189 122.83464566929133 de
968.503937007874 628.3464566929134 340.15748031496065 122.83464566929133 rendre
1206.2992125984251 628.3464566929134 477.1653543307087 122.83464566929133 favorables
1581.1023622047244 628.3464566929134 170.07874015748033 122.83464566929133 à
1648.8188976377953 628.3464566929134 204.7244094488189 122.83464566929133 la
1716.5354330708662 628.3464566929134 307.0866141732283 122.83464566929133 liberté

349.6062992125984 755.9055118110236 214.17322834645668 100.78740157480316 de
456.6929133858268 755.9055118110236 248.8188976377953 100.78740157480316 son
600.0 755.9055118110236 319.68503937007875 100.78740157480316 pays.
812.5984251968504 755.9055118110236 248.8188976377953 100.78740157480316 Ils
954.3307086614174 755.9055118110236 390.5511811023622 100.78740157480316 jurent,
1239.3700787401574 755.9055118110236 355.90551181102364 100.78740157480316 tandis
1488.1889763779527 755.9055118110236 248.8188976377953 100.78740157480316 que
1631.4960629921259 755.9055118110236 248.8188976377953 100.78740157480316 les
1737.007874015748 755.9055118110236 285.03937007874015 100.78740157480316 femmes

355.90551181102364 848.8188976377953 283.46456692913387 97.63779527559055 sont
532.2834645669292 848.8188976377953 425.1968503937008 97.63779527559055 plongées
851.9685039370079 848.8188976377953 283.46456692913387 97.63779527559055 dans
1028.3464566929133 848.8188976377953 603.1496062992126 97.63779527559055 l’affliction.
1524.4094488188975 848.8188976377953 390.5511811023622 97.63779527559055 Sabine,
1773.2283464566929 848.8188976377953 248.8188976377953 97.63779527559055 femme

354.3307086614173 965.3543307086615 222.04724409448818 92.91338582677166 de
466.1417322834646 965.3543307086615 370.0787401574803 92.91338582677166 l’aîné
725.9842519685039 965.3543307086615 259.84251968503935 92.91338582677166 des
874.0157480314961 965.3543307086615 444.09448818897636 92.91338582677166 Horaces,
1207.8740157480315 965.3543307086615 222.04724409448818 92.91338582677166 et
1318.1102362204724 965.3543307086615 296.06299212598424 92.91338582677166 sœur
1503.9370078740158 965.3543307086615 259.84251968503935 92.91338582677166 des
1614.1732283464567 965.3543307086615 407.87401574803147 92.91338582677166 Curiaces,

352.755905511811 1037.7952755905512 363.7795275590551 151.1811023622047 semble
607.8740157480315 1037.7952755905512 400.0 151.1811023622047 prévoir
897.6377952755905 1037.7952755905512 218.89763779527559 151.1811023622047 la
1007.8740157480315 1037.7952755905512 327.5590551181102 151.1811023622047 perte
1225.1968503937007 1037.7952755905512 218.89763779527559 151.1811023622047 de
1333.8582677165355 1037.7952755905512 255.11811023622047 151.1811023622047 son
1480.3149606299212 1037.7952755905512 291.33858267716533 151.1811023622047 mari
1661.4173228346456 1037.7952755905512 218.89763779527559 151.1811023622047 ou
1770.0787401574803 1037.7952755905512 218.89763779527559 151.1811023622047 de
1844.0944881889764 1037.7952755905512 181.10236220472441 151.1811023622047 ses

348.0314960629921 1163.7795275590552 418.8976377952756 108.66141732283465 frères;
651.9685039370079 1163.7795275590552 456.6929133858268 108.66141732283465 Camille,
993.7007874015748 1163.7795275590552 418.8976377952756 108.66141732283465 appuyée
1297.6377952755906 1163.7795275590552 266.1417322834646 108.66141732283465 sur
1450.3937007874015 1163.7795275590552 228.3464566929134 108.66141732283465 sa
1525.984251968504 1163.7795275590552 494.48818897637796 108.66141732283465 belle

348.0314960629921 1277.1653543307086 428.34645669291336 103.93700787401575 tremble
659.8425196850394 1277.1653543307086 388.9763779527559 103.93700787401575 d’être
932.2834645669292 1277.1653543307086 388.9763779527559 103.93700787401575 privée
1204.724409448819 1277.1653543307086 272.4409448818898 103.93700787401575 par
1360.6299212598426 1277.1653543307086 233.0708661417323 103.93700787401575 ce
1477.1653543307086 1277.1653543307086 388.9763779527559 103.93700787401575 combat
1749.6062992125985 1277.1653543307086 233.0708661417323 103.93700787401575 de
1826.7716535433071 1277.1653543307086 195.2755905511811 103.93700787401575 son

348.0314960629921 1395.275590551181 343.3070866141732 108.66141732283465 amant
576.3779527559055 1395.275590551181 418.8976377952756 108.66141732283465 Curiace
881.8897637795276 1395.275590551181 228.3464566929134 108.66141732283465 ou
995.2755905511812 1395.275590551181 228.3464566929134 108.66141732283465 de
1110.236220472441 1395.275590551181 266.1417322834646 108.66141732283465 ses
1262.992125984252 1395.275590551181 418.8976377952756 108.66141732283465 frères;
1566.9291338582677 1395.275590551181 228.3464566929134 108.66141732283465 la
1681.8897637795276 1395.275590551181 305.51181102362204 108.66141732283465 mère
1834.6456692913387 1395.275590551181 190.5511811023622 108.66141732283465 des

354.3307086614173 1475.5905511811025 401.5748031496063 135.43307086614172 Horaces,
655.1181102362204 1475.5905511811025 234.64566929133858 135.43307086614172 qui
788.9763779527559 1475.5905511811025 267.7165354330709 135.43307086614172 voit
955.9055118110236 1475.5905511811025 200.0 135.43307086614172 le
1056.6929133858268 1475.5905511811025 333.8582677165354 135.43307086614172 danger
1291.3385826771653 1475.5905511811025 200.0 135.43307086614172 de
1390.5511811023623 1475.5905511811025 234.64566929133858 135.43307086614172 ses
1524.4094488188975 1475.5905511811025 300.78740157480314 135.43307086614172 fils,
1692.9133858267717 1475.5905511811025 333.8582677165354 135.43307086614172 s’atten-

349.6062992125984 1596.8503937007874 267.7165354330709 99.21259842519684 drit
516.5354330708661 1596.8503937007874 234.64566929133858 99.21259842519684 sur
650.3937007874016 1596.8503937007874 200.0 99.21259842519684 le
751.1811023622047 1596.8503937007874 267.7165354330709 99.21259842519684 sort
918.1102362204724 1596.8503937007874 234.64566929133858 99.21259842519684 des
1051.9685039370079 1596.8503937007874 333.8582677165354 99.21259842519684 jeunes
1286.6141732283465 1596.8503937007874 368.503937007874 99.21259842519684 enfants
1554.3307086614172 1596.8503937007874 200.0 99.21259842519684 de
1653.5433070866143 1596.8503937007874 333.8582677165354 99.21259842519684 l’ainé
1855.1181102362204 1596.8503937007874 166.9291338582677 99.21259842519684 des

349.6062992125984 1703.9370078740158 448.81889763779526 113.38582677165354 Horaces,
686.6141732283464 1703.9370078740158 411.0236220472441 113.38582677165354 qu’elle
985.8267716535433 1703.9370078740158 448.81889763779526 113.38582677165354 embrasse
1321.259842519685 1703.9370078740158 299.21259842519686 113.38582677165354 avec
1470.8661417322835 1703.9370078740158 448.81889763779526 113.38582677165354 tendresse.

264.56692913385825 1837.7952755905512 329.13385826771656 107.08661417322834 NOTA.
483.46456692913387 1837.7952755905512 218.89763779527559 107.08661417322834 On
593.7007874015748 1837.7952755905512 403.1496062992126 107.08661417322834 trouve,
886.6141732283464 1837.7952755905512 256.6929133858268 107.08661417322834 rue
1033.0708661417323 1837.7952755905512 218.89763779527559 107.08661417322834 de
1141.732283464567 1837.7952755905512 218.89763779527559 107.08661417322834 la
1251.9685039370079 1837.7952755905512 439.37007874015745 107.08661417322834 Poterie,
1581.1023622047244 1837.7952755905512 218.89763779527559 107.08661417322834 n°
1691.3385826771653 1837.7952755905512 218.89763779527559 107.08661417322834 2,
1763.7795275590552 1837.7952755905512 256.6929133858268 107.08661417322834 l’es-

184.251968503937 1944.8818897637796 337.00787401574803 129.13385826771653 tampe
409.4488188976378 1944.8818897637796 225.1968503937008 129.13385826771653 de
521.2598425196851 1944.8818897637796 225.1968503937008 129.13385826771653 ce
633.0708661417323 1944.8818897637796 448.81889763779526 129.13385826771653 tableau,
970.0787401574803 1944.8818897637796 374.8031496062992 129.13385826771653 gravée
1231.4960629921259 1944.8818897637796 299.21259842519686 129.13385826771653 sous
1418.8976377952756 1944.8818897637796 225.1968503937008 129.13385826771653 la
1530.708661417323 1944.8818897637796 486.61417322834643 129.13385826771653 direction
1867.716535433071 1944.8818897637796 149.60629921259843 129.13385826771653 du

187.4015748031496 2034.6456692913387 440.9448818897638 146.45669291338584 peintre,
516.5354330708661 2034.6456692913387 256.6929133858268 146.45669291338584 par
664.5669291338583 2034.6456692913387 220.4724409448819 146.45669291338584 M.
774.8031496062993 2034.6456692913387 366.92913385826773 146.45669291338584 Morel,
1031.4960629921259 2034.6456692913387 366.92913385826773 146.45669291338584 auteur
1288.1889763779527 2034.6456692913387 220.4724409448819 146.45669291338584 de
1398.4251968503936 2034.6456692913387 220.4724409448819 146.45669291338584 la
1508.6614173228347 2034.6456692913387 330.70866141732284 146.45669291338584 belle
1691.3385826771653 2034.6456692913387 330.70866141732284 146.45669291338584 estampe

187.4015748031496 2163.779527559055 215.748031496063 122.83464566929133 du
296.06299212598424 2163.779527559055 502.3622047244094 122.83464566929133 Bélisaire,
689.7637795275591 2163.779527559055 393.7007874015748 122.83464566929133 d’après
976.3779527559055 2163.779527559055 215.748031496063 122.83464566929133 le
1083.4645669291338 2163.779527559055 286.61417322834643 122.83464566929133 même
1226.7716535433071 2163.779527559055 322.8346456692913 122.83464566929133 maître.

187.4015748031496 2362.2047244094488 343.3070866141732 177.95275590551182 19.
382.6771653543307 2362.2047244094488 343.3070866141732 177.95275590551182 Les
530.7086614173228 2362.2047244094488 685.0393700787401 177.95275590551182 Thermopyles.

436.2204724409449 2562.2047244094488 396.8503937007874 148.03149606299212 Xercès,
724.4094488188977 2562.2047244094488 324.40944881889766 148.03149606299212 enffé
940.1574803149606 2562.2047244094488 467.7165354330709 148.03149606299212 d’orgueil
1300.7874015748032 2562.2047244094488 396.8503937007874 148.03149606299212 d’avoir
1588.976377952756 2562.2047244094488 360.62992125984255 148.03149606299212 soumis
1806.2992125984251 2562.2047244094488 215.748031496063 148.03149606299212 l’E-

351.18110236220474 2703.9370078740158 371.65354330708664 108.66141732283465 gypte,
612.5984251968504 2703.9370078740158 409.4488188976378 108.66141732283465 résolut
908.6614173228346 2703.9370078740158 223.6220472440945 108.66141732283465 de
1020.4724409448819 2703.9370078740158 333.8582677165354 108.66141732283465 faire
1244.0944881889764 2703.9370078740158 223.6220472440945 108.66141732283465 la
1354.3307086614172 2703.9370078740158 371.65354330708664 108.66141732283465 guerre
1615.748031496063 2703.9370078740158 259.84251968503935 108.66141732283465 aux
1725.984251968504 2703.9370078740158 297.6377952755906 108.66141732283465 Grecs.

354.3307086614173 2806.299212598425 385.8267716535433 105.51181102362204 Ayant
611.0236220472441 2806.299212598425 557.4803149606299 105.51181102362204 rassemblé
1039.3700787401574 2806.299212598425 299.21259842519686 105.51181102362204 une
1211.023622047244 2806.299212598425 385.8267716535433 105.51181102362204 armée
1425.1968503937007 2806.299212598425 600.0 105.51181102362204 innombrable,

355.90551181102364 2907.0866141732286 218.89763779527559 121.25984251968504 il
464.56692913385825 2907.0866141732286 400.0 121.25984251968504 dirigea
755.9055118110236 2907.0866141732286 218.89763779527559 121.25984251968504 sa
864.5669291338583 2907.0866141732286 363.7795275590551 121.25984251968504 marche
1119.6850393700788 2907.0866141732286 291.33858267716533 121.25984251968504 vers
1300.7874015748032 2907.0866141732286 400.0 121.25984251968504 Sardes,
1592.1259842519685 2907.0866141732286 291.33858267716533 121.25984251968504 d’où
1773.2283464566929 2907.0866141732286 218.89763779527559 121.25984251968504 il
1847.244094488189 2907.0866141732286 181.10236220472441 121.25984251968504 en-

354.3307086614173 3020.472440944882 267.7165354330709 119.68503937007874 voya
521.2598425196851 3020.472440944882 233.0708661417323 119.68503937007874 des
655.1181102362204 3020.472440944882 366.92913385826773 119.68503937007874 hérauts
921.2598425196851 3020.472440944882 166.9291338582677 119.68503937007874 à
988.9763779527559 3020.472440944882 333.8582677165354 119.68503937007874 toutes
1222.0472440944882 3020.472440944882 233.0708661417323 119.68503937007874 les
1355.9055118110236 3020.472440944882 333.8582677165354 119.68503937007874 villes
1588.976377952756 3020.472440944882 200.0 119.68503937007874 de
1689.763779527559 3020.472440944882 200.0 119.68503937007874 la
1755.9055118110236 3020.472440944882 267.7165354330709 119.68503937007874 Grèce,

352.755905511811 3122.834645669291 459.84251968503935 105.51181102362204 excepté
688.1889763779527 3122.834645669291 209.4488188976378 105.51181102362204 à
771.6535433070866 3122.834645669291 459.84251968503935 105.51181102362204 Athènes
1107.0866141732283 3122.834645669291 250.39370078740157 105.51181102362204 et
1231.4960629921259 3122.834645669291 209.4488188976378 105.51181102362204 à
1314.9606299212599 3122.834645669291 626.7716535433071 105.51181102362204 Lacédémone,
1776.3779527559054 3122.834645669291 250.39370078740157 105.51181102362204 pour

360.62992125984255 3250.3937007874015 425.1968503937008 105.51181102362204 demander
678.7401574803149 3250.3937007874015 212.5984251968504 105.51181102362204 le
785.8267716535433 3250.3937007874015 248.8188976377953 105.51181102362204 feu
927.5590551181102 3250.3937007874015 212.5984251968504 105.51181102362204 et
1033.0708661417323 3250.3937007874015 354.3307086614173 105.51181102362204 l’eau,
1281.8897637795276 3250.3937007874015 212.5984251968504 105.51181102362204 ce
1387.4015748031495 3250.3937007874015 248.8188976377953 105.51181102362204 qui
1529.1338582677165 3250.3937007874015 319.68503937007875 105.51181102362204 étoit
1741.732283464567 3250.3937007874015 212.5984251968504 105.51181102362204 la
1812.5984251968505 3250.3937007874015 212.5984251968504 105.51181102362204 mar-

351.18110236220474 3344.8818897637793 272.4409448818898 111.81102362204724 que
507.0866141732283 3344.8818897637793 233.0708661417323 111.81102362204724 de
623.6220472440945 3344.8818897637793 584.2519685039371 111.81102362204724 soumission;
1091.3385826771653 3344.8818897637793 233.0708661417323 111.81102362204724 il
1207.8740157480315 3344.8818897637793 388.9763779527559 111.81102362204724 arriva
1481.8897637795276 3344.8818897637793 272.4409448818898 111.81102362204724 aux
1598.4251968503936 3344.8818897637793 428.34645669291336 111.81102362204724 Thermopy-

355.90551181102364 3456.6929133858266 297.6377952755906 114.96062992125984 les.
541.7322834645669 3456.6929133858266 259.84251968503935 114.96062992125984 Les
691.3385826771654 3456.6929133858266 631.496062992126 114.96062992125984 Lacédémoniens
1211.023622047244 3456.6929133858266 222.04724409448818 114.96062992125984 et
1321.259842519685 3456.6929133858266 259.84251968503935 114.96062992125984 les
1469.291338582677 3456.6929133858266 519.6850393700787 114.96062992125984 Athéniens,
1840.9448818897638 3456.6929133858266 185.82677165354332 114.96062992125984 in-

351.18110236220474 3554.3307086614172 429.9212598425197 141.73228346456693 struits
664.5669291338583 3554.3307086614172 274.01574803149606 141.73228346456693 des
820.4724409448819 3554.3307086614172 546.4566929133858 141.73228346456693 mouvements
1250.3937007874015 3554.3307086614172 234.64566929133858 141.73228346456693 de
1366.9291338582677 3554.3307086614172 429.9212598425197 141.73228346456693 l’armée
1640.9448818897638 3554.3307086614172 390.5511811023622 141.73228346456693 ennemie,
