1572 2763
631 251 220 96 (
675 251 220 96 18)

288 334 342 72 députèrent
556 334 317 72 vainement
800 334 195 72 vers
922 334 220 72 leurs
1068 334 244 72 alliés
1215 334 146 72 pour

290 428 214 62 avoir
433 428 167 62 des
528 428 286 62 secours.
742 428 238 62 Toutes
909 428 167 62 les
1004 428 262 62 troupes
1171 428 190 62 qu’ils

291 502 254 55 purent
469 502 254 55 réunir
647 502 153 55 ne
723 502 331 55 faisoient
977 502 178 55 que
1079 502 204 55 onze
1181 502 178 55 mille

290 551 204 66 deux
417 551 229 66 cents
569 551 280 66 hommes.
773 551 153 66 On
849 551 204 66 n’en
976 551 178 66 put
1078 551 254 66 placer
1231 551 127 66 que

287 625 262 67 quatre
470 625 236 67 mille
627 625 157 67 au
706 625 288 67 passage
916 625 183 67 des
994 625 367 67 Thermopyles.

289 695 248 76 Xercès
463 695 124 76 y
513 695 248 76 envoya
687 695 323 76 plusieurs
935 695 224 76 corps
1084 695 149 76 de
1158 695 174 76 son
1233 695 124 76 ar-

294 753 181 68 mée,
408 753 158 68 qui
498 753 226 68 furent
656 753 272 68 aussitôt
860 753 158 68 mis
951 753 136 68 en
1019 753 226 68 fuite.
1177 753 181 68 Mais
1267 753 91 68 un

292 837 261 70 paysan
474 837 234 70 ayant
631 837 287 70 indiqué
839 837 156 70 un
917 837 287 70 sentier
1126 837 261 70 menant
1282 837 78 70 à

294 921 166 67 une
389 921 285 67 éminence
603 921 166 67 qui
698 921 285 67 dominoit
911 921 261 67 l’armée
1101 921 166 67 des
1172 921 190 67 Grecs,

292 967 261 69 Xercès
474 967 130 69 y
526 967 261 69 envoya
709 967 156 69 un
787 967 417 69 détachement,
1126 967 182 69 qui
1204 967 156 69 s’en

291 1050 280 66 empara.
494 1050 331 66 Léonidas,
749 1050 306 66 général,
978 1050 153 66 en
1054 1050 178 66 fut
1131 1050 229 66 bientôt

295 1108 248 67 averti,
476 1108 135 67 et
544 1108 226 67 voyant
702 1108 429 67 l’impossibilité
1063 1108 135 67 de
1108 1108 248 67 résister,

297 1172 260 74 renvoya
487 1172 142 74 le
558 1172 213 74 reste
700 1172 166 74 des
794 1172 260 74 alliés,
983 1172 142 74 et
1054 1172 260 74 demeura
1220 1172 142 74 avec

297 1251 170 83 les
394 1251 218 83 trois
539 1251 218 83 cents
685 1251 437 83 Lacédémoniens,
1049 1251 267 83 résolus
1218 1251 146 83 tous

293 1319 150 67 de
368 1319 249 67 mourir
542 1319 199 67 pour
667 1319 199 67 leur
792 1319 274 67 patrie,
991 1319 125 67 à
1041 1319 324 67 l’exemple
1265 1319 100 67 de

298 1386 184 78 leur
390 1386 161 78 chef.

354 1459 138 61 Le
423 1459 230 61 moment
584 1459 230 61 choisi
744 1459 161 61 par
836 1459 298 61 l’artiste
1066 1459 161 61 est
1157 1459 207 61 celui
1272 1459 92 61 où

296 1531 170 72 les
393 1531 365 72 trompettes,
685 1531 146 72 en
757 1531 365 72 sentinelles
1049 1531 170 72 sur
1146 1531 170 72 une
1219 1531 146 72 hau-

296 1601 224 65 teur,
446 1601 324 65 signalent
695 1601 174 65 les
794 1601 299 65 premiers
1018 1601 349 65 mouvements
1267 1601 100 65 de

295 1663 274 91 l’armée
494 1663 149 91 de
569 1663 274 91 Xercès.
768 1663 249 91 Chacun
943 1663 224 91 court
1092 1663 174 91 aux
1167 1663 199 91 armes,

300 1732 312 80 s’embrasse
545 1732 178 80 pour
656 1732 134 80 la
723 1732 267 80 dernière
923 1732 200 80 fois,
1056 1732 134 80 et
1123 1732 134 80 se
1168 1732 200 80 dispose

295 1803 161 80 au
349 1803 242 80 combat.

356 1865 292 82 Léonidas,
580 1865 157 82 roi
670 1865 135 82 de
737 1865 247 82 Sparte,
917 1865 202 82 assis
1052 1865 157 82 sur
1141 1865 157 82 une
1209 1865 157 82 roche

297 1931 142 99 au
368 1931 237 99 milieu
535 1931 142 99 de
606 1931 166 99 ses
701 1931 214 99 trois
843 1931 214 99 cents
985 1931 261 99 braves,
1151 1931 214 99 médite,

298 2026 186 57 avec
414 2026 163 57 une
507 2026 209 57 sorte
646 2026 511 57 d’attendrissement,
1088 2026 163 57 sur
1181 2026 139 57 la
1228 2026 139 57 mort

301 2078 297 76 prochaine
530 2078 137 76 et
598 2078 320 76 inévitable
849 2078 137 76 de
918 2078 160 76 ses
986 2078 160 76 amis.

352 2139 339 85 Au-dessous
618 2139 145 85 de
691 2139 315 85 Léonidas,
932 2139 194 85 dans
1053 2139 290 85 l’ombre,
1247 2139 121 85 est

302 2218 139 81 le
371 2218 208 81 frère
510 2218 139 81 de
580 2218 139 81 sa
649 2218 232 81 femme,
811 2218 208 81 Agis,
950 2218 185 81 qui,
1066 2218 208 81 ayant
1182 2218 185 81 déposé

302 2289 136 75 la
370 2289 272 75 couronne
574 2289 136 75 de
642 2289 226 75 fleurs
800 2289 204 75 qu’il
936 2289 249 75 portoit
1117 2289 249 75 pendant
1275 2289 91 75 le
