2475.5905511811025 4351.181102362205
993.7007874015748 395.2755905511811 346.45669291338584 151.1811023622047 (
1062.992125984252 395.2755905511811 346.45669291338584 151.1811023622047 18)

453.54330708661416 525.9842519685039 538.5826771653543 113.38582677165354 députèrent
875.5905511811023 525.9842519685039 499.21259842519686 113.38582677165354 vainement
1259.8425196850394 525.9842519685039 307.0866141732283 113.38582677165354 vers
1451.9685039370079 525.9842519685039 346.45669291338584 113.38582677165354 leurs
1681.8897637795276 525.9842519685039 384.251968503937 113.38582677165354 alliés
1913.3858267716535 525.9842519685039 229.92125984251967 113.38582677165354 pour

456.6929133858268 674.0157480314961 337.00787401574803 97.63779527559055 avoir
681.8897637795276 674.0157480314961 262.99212598425197 97.63779527559055 des
831.496062992126 674.0157480314961 450.3937007874016 97.63779527559055 secours.
1168.5039370078741 674.0157480314961 374.8031496062992 97.63779527559055 Toutes
1431.4960629921259 674.0157480314961 262.99212598425197 97.63779527559055 les
1581.1023622047244 674.0157480314961 412.59842519685037 97.63779527559055 troupes
1844.0944881889764 674.0157480314961 299.21259842519686 97.63779527559055 qu’ils

458.26771653543307 790.5511811023622 400.0 86.61417322834646 purent
738.5826771653543 790.5511811023622 400.0 86.61417322834646 réunir
1018.8976377952756 790.5511811023622 240.9448818897638 86.61417322834646 ne
1138.5826771653544 790.5511811023622 521.2598425196851 86.61417322834646 faisoient
1538.5826771653544 790.5511811023622 280.31496062992125 86.61417322834646 que
1699.2125984251968 790.5511811023622 321.25984251968504 86.61417322834646 onze
1859.8425196850394 790.5511811023622 280.31496062992125 86.61417322834646 mille

456.6929133858268 867.7165354330708 321.25984251968504 103.93700787401575 deux
656.6929133858267 867.7165354330708 360.62992125984255 103.93700787401575 cents
896.0629921259842 867.7165354330708 440.9448818897638 103.93700787401575 hommes.
1217.3228346456692 867.7165354330708 240.9448818897638 103.93700787401575 On
1337.007874015748 867.7165354330708 321.25984251968504 103.93700787401575 n’en
1537.007874015748 867.7165354330708 280.31496062992125 103.93700787401575 put
1697.6377952755906 867.7165354330708 400.0 103.93700787401575 placer
1938.5826771653544 867.7165354330708 200.0 103.93700787401575 que

451.9685039370079 984.2519685039371 412.59842519685037 105.51181102362204 quatre
740.1574803149606 984.2519685039371 371.65354330708664 105.51181102362204 mille
987.4015748031496 984.2519685039371 247.24409448818898 105.51181102362204 au
1111.8110236220473 984.2519685039371 453.54330708661416 105.51181102362204 passage
1442.5196850393702 984.2519685039371 288.18897637795277 105.51181102362204 des
1565.3543307086613 984.2519685039371 577.9527559055118 105.51181102362204 Thermopyles.

455.11811023622045 1094.4881889763778 390.5511811023622 119.68503937007874 Xercès
729.1338582677165 1094.4881889763778 195.2755905511811 119.68503937007874 y
807.8740157480315 1094.4881889763778 390.5511811023622 119.68503937007874 envoya
1081.8897637795276 1094.4881889763778 508.66141732283467 119.68503937007874 plusieurs
1472.4409448818897 1094.4881889763778 352.755905511811 119.68503937007874 corps
1707.0866141732283 1094.4881889763778 234.64566929133858 119.68503937007874 de
1823.6220472440946 1094.4881889763778 274.01574803149606 119.68503937007874 son
1941.732283464567 1094.4881889763778 195.2755905511811 119.68503937007874 ar-

462.99212598425197 1185.8267716535433 285.03937007874015 107.08661417322834 mée,
642.5196850393701 1185.8267716535433 248.8188976377953 107.08661417322834 qui
784.2519685039371 1185.8267716535433 355.90551181102364 107.08661417322834 furent
1033.0708661417323 1185.8267716535433 428.34645669291336 107.08661417322834 aussitôt
1354.3307086614172 1185.8267716535433 248.8188976377953 107.08661417322834 mis
1497.6377952755906 1185.8267716535433 214.17322834645668 107.08661417322834 en
1604.724409448819 1185.8267716535433 355.90551181102364 107.08661417322834 fuite.
1853.5433070866143 1185.8267716535433 285.03937007874015 107.08661417322834 Mais
1995.275590551181 1185.8267716535433 143.30708661417322 107.08661417322834 un

459.84251968503935 1318.1102362204724 411.0236220472441 110.23622047244095 paysan
746.4566929133858 1318.1102362204724 368.503937007874 110.23622047244095 ayant
993.7007874015748 1318.1102362204724 451.9685039370079 110.23622047244095 indiqué
1321.259842519685 1318.1102362204724 245.66929133858267 110.23622047244095 un
1444.0944881889764 1318.1102362204724 451.9685039370079 110.23622047244095 sentier
1773.2283464566929 1318.1102362204724 411.0236220472441 110.23622047244095 menant
2018.8976377952756 1318.1102362204724 122.83464566929133 110.23622047244095 à

462.99212598425197 1450.3937007874015 261.4173228346457 105.51181102362204 une
612.5984251968504 1450.3937007874015 448.81889763779526 105.51181102362204 éminence
949.6062992125984 1450.3937007874015 261.4173228346457 105.51181102362204 qui
1099.2125984251968 1450.3937007874015 448.81889763779526 105.51181102362204 dominoit
1434.6456692913387 1450.3937007874015 411.0236220472441 105.51181102362204 l’armée
1733.8582677165355 1450.3937007874015 261.4173228346457 105.51181102362204 des
1845.6692913385828 1450.3937007874015 299.21259842519686 105.51181102362204 Grecs,

459.84251968503935 1522.8346456692914 411.0236220472441 108.66141732283465 Xercès
746.4566929133858 1522.8346456692914 204.7244094488189 108.66141732283465 y
828.3464566929134 1522.8346456692914 411.0236220472441 108.66141732283465 envoya
1116.5354330708662 1522.8346456692914 245.66929133858267 108.66141732283465 un
1239.3700787401574 1522.8346456692914 656.6929133858267 108.66141732283465 détachement,
1773.2283464566929 1522.8346456692914 286.61417322834643 108.66141732283465 qui
1896.0629921259842 1522.8346456692914 245.66929133858267 108.66141732283465 s’en

458.26771653543307 1653.5433070866143 440.9448818897638 103.93700787401575 empara.
777.9527559055118 1653.5433070866143 521.2598425196851 103.93700787401575 Léonidas,
1179.5275590551182 1653.5433070866143 481.8897637795276 103.93700787401575 général,
1540.1574803149606 1653.5433070866143 240.9448818897638 103.93700787401575 en
1659.8425196850394 1653.5433070866143 280.31496062992125 103.93700787401575 fut
1781.1023622047244 1653.5433070866143 360.62992125984255 103.93700787401575 bientôt

464.56692913385825 1744.8818897637796 390.5511811023622 105.51181102362204 averti,
749.6062992125984 1744.8818897637796 212.5984251968504 105.51181102362204 et
856.6929133858267 1744.8818897637796 355.90551181102364 105.51181102362204 voyant
1105.5118110236222 1744.8818897637796 675.5905511811023 105.51181102362204 l’impossibilité
1674.015748031496 1744.8818897637796 212.5984251968504 105.51181102362204 de
1744.8818897637796 1744.8818897637796 390.5511811023622 105.51181102362204 résister,

467.7165354330709 1845.6692913385828 409.4488188976378 116.53543307086615 renvoya
766.9291338582677 1845.6692913385828 223.6220472440945 116.53543307086615 le
878.7401574803149 1845.6692913385828 335.43307086614175 116.53543307086615 reste
1102.3622047244094 1845.6692913385828 261.4173228346457 116.53543307086615 des
1250.3937007874015 1845.6692913385828 409.4488188976378 116.53543307086615 alliés,
1548.0314960629921 1845.6692913385828 223.6220472440945 116.53543307086615 et
1659.8425196850394 1845.6692913385828 409.4488188976378 116.53543307086615 demeura
1921.259842519685 1845.6692913385828 223.6220472440945 116.53543307086615 avec

467.7165354330709 1970.0787401574803 267.7165354330709 130.70866141732284 les
620.4724409448819 1970.0787401574803 343.3070866141732 130.70866141732284 trois
848.8188976377953 1970.0787401574803 343.3070866141732 130.70866141732284 cents
1078.740157480315 1970.0787401574803 688.1889763779527 130.70866141732284 Lacédémoniens,
1651.9685039370079 1970.0787401574803 420.4724409448819 130.70866141732284 résolus
1918.1102362204724 1970.0787401574803 229.92125984251967 130.70866141732284 tous

461.4173228346457 2077.165354330709 236.2204724409449 105.51181102362204 de
579.5275590551181 2077.165354330709 392.12598425196853 105.51181102362204 mourir
853.5433070866142 2077.165354330709 313.38582677165357 105.51181102362204 pour
1050.3937007874015 2077.165354330709 313.38582677165357 105.51181102362204 leur
1247.244094488189 2077.165354330709 431.496062992126 105.51181102362204 patrie,
1560.6299212598426 2077.165354330709 196.8503937007874 105.51181102362204 à
1639.3700787401574 2077.165354330709 510.23622047244095 105.51181102362204 l’exemple
1992.1259842519685 2077.165354330709 157.48031496062993 105.51181102362204 de

469.29133858267716 2182.6771653543306 289.76377952755905 122.83464566929133 leur
614.1732283464567 2182.6771653543306 253.54330708661416 122.83464566929133 chef.

557.4803149606299 2297.6377952755906 217.3228346456693 96.06299212598425 Le
666.1417322834645 2297.6377952755906 362.20472440944883 96.06299212598425 moment
919.6850393700787 2297.6377952755906 362.20472440944883 96.06299212598425 choisi
1171.6535433070867 2297.6377952755906 253.54330708661416 96.06299212598425 par
1316.5354330708662 2297.6377952755906 469.29133858267716 96.06299212598425 l’artiste
1678.740157480315 2297.6377952755906 253.54330708661416 96.06299212598425 est
1822.0472440944882 2297.6377952755906 325.98425196850394 96.06299212598425 celui
2003.1496062992126 2297.6377952755906 144.88188976377953 96.06299212598425 où

466.1417322834646 2411.0236220472443 267.7165354330709 113.38582677165354 les
618.8976377952756 2411.0236220472443 574.8031496062993 113.38582677165354 trompettes,
1078.740157480315 2411.0236220472443 229.92125984251967 113.38582677165354 en
1192.1259842519685 2411.0236220472443 574.8031496062993 113.38582677165354 sentinelles
1651.9685039370079 2411.0236220472443 267.7165354330709 113.38582677165354 sur
1804.724409448819 2411.0236220472443 267.7165354330709 113.38582677165354 une
1919.6850393700788 2411.0236220472443 229.92125984251967 113.38582677165354 hau-

466.1417322834646 2521.259842519685 352.755905511811 102.36220472440945 teur,
702.3622047244095 2521.259842519685 510.23622047244095 102.36220472440945 signalent
1094.4881889763778 2521.259842519685 274.01574803149606 102.36220472440945 les
1250.3937007874015 2521.259842519685 470.86614173228344 102.36220472440945 premiers
1603.1496062992126 2521.259842519685 549.6062992125984 102.36220472440945 mouvements
1995.275590551181 2521.259842519685 157.48031496062993 102.36220472440945 de

464.56692913385825 2618.8976377952754 431.496062992126 143.30708661417322 l’armée
777.9527559055118 2618.8976377952754 234.64566929133858 143.30708661417322 de
896.0629921259842 2618.8976377952754 431.496062992126 143.30708661417322 Xercès.
1209.4488188976377 2618.8976377952754 392.12598425196853 143.30708661417322 Chacun
1485.0393700787401 2618.8976377952754 352.755905511811 143.30708661417322 court
1719.6850393700788 2618.8976377952754 274.01574803149606 143.30708661417322 aux
1837.7952755905512 2618.8976377952754 313.38582677165357 143.30708661417322 armes,

472.4409448818898 2727.5590551181103 491.33858267716533 125.98425196850394 s’embrasse
858.2677165354331 2727.5590551181103 280.31496062992125 125.98425196850394 pour
1033.0708661417323 2727.5590551181103 211.0236220472441 125.98425196850394 la
1138.5826771653544 2727.5590551181103 420.4724409448819 125.98425196850394 dernière
1453.5433070866143 2727.5590551181103 314.96062992125985 125.98425196850394 fois,
1662.992125984252 2727.5590551181103 211.0236220472441 125.98425196850394 et
1768.5039370078741 2727.5590551181103 211.0236220472441 125.98425196850394 se
1839.3700787401574 2727.5590551181103 314.96062992125985 125.98425196850394 dispose

464.56692913385825 2839.3700787401576 253.54330708661416 125.98425196850394 au
549.6062992125984 2839.3700787401576 381.1023622047244 125.98425196850394 combat.

560.6299212598425 2937.0078740157483 459.84251968503935 129.13385826771653 Léonidas,
913.3858267716536 2937.0078740157483 247.24409448818898 129.13385826771653 roi
1055.1181102362204 2937.0078740157483 212.5984251968504 129.13385826771653 de
1160.6299212598426 2937.0078740157483 388.9763779527559 129.13385826771653 Sparte,
1444.0944881889764 2937.0078740157483 318.1102362204724 129.13385826771653 assis
1656.6929133858268 2937.0078740157483 247.24409448818898 129.13385826771653 sur
1796.8503937007874 2937.0078740157483 247.24409448818898 129.13385826771653 une
1903.9370078740158 2937.0078740157483 247.24409448818898 129.13385826771653 roche

467.7165354330709 3040.9448818897636 223.6220472440945 155.90551181102362 au
579.5275590551181 3040.9448818897636 373.2283464566929 155.90551181102362 milieu
842.5196850393701 3040.9448818897636 223.6220472440945 155.90551181102362 de
954.3307086614174 3040.9448818897636 261.4173228346457 155.90551181102362 ses
1103.9370078740158 3040.9448818897636 337.00787401574803 155.90551181102362 trois
1327.5590551181103 3040.9448818897636 337.00787401574803 155.90551181102362 cents
1551.1811023622047 3040.9448818897636 411.0236220472441 155.90551181102362 braves,
1812.5984251968505 3040.9448818897636 337.00787401574803 155.90551181102362 médite,

469.29133858267716 3190.551181102362 292.9133858267717 89.76377952755905 avec
651.9685039370079 3190.551181102362 256.6929133858268 89.76377952755905 une
798.4251968503937 3190.551181102362 329.13385826771656 89.76377952755905 sorte
1017.3228346456693 3190.551181102362 804.7244094488188 89.76377952755905 d’attendrissement,
1713.3858267716535 3190.551181102362 256.6929133858268 89.76377952755905 sur
1859.8425196850394 3190.551181102362 218.89763779527559 89.76377952755905 la
1933.8582677165355 3190.551181102362 218.89763779527559 89.76377952755905 mort

474.01574803149606 3272.4409448818897 467.7165354330709 119.68503937007874 prochaine
834.6456692913385 3272.4409448818897 215.748031496063 119.68503937007874 et
941.7322834645669 3272.4409448818897 503.93700787401576 119.68503937007874 inévitable
1337.007874015748 3272.4409448818897 215.748031496063 119.68503937007874 de
1445.6692913385828 3272.4409448818897 251.96850393700788 119.68503937007874 ses
1552.755905511811 3272.4409448818897 251.96850393700788 119.68503937007874 amis.

554.3307086614174 3368.503937007874 533.8582677165355 133.85826771653544 Au-dessous
973.2283464566929 3368.503937007874 228.3464566929134 133.85826771653544 de
1088.1889763779527 3368.503937007874 496.06299212598424 133.85826771653544 Léonidas,
1467.716535433071 3368.503937007874 305.51181102362204 133.85826771653544 dans
1658.267716535433 3368.503937007874 456.6929133858268 133.85826771653544 l’ombre,
1963.7795275590552 3368.503937007874 190.5511811023622 133.85826771653544 est

475.59055118110234 3492.9133858267714 218.89763779527559 127.55905511811024 le
584.2519685039371 3492.9133858267714 327.5590551181102 127.55905511811024 frère
803.1496062992126 3492.9133858267714 218.89763779527559 127.55905511811024 de
913.3858267716536 3492.9133858267714 218.89763779527559 127.55905511811024 sa
1022.0472440944882 3492.9133858267714 365.3543307086614 127.55905511811024 femme,
1277.1653543307086 3492.9133858267714 327.5590551181102 127.55905511811024 Agis,
1496.0629921259842 3492.9133858267714 291.33858267716533 127.55905511811024 qui,
1678.740157480315 3492.9133858267714 327.5590551181102 127.55905511811024 ayant
1861.4173228346456 3492.9133858267714 291.33858267716533 127.55905511811024 déposé

475.59055118110234 3604.7244094488187 214.17322834645668 118.11023622047244 la
582.6771653543307 3604.7244094488187 428.34645669291336 118.11023622047244 couronne
903.9370078740158 3604.7244094488187 214.17322834645668 118.11023622047244 de
1011.0236220472441 3604.7244094488187 355.90551181102364 118.11023622047244 fleurs
1259.8425196850394 3604.7244094488187 321.25984251968504 118.11023622047244 qu’il
1474.015748031496 3604.7244094488187 392.12598425196853 118.11023622047244 portoit
1759.0551181102362 3604.7244094488187 392.12598425196853 118.11023622047244 pendant
2007.8740157480315 3604.7244094488187 143.30708661417322 118.11023622047244 le
