2485.0393700787404 4247.244094488189
335.43307086614175 518.1102362204724 475.59055118110234 141.73228346456693 sacrifice,
710.2362204724409 518.1102362204724 204.7244094488189 141.73228346456693 va
812.5984251968504 518.1102362204724 204.7244094488189 141.73228346456693 se
913.3858267716536 518.1102362204724 373.2283464566929 141.73228346456693 couvrir
1185.8267716535433 518.1102362204724 204.7244094488189 141.73228346456693 de
1288.1889763779527 518.1102362204724 237.79527559055117 141.73228346456693 son
1423.6220472440946 518.1102362204724 373.2283464566929 141.73228346456693 casque;
1696.0629921259842 518.1102362204724 237.79527559055117 141.73228346456693 les
1798.4251968503936 518.1102362204724 204.7244094488189 141.73228346456693 yeux

333.8582677165354 677.1653543307086 382.6771653543307 86.61417322834646 tournés
612.5984251968504 677.1653543307086 278.74015748031496 86.61417322834646 vers
785.8267716535433 677.1653543307086 244.09448818897638 86.61417322834646 son
925.9842519685039 677.1653543307086 417.3228346456693 86.61417322834646 général,
1239.3700787401574 677.1653543307086 209.4488188976378 86.61417322834646 il
1343.3070866141732 677.1653543307086 348.0314960629921 86.61417322834646 attend
1587.4015748031495 677.1653543307086 244.09448818897638 86.61417322834646 ses
1691.3385826771653 677.1653543307086 313.38582677165357 86.61417322834646 ordres.

414.1732283464567 773.2283464566929 311.81102362204723 96.06299212598425 Près
609.4488188976378 773.2283464566929 233.0708661417323 96.06299212598425 de
725.9842519685039 773.2283464566929 311.81102362204723 96.06299212598425 lui,
919.6850393700787 773.2283464566929 311.81102362204723 96.06299212598425 deux
1114.9606299212599 773.2283464566929 388.9763779527559 96.06299212598425 jeunes
1387.4015748031495 773.2283464566929 349.6062992125984 96.06299212598425 gens,
1620.4724409448818 773.2283464566929 233.0708661417323 96.06299212598425 au
1737.007874015748 773.2283464566929 272.4409448818898 96.06299212598425 son
1853.5433070866143 773.2283464566929 155.90551181102362 96.06299212598425 de

330.70866141732284 864.5669291338583 218.89763779527559 129.13385826771653 la
439.37007874015745 864.5669291338583 474.01574803149606 129.13385826771653 trompette
804.7244094488188 864.5669291338583 510.23622047244095 129.13385826771653 guerrière,
1206.2992125984251 864.5669291338583 401.5748031496063 129.13385826771653 courent
1497.6377952755906 864.5669291338583 218.89763779527559 129.13385826771653 et
1570.0787401574803 864.5669291338583 437.79527559055117 129.13385826771653 saisissent

324.40944881889766 973.2283464566929 398.4251968503937 129.13385826771653 leurs
590.5511811023622 973.2283464566929 398.4251968503937 129.13385826771653 armes
856.6929133858267 973.2283464566929 620.4724409448819 129.13385826771653 suspendues
1344.8818897637796 973.2283464566929 222.04724409448818 129.13385826771653 à
1433.0708661417323 973.2283464566929 310.23622047244095 129.13385826771653 des
1565.3543307086613 973.2283464566929 444.09448818897636 129.13385826771653 branches

299.21259842519686 1092.9133858267717 400.0 110.23622047244095 d’arbres.

420.4724409448819 1184.251968503937 310.23622047244095 121.25984251968504 Plus
615.7480314960629 1184.251968503937 349.6062992125984 121.25984251968504 loin,
848.8188976377953 1184.251968503937 233.0708661417323 121.25984251968504 un
963.7795275590552 1184.251968503937 272.4409448818898 121.25984251968504 des
1119.6850393700788 1184.251968503937 388.9763779527559 121.25984251968504 chefs,
1392.1259842519685 1184.251968503937 388.9763779527559 121.25984251968504 dévoué
1662.992125984252 1184.251968503937 233.0708661417323 121.25984251968504 au
1740.1574803149606 1184.251968503937 272.4409448818898 121.25984251968504 culte

333.8582677165354 1322.8346456692914 483.46456692913387 124.40944881889764 d’Hercule
707.0866141732283 1322.8346456692914 297.6377952755906 124.40944881889764 dont
892.9133858267717 1322.8346456692914 223.6220472440945 124.40944881889764 il
1004.7244094488188 1322.8346456692914 335.43307086614175 124.40944881889764 porte
1228.3464566929133 1322.8346456692914 259.84251968503935 124.40944881889764 les
1376.3779527559054 1322.8346456692914 335.43307086614175 124.40944881889764 armes
1600.0 1322.8346456692914 223.6220472440945 124.40944881889764 et
1711.8110236220473 1322.8346456692914 223.6220472440945 124.40944881889764 le
1785.8267716535433 1322.8346456692914 223.6220472440945 124.40944881889764 cos-

333.8582677165354 1445.6692913385828 343.3070866141732 83.46456692913385 tume,
562.2047244094488 1445.6692913385828 535.4330708661417 83.46456692913385 s’empresse
982.6771653543307 1445.6692913385828 229.92125984251967 83.46456692913385 de
1097.6377952755906 1445.6692913385828 382.6771653543307 83.46456692913385 ranger
1365.3543307086613 1445.6692913385828 229.92125984251967 83.46456692913385 sa
1478.740157480315 1445.6692913385828 382.6771653543307 83.46456692913385 troupe
1746.4566929133857 1445.6692913385828 229.92125984251967 83.46456692913385 en
1823.6220472440946 1445.6692913385828 190.5511811023622 83.46456692913385 ba-

338.5826771653543 1519.6850393700788 418.8976377952756 100.78740157480316 taille;
642.5196850393701 1519.6850393700788 228.3464566929134 100.78740157480316 le
757.4803149606299 1519.6850393700788 609.4488188976378 100.78740157480316 grand-prêtre
1253.5433070866143 1519.6850393700788 228.3464566929134 100.78740157480316 le
1366.9291338582677 1519.6850393700788 343.3070866141732 100.78740157480316 suit,
1596.8503937007874 1519.6850393700788 228.3464566929134 100.78740157480316 il
1672.4409448818897 1519.6850393700788 343.3070866141732 100.78740157480316 invoque

337.00787401574803 1631.4960629921259 439.37007874015745 114.96062992125984 Hercule
655.1181102362204 1631.4960629921259 319.68503937007875 114.96062992125984 pour
855.1181102362204 1631.4960629921259 239.37007874015748 114.96062992125984 le
974.8031496062993 1631.4960629921259 398.4251968503937 114.96062992125984 succès
1255.1181102362204 1631.4960629921259 239.37007874015748 114.96062992125984 de
1374.8031496062993 1631.4960629921259 359.0551181102362 114.96062992125984 leurs
1614.1732283464567 1631.4960629921259 398.4251968503937 114.96062992125984 armes:
1853.5433070866143 1631.4960629921259 159.0551181102362 114.96062992125984 du

340.15748031496065 1746.4566929133857 307.0866141732283 111.81102362204724 doigt
546.4566929133858 1746.4566929133857 204.7244094488189 111.81102362204724 il
648.8188976377953 1746.4566929133857 341.73228346456693 111.81102362204724 montre
888.1889763779527 1746.4566929133857 204.7244094488189 111.81102362204724 le
955.9055118110236 1746.4566929133857 239.37007874015748 111.81102362204724 ciel.

425.1968503937008 1837.7952755905512 253.54330708661416 132.28346456692913 Sur
570.0787401574803 1837.7952755905512 217.3228346456693 132.28346456692913 un
678.7401574803149 1837.7952755905512 289.76377952755905 132.28346456692913 plan
859.8425196850394 1837.7952755905512 289.76377952755905 132.28346456692913 plus
1040.9448818897638 1837.7952755905512 398.4251968503937 132.28346456692913 reculé,
1330.708661417323 1837.7952755905512 398.4251968503937 132.28346456692913 l’armée
1620.4724409448818 1837.7952755905512 398.4251968503937 132.28346456692913 défile,
1874.015748031496 1837.7952755905512 144.88188976377953 132.28346456692913 et

340.15748031496065 1960.6299212598426 218.89763779527559 111.81102362204724 va
448.81889763779526 1960.6299212598426 218.89763779527559 111.81102362204724 se
559.0551181102362 1960.6299212598426 365.3543307086614 111.81102362204724 placer
814.1732283464567 1960.6299212598426 291.33858267716533 111.81102362204724 dans
996.8503937007874 1960.6299212598426 218.89763779527559 111.81102362204724 un
1105.5118110236222 1960.6299212598426 474.01574803149606 111.81102362204724 bas-fonds
1470.8661417322835 1960.6299212598426 291.33858267716533 111.81102362204724 pour
1615.748031496063 1960.6299212598426 401.5748031496063 111.81102362204724 s’opposer

341.73228346456693 2074.015748031496 195.2755905511811 97.63779527559055 à
420.4724409448819 2074.015748031496 351.18110236220474 97.63779527559055 celle
653.5433070866142 2074.015748031496 272.4409448818898 97.63779527559055 des
809.4488188976378 2074.015748031496 428.34645669291336 97.63779527559055 Perses,
1121.259842519685 2074.015748031496 351.18110236220474 97.63779527559055 qu’on
1354.3307086614172 2074.015748031496 467.7165354330709 97.63779527559055 aperçoit
1705.5118110236222 2074.015748031496 311.81102362204723 97.63779527559055 dans
1861.4173228346456 2074.015748031496 155.90551181102362 97.63779527559055 le

348.0314960629921 2160.6299212598424 414.1732283464567 135.43307086614172 lointain
658.2677165354331 2160.6299212598424 242.51968503937007 135.43307086614172 sur
796.8503937007874 2160.6299212598424 207.8740157480315 135.43307086614172 la
900.7874015748032 2160.6299212598424 414.1732283464567 135.43307086614172 muraille
1211.023622047244 2160.6299212598424 242.51968503937007 135.43307086614172 qui
1349.6062992125985 2160.6299212598424 310.23622047244095 135.43307086614172 ferme
1557.4803149606298 2160.6299212598424 207.8740157480315 135.43307086614172 le
1626.7716535433071 2160.6299212598424 344.88188976377955 135.43307086614172 détroit.

423.62204724409446 2280.314960629921 318.1102362204724 143.30708661417322 Deux
622.0472440944882 2280.314960629921 398.4251968503937 143.30708661417322 jeunes
900.7874015748032 2280.314960629921 318.1102362204724 143.30708661417322 gens
1100.7874015748032 2280.314960629921 239.37007874015748 143.30708661417322 de
1220.4724409448818 2280.314960629921 478.74015748031496 143.30708661417322 dix-sept
1579.5275590551182 2280.314960629921 200.0 143.30708661417322 à
1618.8976377952756 2280.314960629921 398.4251968503937 143.30708661417322 dix

346.45669291338584 2390.551181102362 318.1102362204724 119.68503937007874 ans,
544.8818897637796 2390.551181102362 318.1102362204724 119.68503937007874 que,
743.3070866141733 2390.551181102362 278.74015748031496 119.68503937007874 par
902.3622047244095 2390.551181102362 437.79527559055117 119.68503937007874 intérêt
1220.4724409448818 2390.551181102362 318.1102362204724 119.68503937007874 pour
1418.8976377952756 2390.551181102362 318.1102362204724 119.68503937007874 leur
1618.8976377952756 2390.551181102362 318.1102362204724 119.68503937007874 âge,
1817.3228346456692 2390.551181102362 237.79527559055117 119.68503937007874 et
1896.0629921259842 2390.551181102362 119.68503937007874 119.68503937007874 à

346.45669291338584 2486.6141732283463 325.98425196850394 127.55905511811024 cause
563.7795275590552 2486.6141732283463 253.54330708661416 127.55905511811024 des
708.6614173228346 2486.6141732283463 325.98425196850394 127.55905511811024 liens
927.5590551181102 2486.6141732283463 217.3228346456693 127.55905511811024 du
1036.2204724409448 2486.6141732283463 325.98425196850394 127.55905511811024 sang,
1253.5433070866143 2486.6141732283463 436.2204724409449 127.55905511811024 Léonidas
1579.5275590551182 2486.6141732283463 325.98425196850394 127.55905511811024 avoit
1762.2047244094488 2486.6141732283463 253.54330708661416 127.55905511811024 voulu

349.6062992125984 2592.1259842519685 466.1417322834646 105.51181102362204 éloigner
699.2125984251968 2592.1259842519685 233.0708661417323 105.51181102362204 du
815.7480314960629 2592.1259842519685 426.7716535433071 105.51181102362204 combat,
1125.984251968504 2592.1259842519685 310.23622047244095 105.51181102362204 sous
1319.6850393700788 2592.1259842519685 233.0708661417323 105.51181102362204 le
1436.2204724409448 2592.1259842519685 466.1417322834646 105.51181102362204 prétexte
1748.0314960629921 2592.1259842519685 272.4409448818898 105.51181102362204 d’une

349.6062992125984 2727.5590551181103 559.0551181102362 83.46456692913385 commission
787.4015748031496 2727.5590551181103 439.37007874015745 83.46456692913385 secrête
1107.0866141732283 2727.5590551181103 319.68503937007875 83.46456692913385 pour
1307.0866141732283 2727.5590551181103 278.74015748031496 83.46456692913385 les
1466.1417322834645 2727.5590551181103 559.0551181102362 83.46456692913385 magistrats
1866.1417322834645 2727.5590551181103 159.0551181102362 83.46456692913385 de

351.18110236220474 2822.047244094488 568.503937007874 100.78740157480316 Lacédémone,
806.2992125984252 2822.047244094488 266.1417322834646 100.78740157480316 ont
957.4803149606299 2822.047244094488 417.3228346456693 100.78740157480316 pénêtré
1261.4173228346456 2822.047244094488 568.503937007874 100.78740157480316 l’intention
1716.5354330708662 2822.047244094488 228.3464566929134 100.78740157480316 de
1792.1259842519685 2822.047244094488 228.3464566929134 100.78740157480316 leur

352.755905511811 2932.283464566929 425.1968503937008 118.11023622047244 général;
670.8661417322835 2932.283464566929 248.8188976377953 118.11023622047244 ils
812.5984251968504 2932.283464566929 248.8188976377953 118.11023622047244 lui
954.3307086614174 2932.283464566929 283.46456692913387 118.11023622047244 font
1132.283464566929 2932.283464566929 319.68503937007875 118.11023622047244 cette
1344.8818897637796 2932.283464566929 390.5511811023622 118.11023622047244 réponse
1592.1259842519685 2932.283464566929 425.1968503937008 118.11023622047244 énergique:

343.3070866141732 3045.6692913385828 344.88188976377955 114.96062992125984 Nous
557.4803149606299 3045.6692913385828 258.26771653543307 114.96062992125984 ne
686.6141732283464 3045.6692913385828 429.9212598425197 114.96062992125984 sommes
987.4015748031496 3045.6692913385828 300.78740157480314 114.96062992125984 pas
1160.6299212598426 3045.6692913385828 300.78740157480314 114.96062992125984 ici
1332.283464566929 3045.6692913385828 344.88188976377955 114.96062992125984 pour
1548.0314960629921 3045.6692913385828 429.9212598425197 114.96062992125984 porter
1804.724409448819 3045.6692913385828 215.748031496063 114.96062992125984 des

352.755905511811 3140.1574803149606 436.2204724409449 122.83464566929133 ordres,
669.2913385826772 3140.1574803149606 316.53543307086613 122.83464566929133 mais
867.7165354330708 3140.1574803149606 316.53543307086613 122.83464566929133 pour
1064.5669291338584 3140.1574803149606 554.3307086614174 122.83464566929133 combattre;
1500.7874015748032 3140.1574803149606 277.1653543307087 122.83464566929133 et,
1659.8425196850394 3140.1574803149606 316.53543307086613 122.83464566929133 sans
1817.3228346456692 3140.1574803149606 198.4251968503937 122.83464566929133 at-

354.3307086614173 3261.417322834646 387.40157480314963 107.08661417322834 tendre
626.7716535433071 3261.417322834646 233.0708661417323 107.08661417322834 sa
743.3070866141733 3261.417322834646 466.1417322834646 107.08661417322834 réponse,
1092.9133858267717 3261.417322834646 543.3070866141733 107.08661417322834 impatients
1519.6850393700788 3261.417322834646 233.0708661417323 107.08661417322834 de
1636.2204724409448 3261.417322834646 233.0708661417323 107.08661417322834 se
1713.3858267716535 3261.417322834646 310.23622047244095 107.08661417322834 placer

357.4803149606299 3360.6299212598424 288.18897637795277 97.63779527559055 dans
538.5826771653543 3360.6299212598424 251.96850393700788 97.63779527559055 les
681.8897637795276 3360.6299212598424 360.62992125984255 97.63779527559055 rangs,
935.4330708661417 3360.6299212598424 288.18897637795277 97.63779527559055 l’un
1114.9606299212599 3360.6299212598424 215.748031496063 97.63779527559055 se
1223.6220472440946 3360.6299212598424 288.18897637795277 97.63779527559055 hâte
1404.724409448819 3360.6299212598424 215.748031496063 97.63779527559055 de
1511.8110236220473 3360.6299212598424 469.29133858267716 97.63779527559055 rattacher
1836.2204724409448 3360.6299212598424 181.10236220472441 97.63779527559055 son

357.4803149606299 3458.267716535433 491.33858267716533 102.36220472440945 cothurne,
735.4330708661417 3458.267716535433 415.748031496063 102.36220472440945 l’autre
1037.7952755905512 3458.267716535433 340.15748031496065 102.36220472440945 court
1262.992125984252 3458.267716535433 491.33858267716533 102.36220472440945 embrasser
1640.9448818897638 3458.267716535433 264.56692913385825 102.36220472440945 son
1754.3307086614172 3458.267716535433 264.56692913385825 102.36220472440945 vieux

363.7795275590551 3566.9291338582675 272.4409448818898 151.1811023622047 père
535.4330708661417 3566.9291338582675 239.37007874015748 151.1811023622047 qui
670.8661417322835 3566.9291338582675 239.37007874015748 151.1811023622047 lui
807.8740157480315 3566.9291338582675 272.4409448818898 151.1811023622047 fait
979.5275590551181 3566.9291338582675 239.37007874015748 151.1811023622047 ses
1114.9606299212599 3566.9291338582675 409.4488188976378 151.1811023622047 derniers
1388.976377952756 3566.9291338582675 307.0866141732283 151.1811023622047 adieux.
