2433.0708661417325 4251.968503937008
897.6377952755905 393.7007874015748 240.9448818897638 173.22834645669292 (
995.2755905511812 393.7007874015748 289.76377952755905 173.22834645669292 21
1091.3385826771653 393.7007874015748 144.88188976377953 173.22834645669292 )

329.13385826771656 540.1574803149606 248.8188976377953 143.30708661417322 les
472.4409448818898 540.1574803149606 499.21259842519686 143.30708661417322 Spartiates
864.5669291338583 540.1574803149606 214.17322834645668 143.30708661417322 ne
970.0787401574803 540.1574803149606 392.12598425196853 143.30708661417322 doivent
1255.1181102362204 540.1574803149606 285.03937007874015 143.30708661417322 plus
1433.0708661417323 540.1574803149606 462.99212598425197 143.30708661417322 désormais
1754.3307086614172 540.1574803149606 248.8188976377953 143.30708661417322 avoir

330.70866141732284 681.8897637795276 325.98425196850394 105.51181102362204 aucun
548.0314960629921 681.8897637795276 398.4251968503937 105.51181102362204 rapport
839.3700787401575 681.8897637795276 289.76377952755905 105.51181102362204 avec
1020.4724409448819 681.8897637795276 253.54330708661416 105.51181102362204 les
1165.3543307086613 681.8897637795276 436.2204724409449 105.51181102362204 mortels:
1491.3385826771653 681.8897637795276 253.54330708661416 105.51181102362204 ils
1637.7952755905512 681.8897637795276 289.76377952755905 105.51181102362204 vont
1782.6771653543308 681.8897637795276 217.3228346456693 105.51181102362204 sou-

324.40944881889766 788.9763779527559 264.56692913385825 143.30708661417322 per
475.59055118110234 788.9763779527559 303.93700787401576 143.30708661417322 chez
626.7716535433071 788.9763779527559 341.73228346456693 143.30708661417322 Pluton.

414.1732283464567 907.0866141732283 233.0708661417323 103.93700787401575 Ce
530.7086614173228 907.0866141732283 541.7322834645669 103.93700787401575 dévouement
957.4803149606299 907.0866141732283 233.0708661417323 103.93700787401575 de
1074.015748031496 907.0866141732283 464.56692913385825 103.93700787401575 Léonidas
1422.0472440944882 907.0866141732283 233.0708661417323 103.93700787401575 et
1538.5826771653544 907.0866141732283 233.0708661417323 103.93700787401575 de
1655.1181102362204 907.0866141732283 270.86614173228344 103.93700787401575 ses
1770.0787401574803 907.0866141732283 233.0708661417323 103.93700787401575 com-

330.70866141732284 1015.7480314960629 392.12598425196853 124.40944881889764 pagnons
615.7480314960629 1015.7480314960629 462.99212598425197 124.40944881889764 produisit
973.2283464566929 1015.7480314960629 285.03937007874015 124.40944881889764 plus
1151.1811023622047 1015.7480314960629 392.12598425196853 124.40944881889764 d’effet
1436.2204724409448 1015.7480314960629 248.8188976377953 124.40944881889764 que
1577.9527559055118 1015.7480314960629 214.17322834645668 124.40944881889764 la
1650.3937007874015 1015.7480314960629 355.90551181102364 124.40944881889764 victoire

333.8582677165354 1137.007874015748 204.7244094488189 83.46456692913385 la
436.2204724409449 1137.007874015748 274.01574803149606 83.46456692913385 plus
607.8740157480315 1137.007874015748 478.74015748031496 83.46456692913385 brillante;
984.2519685039371 1137.007874015748 204.7244094488189 83.46456692913385 il
1086.6141732283465 1137.007874015748 341.73228346456693 83.46456692913385 apprit
1325.984251968504 1137.007874015748 239.37007874015748 83.46456692913385 aux
1462.992125984252 1137.007874015748 307.0866141732283 83.46456692913385 Grecs
1667.716535433071 1137.007874015748 204.7244094488189 83.46456692913385 le
1735.4330708661416 1137.007874015748 274.01574803149606 83.46456692913385 secret

330.70866141732284 1217.3228346456692 214.17322834645668 103.93700787401575 de
437.79527559055117 1217.3228346456692 321.25984251968504 103.93700787401575 leurs
653.5433070866142 1217.3228346456692 393.7007874015748 103.93700787401575 forces,
938.5826771653543 1217.3228346456692 250.39370078740157 103.93700787401575 aux
1081.8897637795276 1217.3228346456692 357.4803149606299 103.93700787401575 Perses
1332.283464566929 1217.3228346456692 321.25984251968504 103.93700787401575 celui
1546.4566929133857 1217.3228346456692 214.17322834645668 103.93700787401575 de
1653.5433070866143 1217.3228346456692 286.61417322834643 103.93700787401575 leur
1796.8503937007874 1217.3228346456692 214.17322834645668 103.93700787401575 foi-

324.40944881889766 1340.1574803149606 440.9448818897638 100.78740157480316 blesse.
644.0944881889764 1340.1574803149606 240.9448818897638 100.78740157480316 Le
765.3543307086615 1340.1574803149606 401.5748031496063 100.78740157480316 nombre
1045.6692913385828 1340.1574803149606 280.31496062992125 100.78740157480316 des
1206.2992125984251 1340.1574803149606 560.6299212598425 100.78740157480316 Spartiates
1647.244094488189 1340.1574803149606 360.62992125984255 100.78740157480316 étoit
1847.244094488189 1340.1574803149606 160.62992125984252 100.78740157480316 de

330.70866141732284 1437.7952755905512 335.43307086614175 114.96062992125984 trois
554.3307086614174 1437.7952755905512 335.43307086614175 114.96062992125984 cents
779.5275590551181 1437.7952755905512 411.0236220472441 114.96062992125984 hommes;
1077.1653543307086 1437.7952755905512 261.4173228346457 114.96062992125984 les
1226.7716535433071 1437.7952755905512 373.2283464566929 114.96062992125984 Perses
1486.6141732283465 1437.7952755905512 223.6220472440945 114.96062992125984 en
1562.2047244094488 1437.7952755905512 447.244094488189 114.96062992125984 comptoient

327.5590551181102 1549.6062992125985 289.76377952755905 163.7795275590551 plus
508.66141732283467 1549.6062992125985 217.3228346456693 163.7795275590551 de
617.3228346456693 1549.6062992125985 253.54330708661416 163.7795275590551 six
762.2047244094488 1549.6062992125985 289.76377952755905 163.7795275590551 cent
907.0866141732283 1549.6062992125985 289.76377952755905 163.7795275590551 mille.

332.2834645669291 1771.6535433070867 322.8346456692913 146.45669291338584 Les
470.86614173228344 1771.6535433070867 461.4173228346457 146.45669291338584 Sabines.

411.0236220472441 1971.6535433070867 247.24409448818898 108.66141732283465 Le
533.8582677165355 1971.6535433070867 411.0236220472441 108.66141732283465 moment
822.0472440944882 1971.6535433070867 288.18897637795277 108.66141732283465 est
985.8267716535433 1971.6535433070867 370.0787401574803 108.66141732283465 celui
1233.0708661417323 1971.6535433070867 247.24409448818898 108.66141732283465 où
1355.9055118110236 1971.6535433070867 247.24409448818898 108.66141732283465 le
1480.3149606299212 1971.6535433070867 411.0236220472441 108.66141732283465 combat
1725.984251968504 1971.6535433070867 288.18897637795277 108.66141732283465 entre

330.70866141732284 2064.566929133858 261.4173228346457 125.98425196850394 les
480.31496062992125 2064.566929133858 411.0236220472441 125.98425196850394 Romains
779.5275590551181 2064.566929133858 223.6220472440945 125.98425196850394 et
891.3385826771654 2064.566929133858 261.4173228346457 125.98425196850394 les
1040.9448818897638 2064.566929133858 373.2283464566929 125.98425196850394 Sabins
1302.3622047244094 2064.566929133858 261.4173228346457 125.98425196850394 est
1451.9685039370079 2064.566929133858 522.8346456692914 125.98425196850394 interrompu
1825.1968503937007 2064.566929133858 187.4015748031496 125.98425196850394 par

330.70866141732284 2174.803149606299 226.77165354330708 124.40944881889764 la
444.09448818897636 2174.803149606299 451.9685039370079 124.40944881889764 présence
782.6771653543307 2174.803149606299 262.99212598425197 124.40944881889764 des
896.0629921259842 2174.803149606299 376.37795275590554 124.40944881889764 Sabines.

415.748031496063 2278.740157480315 622.0472440944882 108.66141732283465 L’enlèvement
921.2598425196851 2278.740157480315 272.4409448818898 108.66141732283465 des
1077.1653543307086 2278.740157480315 426.7716535433071 108.66141732283465 Sabines
1387.4015748031495 2278.740157480315 272.4409448818898 108.66141732283465 par
1543.3070866141732 2278.740157480315 272.4409448818898 108.66141732283465 les
1659.8425196850394 2278.740157480315 349.6062992125984 108.66141732283465 Romains

327.5590551181102 2414.1732283464567 370.0787401574803 91.33858267716535 ayant
573.2283464566929 2414.1732283464567 370.0787401574803 91.33858267716535 donné
820.4724409448819 2414.1732283464567 329.13385826771656 91.33858267716535 lieu
1025.1968503937007 2414.1732283464567 204.7244094488189 91.33858267716535 à
1107.0866141732283 2414.1732283464567 288.18897637795277 91.33858267716535 une
1272.4409448818897 2414.1732283464567 411.0236220472441 91.33858267716535 guerre
1559.0551181102362 2414.1732283464567 411.0236220472441 91.33858267716535 contre
1806.2992125984251 2414.1732283464567 204.7244094488189 91.33858267716535 les

330.70866141732284 2500.787401574803 525.9842519685039 108.66141732283465 ravisseurs,
751.1811023622047 2500.787401574803 211.0236220472441 108.66141732283465 de
856.6929133858267 2500.787401574803 211.0236220472441 108.66141732283465 la
960.6299212598425 2500.787401574803 280.31496062992125 108.66141732283465 part
1137.007874015748 2500.787401574803 245.66929133858267 108.66141732283465 des
1277.1653543307086 2500.787401574803 351.18110236220474 108.66141732283465 Sabins
1521.259842519685 2500.787401574803 211.0236220472441 108.66141732283465 et
1626.7716535433071 2500.787401574803 245.66929133858267 108.66141732283465 des
1732.283464566929 2500.787401574803 280.31496062992125 108.66141732283465 autres

330.70866141732284 2615.748031496063 418.8976377952756 116.53543307086615 peuples
634.6456692913385 2615.748031496063 496.06299212598424 116.53543307086615 offensés,
1017.3228346456693 2615.748031496063 458.26771653543307 116.53543307086615 Romulus,
1359.0551181102362 2615.748031496063 266.1417322834646 116.53543307086615 roi
1511.8110236220473 2615.748031496063 228.3464566929134 116.53543307086615 de
1626.7716535433071 2615.748031496063 343.3070866141732 116.53543307086615 Rome,
1817.3228346456692 2615.748031496063 190.5511811023622 116.53543307086615 les

329.13385826771656 2713.3858267716537 343.3070866141732 107.08661417322834 défit
557.4803149606299 2713.3858267716537 343.3070866141732 107.08661417322834 tous.
785.8267716535433 2713.3858267716537 494.48818897637796 107.08661417322834 Cependant
1166.9291338582677 2713.3858267716537 418.8976377952756 107.08661417322834 Tatius,
1470.8661417322835 2713.3858267716537 266.1417322834646 107.08661417322834 roi
1623.6220472440946 2713.3858267716537 228.3464566929134 107.08661417322834 de
1700.7874015748032 2713.3858267716537 303.93700787401576 107.08661417322834 Cures;

332.2834645669291 2831.496062992126 297.6377952755906 125.98425196850394 prit
518.1102362204724 2831.496062992126 259.84251968503935 125.98425196850394 les
667.7165354330708 2831.496062992126 333.8582677165354 125.98425196850394 armes
889.7637795275591 2831.496062992126 297.6377952755906 125.98425196850394 avec
1075.5905511811025 2831.496062992126 297.6377952755906 125.98425196850394 plus
1261.4173228346456 2831.496062992126 223.6220472440945 125.98425196850394 de
1373.2283464566929 2831.496062992126 409.4488188976378 125.98425196850394 succès,
1670.8661417322835 2831.496062992126 223.6220472440945 125.98425196850394 et
1744.8818897637796 2831.496062992126 259.84251968503935 125.98425196850394 s’em-

325.98425196850394 2941.732283464567 311.81102362204723 111.81102362204724 para
521.2598425196851 2941.732283464567 234.64566929133858 111.81102362204724 de
639.3700787401575 2941.732283464567 234.64566929133858 111.81102362204724 la
755.9055118110236 2941.732283464567 508.66141732283467 111.81102362204724 citadelle
1146.4566929133857 2941.732283464567 234.64566929133858 111.81102362204724 de
1264.5669291338584 2941.732283464567 351.18110236220474 111.81102362204724 Rome.
1497.6377952755906 2941.732283464567 234.64566929133858 111.81102362204724 Le
1576.3779527559054 2941.732283464567 429.9212598425197 111.81102362204724 lendemain

332.2834645669291 3040.9448818897636 400.0 105.51181102362204 l’armée
623.6220472440945 3040.9448818897636 255.11811023622047 105.51181102362204 des
768.503937007874 3040.9448818897636 400.0 105.51181102362204 Romains
1059.8425196850394 3040.9448818897636 327.5590551181102 105.51181102362204 ayant
1277.1653543307086 3040.9448818897636 327.5590551181102 105.51181102362204 livré
1496.0629921259842 3040.9448818897636 472.4409448818898 105.51181102362204 bataille,
1823.6220472440946 3040.9448818897636 181.10236220472441 105.51181102362204 fut

327.5590551181102 3159.0551181102364 311.81102362204723 124.40944881889764 mise
522.8346456692914 3159.0551181102364 233.0708661417323 124.40944881889764 en
639.3700787401575 3159.0551181102364 467.7165354330709 124.40944881889764 déroute;
990.5511811023622 3159.0551181102364 311.81102362204723 124.40944881889764 mais
1185.8267716535433 3159.0551181102364 467.7165354330709 124.40944881889764 Romulus,
1535.4330708661416 3159.0551181102364 351.18110236220474 124.40944881889764 après
1730.708661417323 3159.0551181102364 272.4409448818898 124.40944881889764 avoir

330.70866141732284 3269.2913385826773 407.87401574803147 92.91338582677166 imploré
628.3464566929134 3269.2913385826773 222.04724409448818 92.91338582677166 le
740.1574803149606 3269.2913385826773 407.87401574803147 92.91338582677166 secours
1036.2204724409448 3269.2913385826773 222.04724409448818 92.91338582677166 de
1148.0314960629921 3269.2913385826773 407.87401574803147 92.91338582677166 Jupiter
1444.0944881889764 3269.2913385826773 407.87401574803147 92.91338582677166 Stator,
1703.9370078740158 3269.2913385826773 297.6377952755906 92.91338582677166 rallia

327.5590551181102 3381.1023622047246 255.11811023622047 107.08661417322834 les
472.4409448818898 3381.1023622047246 436.2204724409449 107.08661417322834 troupes,
800.0 3381.1023622047246 218.89763779527559 107.08661417322834 et
908.6614173228346 3381.1023622047246 255.11811023622047 107.08661417322834 mit
1055.1181102362204 3381.1023622047246 218.89763779527559 107.08661417322834 en
1163.7795275590552 3381.1023622047246 363.7795275590551 107.08661417322834 fuite,
1418.8976377952756 3381.1023622047246 291.33858267716533 107.08661417322834 avec
1600.0 3381.1023622047246 255.11811023622047 107.08661417322834 son
1708.6614173228347 3381.1023622047246 291.33858267716533 107.08661417322834 armée,

329.13385826771656 3485.0393700787404 398.4251968503937 105.51181102362204 Tatius,
618.8976377952756 3485.0393700787404 253.54330708661416 105.51181102362204 qui
763.7795275590552 3485.0393700787404 398.4251968503937 105.51181102362204 revient
1053.5433070866143 3485.0393700787404 181.10236220472441 105.51181102362204 à
1125.984251968504 3485.0393700787404 217.3228346456693 105.51181102362204 la
1236.2204724409448 3485.0393700787404 325.98425196850394 105.51181102362204 tête,
1453.5433070866143 3485.0393700787404 217.3228346456693 105.51181102362204 et
1562.2047244094488 3485.0393700787404 434.6456692913386 105.51181102362204 rétablit
1851.9685039370079 3485.0393700787404 144.88188976377953 105.51181102362204 le

329.13385826771656 3592.1259842519685 425.1968503937008 97.63779527559055 combat.
639.3700787401575 3592.1259842519685 310.23622047244095 97.63779527559055 Mais
833.0708661417323 3592.1259842519685 270.86614173228344 97.63779527559055 les
987.4015748031496 3592.1259842519685 425.1968503937008 97.63779527559055 Romains
1297.6377952755906 3592.1259842519685 618.8976377952756 97.63779527559055 conservoient
1762.2047244094488 3592.1259842519685 231.49606299212599 97.63779527559055 tou
