1545 2700
570 250 153 110 (
632 250 184 110 21
693 250 92 110 )

209 343 158 91 les
300 343 317 91 Spartiates
549 343 136 91 ne
616 343 249 91 doivent
797 343 181 91 plus
910 343 294 91 désormais
1114 343 158 91 avoir

210 433 207 67 aucun
348 433 253 67 rapport
533 433 184 67 avec
648 433 161 67 les
740 433 277 67 mortels:
947 433 161 67 ils
1040 433 184 67 vont
1132 433 138 67 sou-

206 501 168 91 per
302 501 193 91 chez
398 501 217 91 Pluton.

263 576 148 66 Ce
337 576 344 66 dévouement
608 576 148 66 de
682 576 295 66 Léonidas
903 576 148 66 et
977 576 148 66 de
1051 576 172 66 ses
1124 576 148 66 com-

210 645 249 79 pagnons
391 645 294 79 produisit
618 645 181 79 plus
731 645 249 79 d’effet
912 645 158 79 que
1002 645 136 79 la
1048 645 226 79 victoire

212 722 130 53 la
277 722 174 53 plus
386 722 304 53 brillante;
625 722 130 53 il
690 722 217 53 apprit
842 722 152 53 aux
929 722 195 53 Grecs
1059 722 130 53 le
1102 722 174 53 secret

210 773 136 66 de
278 773 204 66 leurs
415 773 250 66 forces,
596 773 159 66 aux
687 773 227 66 Perses
846 773 204 66 celui
982 773 136 66 de
1050 773 182 66 leur
1141 773 136 66 foi-

206 851 280 64 blesse.
409 851 153 64 Le
486 851 255 64 nombre
664 851 178 64 des
766 851 356 64 Spartiates
1046 851 229 64 étoit
1173 851 102 64 de

210 913 213 73 trois
352 913 213 73 cents
495 913 261 73 hommes;
684 913 166 73 les
779 913 237 73 Perses
944 913 142 73 en
992 913 284 73 comptoient

208 984 184 104 plus
323 984 138 104 de
392 984 161 104 six
484 984 184 104 cent
576 984 184 104 mille.

211 1125 205 93 Les
299 1125 293 93 Sabines.

261 1252 157 69 Le
339 1252 261 69 moment
522 1252 183 69 est
626 1252 235 69 celui
783 1252 157 69 où
861 1252 157 69 le
940 1252 261 69 combat
1096 1252 183 69 entre

210 1311 166 80 les
305 1311 261 80 Romains
495 1311 142 80 et
566 1311 166 80 les
661 1311 237 80 Sabins
827 1311 166 80 est
922 1311 332 80 interrompu
1159 1311 119 80 par

210 1381 144 79 la
282 1381 287 79 présence
497 1381 167 79 des
569 1381 239 79 Sabines.

264 1447 395 69 L’enlèvement
585 1447 173 69 des
684 1447 271 69 Sabines
881 1447 173 69 par
980 1447 173 69 les
1054 1447 222 69 Romains

208 1533 235 58 ayant
364 1533 235 58 donné
521 1533 209 58 lieu
651 1533 130 58 à
703 1533 183 58 une
808 1533 261 58 guerre
990 1533 261 58 contre
1147 1533 130 58 les

210 1588 334 69 ravisseurs,
477 1588 134 69 de
544 1588 134 69 la
610 1588 178 69 part
722 1588 156 69 des
811 1588 223 69 Sabins
966 1588 134 69 et
1033 1588 156 69 des
1100 1588 178 69 autres

210 1661 266 74 peuples
403 1661 315 74 offensés,
646 1661 291 74 Romulus,
863 1661 169 74 roi
960 1661 145 74 de
1033 1661 218 74 Rome,
1154 1661 121 74 les

209 1723 218 68 défit
354 1723 218 68 tous.
499 1723 314 68 Cependant
741 1723 266 68 Tatius,
934 1723 169 68 roi
1031 1723 145 68 de
1080 1723 193 68 Cures;

211 1798 189 80 prit
329 1798 165 80 les
424 1798 212 80 armes
565 1798 189 80 avec
683 1798 189 80 plus
801 1798 142 80 de
872 1798 260 80 succès,
1061 1798 142 80 et
1108 1798 165 80 s’em-

207 1868 198 71 para
331 1868 149 71 de
406 1868 149 71 la
480 1868 323 71 citadelle
728 1868 149 71 de
803 1868 223 71 Rome.
951 1868 149 71 Le
1001 1868 273 71 lendemain

211 1931 254 67 l’armée
396 1931 162 67 des
488 1931 254 67 Romains
673 1931 208 67 ayant
811 1931 208 67 livré
950 1931 300 67 bataille,
1158 1931 115 67 fut

208 2006 198 79 mise
332 2006 148 79 en
406 2006 297 79 déroute;
629 2006 198 79 mais
753 2006 297 79 Romulus,
975 2006 223 79 après
1099 2006 173 79 avoir

210 2076 259 59 imploré
399 2076 141 59 le
470 2076 259 59 secours
658 2076 141 59 de
729 2076 259 59 Jupiter
917 2076 259 59 Stator,
1082 2076 189 59 rallia

208 2147 162 68 les
300 2147 277 68 troupes,
508 2147 139 68 et
577 2147 162 68 mit
670 2147 139 68 en
739 2147 231 68 fuite,
901 2147 185 68 avec
1016 2147 162 68 son
1085 2147 185 68 armée,

209 2213 253 67 Tatius,
393 2213 161 67 qui
485 2213 253 67 revient
669 2213 115 67 à
715 2213 138 67 la
785 2213 207 67 tête,
923 2213 138 67 et
992 2213 276 67 rétablit
1176 2213 92 67 le

209 2281 270 62 combat.
406 2281 197 62 Mais
529 2281 172 62 les
627 2281 270 62 Romains
824 2281 393 62 conservoient
1119 2281 147 62 tou
