2522.834645669291 4285.03937007874
1159.0551181102362 404.7244094488189 240.9448818897638 170.07874015748033 (
1256.6929133858268 404.7244094488189 289.76377952755905 170.07874015748033 22
1352.755905511811 404.7244094488189 144.88188976377953 170.07874015748033 )

566.9291338582677 581.1023622047244 330.70866141732284 107.08661417322834 jours
787.4015748031496 581.1023622047244 551.1811023622047 107.08661417322834 l’avantage,
1226.7716535433071 581.1023622047244 330.70866141732284 107.08661417322834 quand
1447.244094488189 581.1023622047244 551.1811023622047 107.08661417322834 tout-à-coup
1851.9685039370079 581.1023622047244 403.1496062992126 107.08661417322834 Hersilie,

566.9291338582677 686.6141732283464 360.62992125984255 102.36220472440945 femme
806.2992125984252 686.6141732283464 240.9448818897638 102.36220472440945 de
927.5590551181102 686.6141732283464 481.8897637795276 102.36220472440945 Romulus,
1288.1889763779527 686.6141732283464 240.9448818897638 102.36220472440945 et
1409.4488188976377 686.6141732283464 321.25984251968504 102.36220472440945 avec
1609.4488188976377 686.6141732283464 321.25984251968504 102.36220472440945 elle
1811.023622047244 686.6141732283464 280.31496062992125 102.36220472440945 les
1930.708661417323 686.6141732283464 321.25984251968504 102.36220472440945 autres

573.2283464566929 784.2519685039371 420.4724409448819 102.36220472440945 Sabines
878.7401574803149 784.2519685039371 305.51181102362204 102.36220472440945 dont
1069.291338582677 784.2519685039371 611.0236220472441 102.36220472440945 l’enlèvement
1566.9291338582677 784.2519685039371 344.88188976377955 102.36220472440945 avoit
1796.8503937007874 784.2519685039371 344.88188976377955 102.36220472440945 causé
1987.4015748031495 784.2519685039371 267.7165354330709 102.36220472440945 cette

568.503937007874 900.7874015748032 403.1496062992126 110.23622047244095 guerre,
861.4173228346457 900.7874015748032 256.6929133858268 110.23622047244095 les
1007.8740157480315 900.7874015748032 403.1496062992126 110.23622047244095 cheveux
1300.7874015748032 900.7874015748032 366.92913385826773 110.23622047244095 épars,
1557.4803149606298 900.7874015748032 220.4724409448819 110.23622047244095 et
1667.716535433071 900.7874015748032 329.13385826771656 110.23622047244095 leurs
1850.3937007874015 900.7874015748032 403.1496062992126 110.23622047244095 vêtements

565.3543307086615 1029.9212598425197 220.4724409448819 80.31496062992126 en
675.5905511811023 1029.9212598425197 475.59055118110234 80.31496062992126 désordre,
1040.9448818897638 1029.9212598425197 439.37007874015745 80.31496062992126 oubliant
1371.6535433070867 1029.9212598425197 220.4724409448819 80.31496062992126 la
1480.3149606299212 1029.9212598425197 439.37007874015745 80.31496062992126 timidité
1811.023622047244 1029.9212598425197 475.59055118110234 80.31496062992126 naturelle
2140.1574803149606 1029.9212598425197 110.23622047244095 80.31496062992126 à

562.2047244094488 1110.236220472441 300.78740157480314 102.36220472440945 leur
749.6062992125984 1110.236220472441 338.5826771653543 102.36220472440945 sexe,
976.3779527559055 1110.236220472441 300.78740157480314 102.36220472440945 tout
1163.7795275590552 1110.236220472441 300.78740157480314 102.36220472440945 hors
1351.1811023622047 1110.236220472441 677.1653543307086 102.36220472440945 d’elles-mêmes,
1914.9606299212599 1110.236220472441 225.1968503937008 102.36220472440945 et
1990.5511811023623 1110.236220472441 262.99212598425197 102.36220472440945 pous-

562.2047244094488 1240.9448818897638 294.48818897637796 86.61417322834646 sant
744.8818897637796 1240.9448818897638 256.6929133858268 86.61417322834646 des
892.9133858267717 1240.9448818897638 294.48818897637796 86.61417322834646 cris
1075.5905511811025 1240.9448818897638 587.4015748031496 86.61417322834646 lamentables,
1554.3307086614172 1240.9448818897638 220.4724409448819 86.61417322834646 se
1664.5669291338584 1240.9448818897638 404.7244094488189 86.61417322834646 jettent
1957.4803149606298 1240.9448818897638 184.251968503937 86.61417322834646 à
1995.275590551181 1240.9448818897638 256.6929133858268 86.61417322834646 corps

559.0551181102362 1352.755905511811 337.00787401574803 92.91338582677166 perdu
784.2519685039371 1352.755905511811 187.4015748031496 92.91338582677166 à
859.8425196850394 1352.755905511811 412.59842519685037 92.91338582677166 travers
1159.0551181102362 1352.755905511811 262.99212598425197 92.91338582677166 les
1310.236220472441 1352.755905511811 374.8031496062992 92.91338582677166 lances
1571.6535433070867 1352.755905511811 225.1968503937008 92.91338582677166 et
1685.0393700787401 1352.755905511811 262.99212598425197 92.91338582677166 les
1834.6456692913387 1352.755905511811 412.59842519685037 92.91338582677166 glaives
2097.6377952755906 1352.755905511811 149.60629921259843 92.91338582677166 de

552.7559055118111 1444.0944881889764 348.0314960629921 113.38582677165354 leurs
785.8267716535433 1444.0944881889764 348.0314960629921 113.38582677165354 maris
1017.3228346456693 1444.0944881889764 231.49606299212599 113.38582677165354 et
1132.283464566929 1444.0944881889764 231.49606299212599 113.38582677165354 de
1248.8188976377953 1444.0944881889764 348.0314960629921 113.38582677165354 leurs
1480.3149606299212 1444.0944881889764 348.0314960629921 113.38582677165354 pères
1711.8110236220473 1444.0944881889764 462.99212598425197 113.38582677165354 acharnés
2020.4724409448818 1444.0944881889764 231.49606299212599 113.38582677165354 l’un

552.7559055118111 1552.755905511811 344.88188976377955 110.23622047244095 contre
795.2755905511812 1552.755905511811 414.1732283464567 110.23622047244095 l’autre,
1105.5118110236222 1552.755905511811 207.8740157480315 110.23622047244095 et
1209.4488188976377 1552.755905511811 518.1102362204724 110.23622047244095 s’efforcent
1623.6220472440946 1552.755905511811 448.81889763779526 110.23622047244095 d’arrêter
1935.4330708661416 1552.755905511811 310.23622047244095 110.23622047244095 l’effu-

537.007874015748 1675.5905511811025 299.21259842519686 121.25984251968504 sion
724.4094488188977 1675.5905511811025 223.6220472440945 121.25984251968504 du
836.2204724409448 1675.5905511811025 299.21259842519686 121.25984251968504 sang
1022.0472440944882 1675.5905511811025 299.21259842519686 121.25984251968504 prêt
1209.4488188976377 1675.5905511811025 187.4015748031496 121.25984251968504 à
1283.4645669291338 1675.5905511811025 373.2283464566929 121.25984251968504 couler
1508.6614173228347 1675.5905511811025 335.43307086614175 121.25984251968504 encore.

633.0708661417323 1762.2047244094488 420.4724409448819 138.58267716535434 Romulus
938.5826771653543 1762.2047244094488 229.92125984251967 138.58267716535434 va
1053.5433070866143 1762.2047244094488 382.6771653543307 138.58267716535434 lancer
1321.259842519685 1762.2047244094488 267.7165354330709 138.58267716535434 son
1475.5905511811025 1762.2047244094488 420.4724409448819 138.58267716535434 javelot
1781.1023622047244 1762.2047244094488 267.7165354330709 138.58267716535434 sur
1896.0629921259842 1762.2047244094488 344.88188976377955 138.58267716535434 Tatius,

552.7559055118111 1899.2125984251968 281.8897637795276 94.48818897637796 qui,
727.5590551181102 1899.2125984251968 176.3779527559055 94.48818897637796 à
798.4251968503937 1899.2125984251968 281.8897637795276 94.48818897637796 demi
974.8031496062993 1899.2125984251968 422.0472440944882 94.48818897637796 incliné,
1291.3385826771653 1899.2125984251968 211.0236220472441 94.48818897637796 le
1396.8503937007874 1899.2125984251968 352.755905511811 94.48818897637796 regard
1644.0944881889764 1899.2125984251968 281.8897637795276 94.48818897637796 fixé
1820.4724409448818 1899.2125984251968 247.24409448818898 94.48818897637796 sur
1960.6299212598426 1899.2125984251968 247.24409448818898 94.48818897637796 son
2066.1417322834645 1899.2125984251968 176.3779527559055 94.48818897637796 ad-

546.4566929133858 1976.3779527559054 489.76377952755905 125.98425196850394 versaire,
924.4094488188977 1976.3779527559054 377.9527559055118 125.98425196850394 attend
1187.4015748031495 1976.3779527559054 226.77165354330708 125.98425196850394 le
1300.7874015748032 1976.3779527559054 302.3622047244094 125.98425196850394 coup
1489.763779527559 1976.3779527559054 226.77165354330708 125.98425196850394 du
1603.1496062992126 1976.3779527559054 302.3622047244094 125.98425196850394 fils
1792.1259842519685 1976.3779527559054 226.77165354330708 125.98425196850394 de
1903.9370078740158 1976.3779527559054 340.15748031496065 125.98425196850394 Mars,
2092.9133858267714 1976.3779527559054 151.1811023622047 125.98425196850394 et

549.6062992125984 2088.1889763779527 270.86614173228344 121.25984251968504 épie
718.1102362204724 2088.1889763779527 439.37007874015745 121.25984251968504 l’instant
1055.1181102362204 2088.1889763779527 203.1496062992126 121.25984251968504 où
1157.4803149606298 2088.1889763779527 203.1496062992126 121.25984251968504 il
1258.267716535433 2088.1889763779527 337.00787401574803 121.25984251968504 pourra
1494.4881889763778 2088.1889763779527 404.7244094488189 121.25984251968504 riposter
1798.4251968503936 2088.1889763779527 270.86614173228344 121.25984251968504 avec
1933.8582677165355 2088.1889763779527 303.93700787401576 121.25984251968504 succès.

544.8818897637796 2206.299212598425 294.48818897637796 94.48818897637796 Mais
729.1338582677165 2206.299212598425 478.74015748031496 94.48818897637796 Hersilie,
1097.6377952755906 2206.299212598425 552.7559055118111 94.48818897637796 suppliante,
1538.5826771653544 2206.299212598425 220.4724409448819 94.48818897637796 se
1650.3937007874015 2206.299212598425 478.74015748031496 94.48818897637796 précipite
1981.1023622047244 2206.299212598425 258.26771653543307 94.48818897637796 entre

538.5826771653543 2311.8110236220473 253.54330708661416 99.21259842519684 les
683.4645669291339 2311.8110236220473 289.76377952755905 99.21259842519684 deux
864.5669291338583 2311.8110236220473 579.5275590551181 99.21259842519684 combattants,
1335.4330708661416 2311.8110236220473 217.3228346456693 99.21259842519684 et
1442.5196850393702 2311.8110236220473 398.4251968503937 99.21259842519684 cherche
1732.283464566929 2311.8110236220473 181.10236220472441 99.21259842519684 à
1804.724409448819 2311.8110236220473 398.4251968503937 99.21259842519684 arrêter
2058.267716535433 2311.8110236220473 181.10236220472441 99.21259842519684 les

543.3070866141733 2442.51968503937 332.2834645669291 97.63779527559055 coups
763.7795275590552 2442.51968503937 294.48818897637796 97.63779527559055 près
948.0314960629921 2442.51968503937 220.4724409448819 97.63779527559055 de
1058.267716535433 2442.51968503937 368.503937007874 97.63779527559055 partir
1316.5354330708662 2442.51968503937 220.4724409448819 97.63779527559055 de
1426.7716535433071 2442.51968503937 332.2834645669291 97.63779527559055 leurs
1648.8188976377953 2442.51968503937 368.503937007874 97.63779527559055 mains;
1905.5118110236222 2442.51968503937 258.26771653543307 97.63779527559055 ses
2017.3228346456692 2442.51968503937 220.4724409448819 97.63779527559055 lar-

543.3070866141733 2538.582677165354 256.6929133858268 111.81102362204724 mes
689.7637795275591 2538.582677165354 220.4724409448819 111.81102362204724 et
800.0 2538.582677165354 256.6929133858268 111.81102362204724 ses
948.0314960629921 2538.582677165354 404.7244094488189 111.81102362204724 prières
1240.9448818897638 2538.582677165354 551.1811023622047 111.81102362204724 s’adressent
1683.4645669291338 2538.582677165354 440.9448818897638 111.81102362204724 sur-tout
2014.1732283464567 2538.582677165354 184.251968503937 111.81102362204724 à
2050.3937007874015 2538.582677165354 184.251968503937 111.81102362204724 son

541.7322834645669 2644.0944881889764 368.503937007874 107.08661417322834 époux.
798.4251968503937 2644.0944881889764 294.48818897637796 107.08661417322834 Plus
982.6771653543307 2644.0944881889764 330.70866141732284 107.08661417322834 loin,
1203.1496062992126 2644.0944881889764 256.6929133858268 107.08661417322834 une
1349.6062992125985 2644.0944881889764 294.48818897637796 107.08661417322834 mère
1533.8582677165355 2644.0944881889764 478.74015748031496 107.08661417322834 échevelée
1864.5669291338584 2644.0944881889764 368.503937007874 107.08661417322834 s’élance

540.1574803149606 2757.48031496063 258.26771653543307 96.06299212598425 sur
686.6141732283464 2757.48031496063 222.04724409448818 96.06299212598425 un
798.4251968503937 2757.48031496063 368.503937007874 96.06299212598425 débris
1056.6929133858268 2757.48031496063 700.7874015748032 96.06299212598425 d’architecture;
1647.244094488189 2757.48031496063 406.2992125984252 96.06299212598425 aveugle
1941.732283464567 2757.48031496063 296.06299212598424 96.06299212598425 dans
2089.763779527559 2757.48031496063 148.03149606299212 96.06299212598425 sa

535.4330708661417 2869.2913385826773 474.01574803149606 102.36220472440945 douleur,
889.7637795275591 2869.2913385826773 314.96062992125985 102.36220472440945 elle
1088.1889763779527 2869.2913385826773 314.96062992125985 102.36220472440945 lève
1285.0393700787401 2869.2913385826773 275.59055118110234 102.36220472440945 son
1442.5196850393702 2869.2913385826773 434.6456692913386 102.36220472440945 enfant,
1757.4803149606298 2869.2913385826773 393.7007874015748 102.36220472440945 encore
2034.6456692913387 2869.2913385826773 196.8503937007874 102.36220472440945 à
2074.015748031496 2869.2913385826773 157.48031496062993 102.36220472440945 la

535.4330708661417 2968.503937007874 451.9685039370079 96.06299212598425 mamelle,
875.5905511811023 2968.503937007874 226.77165354330708 96.06299212598425 au
988.9763779527559 2968.503937007874 377.9527559055118 96.06299212598425 milieu
1251.9685039370079 2968.503937007874 264.56692913385825 96.06299212598425 des
1403.1496062992126 2968.503937007874 451.9685039370079 96.06299212598425 javelots
1743.3070866141732 2968.503937007874 226.77165354330708 96.06299212598425 en
1855.1181102362204 2968.503937007874 377.9527559055118 96.06299212598425 arrêt,
2081.8897637795276 2968.503937007874 151.1811023622047 96.06299212598425 et

533.8582677165355 3081.8897637795276 423.62204724409446 100.78740157480316 l’expose
850.3937007874016 3081.8897637795276 316.53543307086613 100.78740157480316 ainsi
1061.4173228346456 3081.8897637795276 176.3779527559055 100.78740157480316 à
1132.283464566929 3081.8897637795276 211.0236220472441 100.78740157480316 la
1237.7952755905512 3081.8897637795276 352.755905511811 100.78740157480316 fureur
1485.0393700787401 3081.8897637795276 247.24409448818898 100.78740157480316 des
1625.1968503937007 3081.8897637795276 423.62204724409446 100.78740157480316 soldats.
1943.3070866141732 3081.8897637795276 247.24409448818898 100.78740157480316 Son
2048.818897637795 3081.8897637795276 176.3779527559055 100.78740157480316 cri

537.007874015748 3185.8267716535433 247.24409448818898 107.08661417322834 est
677.1653543307086 3185.8267716535433 316.53543307086613 107.08661417322834 celui
888.1889763779527 3185.8267716535433 211.0236220472441 107.08661417322834 du
995.2755905511812 3185.8267716535433 492.9133858267717 107.08661417322834 désespoir.
1382.6771653543308 3185.8267716535433 247.24409448818898 107.08661417322834 Une
1522.8346456692914 3185.8267716535433 316.53543307086613 107.08661417322834 belle
1735.4330708661416 3185.8267716535433 387.40157480314963 107.08661417322834 Sabine,
2017.3228346456692 3185.8267716535433 176.3779527559055 107.08661417322834 à
2051.968503937008 3185.8267716535433 176.3779527559055 107.08661417322834 ge-

533.8582677165355 3300.787401574803 337.00787401574803 113.38582677165354 noux,
759.0551181102362 3300.787401574803 262.99212598425197 113.38582677165354 les
908.6614173228346 3300.787401574803 412.59842519685037 113.38582677165354 cheveux
1209.4488188976377 3300.787401574803 374.8031496062992 113.38582677165354 épars,
1472.4409448818897 3300.787401574803 374.8031496062992 113.38582677165354 livrée
1733.8582677165355 3300.787401574803 187.4015748031496 113.38582677165354 à
1809.4488188976377 3300.787401574803 225.1968503937008 113.38582677165354 la
1885.0393700787401 3300.787401574803 337.00787401574803 113.38582677165354 douleur

535.4330708661417 3395.2755905511813 225.1968503937008 116.53543307086615 la
648.8188976377953 3395.2755905511813 299.21259842519686 116.53543307086615 plus
836.2204724409448 3395.2755905511813 486.61417322834643 116.53543307086615 profonde,
1211.023622047244 3395.2755905511813 337.00787401574803 116.53543307086615 s’est
1434.6456692913387 3395.2755905511813 412.59842519685037 116.53543307086615 élancée
1735.4330708661416 3395.2755905511813 225.1968503937008 116.53543307086615 au
1847.244094488189 3395.2755905511813 374.8031496062992 116.53543307086615 milieu
2072.4409448818897 3395.2755905511813 149.60629921259843 116.53543307086615 de

541.7322834645669 3505.511811023622 234.64566929133858 107.08661417322834 la
659.8425196850394 3505.511811023622 390.5511811023622 107.08661417322834 mélée,
932.2834645669292 3505.511811023622 313.38582677165357 107.08661417322834 elle
1129.1338582677165 3505.511811023622 195.2755905511811 107.08661417322834 a
1206.2992125984251 3505.511811023622 390.5511811023622 107.08661417322834 déposé
1480.3149606299212 3505.511811023622 274.01574803149606 107.08661417322834 aux
1636.2204724409448 3505.511811023622 351.18110236220474 107.08661417322834 pieds
1870.8661417322835 3505.511811023622 274.01574803149606 107.08661417322834 des
1988.976377952756 3505.511811023622 195.2755905511811 107.08661417322834 com

540.1574803149606 3629.9212598425197 459.84251968503935 125.98425196850394 battants
885.0393700787401 3629.9212598425197 267.7165354330709 125.98425196850394 ses
1037.7952755905512 3629.9212598425197 344.88188976377955 125.98425196850394 trois
1267.716535433071 3629.9212598425197 459.84251968503935 125.98425196850394 enfants.
1612.5984251968505 3629.9212598425197 267.7165354330709 125.98425196850394 Une
1727.5590551181103 3629.9212598425197 497.6377952755906 125.98425196850394 grand’mère,
