1548 2709
558 239 150 112 (
618 239 180 112 23
678 239 90 112 )

196 337 162 85 qui
288 337 115 85 a
334 337 254 85 apporté
519 337 139 85 un
588 337 208 85 petit
727 337 231 85 enfant
889 337 231 85 encore
1050 337 115 85 à
1096 337 139 85 la
1143 337 115 85 ma-

194 421 237 68 melle,
360 421 166 68 qui
455 421 189 68 suce
573 421 166 68 son
668 421 213 68 doigt
810 421 189 68 sans
928 421 332 68 s’effrayer
1165 421 95 68 du

191 489 218 61 bruit
336 489 145 61 de
408 489 218 61 cette
554 489 218 61 scène
699 489 339 61 sanglante,
965 489 290 61 découvre
1158 489 97 61 sa

202 557 298 73 poitrine,
431 557 138 73 et
500 557 229 73 semble
661 557 183 73 dire
775 557 115 73 :
821 557 344 73 Frappez-moi
1074 557 183 73 plutôt

195 623 177 84 que
296 623 151 84 ma
371 623 303 84 famille.
599 623 328 84 Cependant
851 623 278 84 Romulus
1053 623 177 84 est
1129 623 126 84 ému

195 705 161 59 par
287 705 161 59 les
379 705 230 59 larmes
540 705 138 59 et
609 705 161 59 les
701 705 276 59 discours
907 705 345 59 d’Hersilie.
1160 705 92 59 La

195 754 231 59 fureur
356 754 161 59 des
449 754 254 59 soldats
633 754 138 59 se
702 754 208 59 calme
841 754 161 59 aux
933 754 185 59 cris
1025 754 231 59 perçants

196 824 141 72 de
266 824 211 72 leurs
407 824 235 72 femmes
571 824 141 72 et
642 824 141 72 de
712 824 211 72 leurs
853 824 282 72 enfants,
1064 824 141 72 et
1111 824 141 72 l’on

191 892 212 64 voit,
333 892 165 64 par
427 892 165 64 une
522 892 236 64 espèce
687 892 448 64 d’enchantement,
1064 892 165 64 les
1135 892 118 64 ca-

192 957 276 69 pitaines
399 957 138 69 de
468 957 230 69 chaque
629 957 207 69 armée
768 957 299 69 suspendre
998 957 161 69 les
1067 957 184 69 coups,

195 1028 132 74 et
261 1028 243 74 arrêter
438 1028 177 74 d’un
548 1028 177 74 seul
658 1028 199 74 geste
791 1028 375 74 l’ébranlement
1077 1028 177 74 redou-

193 1098 199 70 table
325 1098 199 70 d’une
458 1098 199 70 forêt
590 1098 132 70 de
656 1098 221 70 lances
811 1098 132 70 et
877 1098 132 70 de
943 1098 265 70 javelots
1120 1098 132 70 près

193 1163 144 82 de
265 1163 240 82 porter
433 1163 144 82 la
506 1163 192 82 mort
626 1163 192 82 dans
746 1163 168 82 les
842 1163 216 82 rangs
986 1163 144 82 de
1059 1163 192 82 l’un
1155 1163 96 82 et

195 1229 247 64 l’autre
374 1229 224 64 parti.
531 1229 202 64 Enfin
666 1229 135 64 la
733 1229 314 64 suspension
980 1229 157 64 est
1047 1229 202 64 procla-

195 1300 183 68 mée;
309 1300 137 68 la
378 1300 251 68 terreur
561 1300 206 68 fuit,
698 1300 137 68 le
766 1300 251 68 tumulte
949 1300 228 68 cesse,
1109 1300 137 68 et
1155 1300 91 68 un

191 1376 238 50 vieux
349 1376 370 50 commandant
640 1376 158 50 de
719 1376 291 50 l’armée
930 1376 291 50 romaine
1115 1376 132 50 si-

191 1437 211 65 gnale
331 1437 141 65 la
402 1437 188 65 paix
519 1437 141 65 en
589 1437 305 65 remettant
824 1437 164 65 son
918 1437 211 65 sabre
1058 1437 188 65 dans
1152 1437 94 65 le

163 1507 271 85 fourreau.

246 1572 154 82 La
323 1572 231 82 scène
478 1572 154 82 se
555 1572 231 82 passe
709 1572 154 82 au
786 1572 206 82 pied
915 1572 180 82 des
992 1572 257 82 remparts

190 1639 163 64 de
271 1639 244 64 Rome,
434 1639 217 64 près
569 1639 163 64 la
651 1639 244 64 roche
813 1639 407 64 Tarpeïenne,
1111 1639 136 64 que

195 1701 176 90 l’on
305 1701 263 90 aperçoit
502 1701 176 90 dans
612 1701 132 90 le
678 1701 198 90 fond.
810 1701 198 90 Parmi
942 1701 154 90 les
1007 1701 242 90 enseignes

193 1778 179 63 des
296 1778 282 63 Romains
501 1778 154 63 on
578 1778 308 63 remarque
808 1778 154 63 la
885 1778 256 63 louve,
1065 1778 154 63 et
1116 1778 128 63 une

194 1848 201 67 botte
328 1848 134 67 de
395 1848 201 67 foin,
529 1848 268 67 attachée
731 1848 112 67 à
775 1848 157 67 une
865 1848 224 67 lance,
1021 1848 157 67 qui
1088 1848 157 67 étoit

194 1920 165 84 une
289 1920 165 84 des
383 1920 306 84 premières
619 1920 306 84 enseignes
854 1920 141 84 de
925 1920 141 84 ce
972 1920 212 84 peuple.

83 2006 198 85 21.
196 2006 198 85 Les
309 2006 340 85 Licteurs
564 2006 396 85 rapportent
875 2006 142 85 à
932 2006 283 85 Brutus
1102 2006 142 85 les

143 2108 261 73 corps
317 2108 174 73 de
404 2108 203 73 ses
520 2108 232 73 fils
665 2108 261 73 qu’il
838 2108 145 73 a
896 2108 377 73 condamnés
1157 2108 87 73 à

111 2181 223 69 mort.

250 2267 302 81 L’attentat
488 2267 130 81 de
553 2267 238 81 Sextus,
726 2267 173 81 fils
834 2267 130 81 de
898 2267 259 81 Tarquin,
1093 2267 151 81 roi
1158 2267 86 81 de
