2437.7952755905512 4266.141732283465
878.7401574803149 376.37795275590554 236.2204724409449 176.3779527559055 (
973.2283464566929 376.37795275590554 283.46456692913387 176.3779527559055 23
1067.716535433071 376.37795275590554 141.73228346456693 176.3779527559055 )

308.66141732283467 530.7086614173228 255.11811023622047 133.85826771653544 qui
453.54330708661416 530.7086614173228 181.10236220472441 133.85826771653544 a
525.9842519685039 530.7086614173228 400.0 133.85826771653544 apporté
817.3228346456693 530.7086614173228 218.89763779527559 133.85826771653544 un
925.9842519685039 530.7086614173228 327.5590551181102 133.85826771653544 petit
1144.8818897637796 530.7086614173228 363.7795275590551 133.85826771653544 enfant
1400.0 530.7086614173228 363.7795275590551 133.85826771653544 encore
1653.5433070866143 530.7086614173228 181.10236220472441 133.85826771653544 à
1725.984251968504 530.7086614173228 218.89763779527559 133.85826771653544 la
1800.0 530.7086614173228 181.10236220472441 133.85826771653544 ma-

305.51181102362204 662.992125984252 373.2283464566929 107.08661417322834 melle,
566.9291338582677 662.992125984252 261.4173228346457 107.08661417322834 qui
716.5354330708661 662.992125984252 297.6377952755906 107.08661417322834 suce
902.3622047244095 662.992125984252 261.4173228346457 107.08661417322834 son
1051.9685039370079 662.992125984252 335.43307086614175 107.08661417322834 doigt
1275.5905511811025 662.992125984252 297.6377952755906 107.08661417322834 sans
1461.4173228346456 662.992125984252 522.8346456692914 107.08661417322834 s’effrayer
1834.6456692913387 662.992125984252 149.60629921259843 107.08661417322834 du

300.78740157480314 770.0787401574803 343.3070866141732 96.06299212598425 bruit
529.1338582677165 770.0787401574803 228.3464566929134 96.06299212598425 de
642.5196850393701 770.0787401574803 343.3070866141732 96.06299212598425 cette
872.4409448818898 770.0787401574803 343.3070866141732 96.06299212598425 scène
1100.7874015748032 770.0787401574803 533.8582677165355 96.06299212598425 sanglante,
1519.6850393700788 770.0787401574803 456.6929133858268 96.06299212598425 découvre
1823.6220472440946 770.0787401574803 152.75590551181102 96.06299212598425 sa

318.1102362204724 877.1653543307086 469.29133858267716 114.96062992125984 poitrine,
678.7401574803149 877.1653543307086 217.3228346456693 114.96062992125984 et
787.4015748031496 877.1653543307086 360.62992125984255 114.96062992125984 semble
1040.9448818897638 877.1653543307086 288.18897637795277 114.96062992125984 dire
1220.4724409448818 877.1653543307086 181.10236220472441 114.96062992125984 :
1292.9133858267717 877.1653543307086 541.7322834645669 114.96062992125984 Frappez-moi
1691.3385826771653 877.1653543307086 288.18897637795277 114.96062992125984 plutôt

307.0866141732283 981.1023622047244 278.74015748031496 132.28346456692913 que
466.1417322834646 981.1023622047244 237.79527559055117 132.28346456692913 ma
584.2519685039371 981.1023622047244 477.1653543307087 132.28346456692913 famille.
943.3070866141733 981.1023622047244 516.5354330708661 132.28346456692913 Cependant
1340.1574803149606 981.1023622047244 437.79527559055117 132.28346456692913 Romulus
1658.267716535433 981.1023622047244 278.74015748031496 132.28346456692913 est
1777.9527559055118 981.1023622047244 198.4251968503937 132.28346456692913 ému

307.0866141732283 1110.236220472441 253.54330708661416 92.91338582677166 par
451.9685039370079 1110.236220472441 253.54330708661416 92.91338582677166 les
596.8503937007874 1110.236220472441 362.20472440944883 92.91338582677166 larmes
850.3937007874016 1110.236220472441 217.3228346456693 92.91338582677166 et
959.0551181102362 1110.236220472441 253.54330708661416 92.91338582677166 les
1103.9370078740158 1110.236220472441 434.6456692913386 92.91338582677166 discours
1428.3464566929133 1110.236220472441 543.3070866141733 92.91338582677166 d’Hersilie.
1826.7716535433071 1110.236220472441 144.88188976377953 92.91338582677166 La

307.0866141732283 1187.4015748031495 363.7795275590551 92.91338582677166 fureur
560.6299212598425 1187.4015748031495 253.54330708661416 92.91338582677166 des
707.0866141732283 1187.4015748031495 400.0 92.91338582677166 soldats
996.8503937007874 1187.4015748031495 217.3228346456693 92.91338582677166 se
1105.5118110236222 1187.4015748031495 327.5590551181102 92.91338582677166 calme
1324.4094488188975 1187.4015748031495 253.54330708661416 92.91338582677166 aux
1469.291338582677 1187.4015748031495 291.33858267716533 92.91338582677166 cris
1614.1732283464567 1187.4015748031495 363.7795275590551 92.91338582677166 perçants

308.66141732283467 1297.6377952755906 222.04724409448818 113.38582677165354 de
418.8976377952756 1297.6377952755906 332.2834645669291 113.38582677165354 leurs
640.9448818897638 1297.6377952755906 370.0787401574803 113.38582677165354 femmes
899.2125984251968 1297.6377952755906 222.04724409448818 113.38582677165354 et
1011.0236220472441 1297.6377952755906 222.04724409448818 113.38582677165354 de
1121.259842519685 1297.6377952755906 332.2834645669291 113.38582677165354 leurs
1343.3070866141732 1297.6377952755906 444.09448818897636 113.38582677165354 enfants,
1675.5905511811025 1297.6377952755906 222.04724409448818 113.38582677165354 et
1749.6062992125985 1297.6377952755906 222.04724409448818 113.38582677165354 l’on

300.78740157480314 1404.724409448819 333.8582677165354 100.78740157480316 voit,
524.4094488188977 1404.724409448819 259.84251968503935 100.78740157480316 par
672.4409448818898 1404.724409448819 259.84251968503935 100.78740157480316 une
822.0472440944882 1404.724409448819 371.65354330708664 100.78740157480316 espèce
1081.8897637795276 1404.724409448819 705.511811023622 100.78740157480316 d’enchantement,
1675.5905511811025 1404.724409448819 259.84251968503935 100.78740157480316 les
1787.4015748031495 1404.724409448819 185.82677165354332 100.78740157480316 ca-

302.3622047244094 1507.0866141732283 434.6456692913386 108.66141732283465 pitaines
628.3464566929134 1507.0866141732283 217.3228346456693 108.66141732283465 de
737.007874015748 1507.0866141732283 362.20472440944883 108.66141732283465 chaque
990.5511811023622 1507.0866141732283 325.98425196850394 108.66141732283465 armée
1209.4488188976377 1507.0866141732283 470.86614173228344 108.66141732283465 suspendre
1571.6535433070867 1507.0866141732283 253.54330708661416 108.66141732283465 les
1680.3149606299212 1507.0866141732283 289.76377952755905 108.66141732283465 coups,

307.0866141732283 1618.8976377952756 207.8740157480315 116.53543307086615 et
411.0236220472441 1618.8976377952756 382.6771653543307 116.53543307086615 arrêter
689.7637795275591 1618.8976377952756 278.74015748031496 116.53543307086615 d’un
862.992125984252 1618.8976377952756 278.74015748031496 116.53543307086615 seul
1036.2204724409448 1618.8976377952756 313.38582677165357 116.53543307086615 geste
1245.6692913385828 1618.8976377952756 590.5511811023622 116.53543307086615 l’ébranlement
1696.0629921259842 1618.8976377952756 278.74015748031496 116.53543307086615 redou-

303.93700787401576 1729.1338582677165 313.38582677165357 110.23622047244095 table
511.81102362204723 1729.1338582677165 313.38582677165357 110.23622047244095 d’une
721.2598425196851 1729.1338582677165 313.38582677165357 110.23622047244095 forêt
929.1338582677165 1729.1338582677165 207.8740157480315 110.23622047244095 de
1033.0708661417323 1729.1338582677165 348.0314960629921 110.23622047244095 lances
1277.1653543307086 1729.1338582677165 207.8740157480315 110.23622047244095 et
1381.1023622047244 1729.1338582677165 207.8740157480315 110.23622047244095 de
1485.0393700787401 1729.1338582677165 417.3228346456693 110.23622047244095 javelots
1763.7795275590552 1729.1338582677165 207.8740157480315 110.23622047244095 près

303.93700787401576 1831.4960629921259 226.77165354330708 129.13385826771653 de
417.3228346456693 1831.4960629921259 377.9527559055118 129.13385826771653 porter
681.8897637795276 1831.4960629921259 226.77165354330708 129.13385826771653 la
796.8503937007874 1831.4960629921259 302.3622047244094 129.13385826771653 mort
985.8267716535433 1831.4960629921259 302.3622047244094 129.13385826771653 dans
1174.8031496062993 1831.4960629921259 264.56692913385825 129.13385826771653 les
1325.984251968504 1831.4960629921259 340.15748031496065 129.13385826771653 rangs
1552.755905511811 1831.4960629921259 226.77165354330708 129.13385826771653 de
1667.716535433071 1831.4960629921259 302.3622047244094 129.13385826771653 l’un
1818.8976377952756 1831.4960629921259 151.1811023622047 129.13385826771653 et

307.0866141732283 1935.4330708661416 388.9763779527559 100.78740157480316 l’autre
588.9763779527559 1935.4330708661416 352.755905511811 100.78740157480316 parti.
836.2204724409448 1935.4330708661416 318.1102362204724 100.78740157480316 Enfin
1048.8188976377953 1935.4330708661416 212.5984251968504 100.78740157480316 la
1154.3307086614172 1935.4330708661416 494.48818897637796 100.78740157480316 suspension
1543.3070866141732 1935.4330708661416 247.24409448818898 100.78740157480316 est
1648.8188976377953 1935.4330708661416 318.1102362204724 100.78740157480316 procla-

307.0866141732283 2047.244094488189 288.18897637795277 107.08661417322834 mée;
486.61417322834643 2047.244094488189 215.748031496063 107.08661417322834 la
595.2755905511812 2047.244094488189 395.2755905511811 107.08661417322834 terreur
883.4645669291339 2047.244094488189 324.40944881889766 107.08661417322834 fuit,
1099.2125984251968 2047.244094488189 215.748031496063 107.08661417322834 le
1206.2992125984251 2047.244094488189 395.2755905511811 107.08661417322834 tumulte
1494.4881889763778 2047.244094488189 359.0551181102362 107.08661417322834 cesse,
1746.4566929133857 2047.244094488189 215.748031496063 107.08661417322834 et
1818.8976377952756 2047.244094488189 143.30708661417322 107.08661417322834 un

300.78740157480314 2166.9291338582675 374.8031496062992 78.74015748031496 vieux
549.6062992125984 2166.9291338582675 582.6771653543307 78.74015748031496 commandant
1007.8740157480315 2166.9291338582675 248.8188976377953 78.74015748031496 de
1132.283464566929 2166.9291338582675 458.26771653543307 78.74015748031496 l’armée
1464.5669291338584 2166.9291338582675 458.26771653543307 78.74015748031496 romaine
1755.9055118110236 2166.9291338582675 207.8740157480315 78.74015748031496 si-

300.78740157480314 2262.9921259842517 332.2834645669291 102.36220472440945 gnale
521.2598425196851 2262.9921259842517 222.04724409448818 102.36220472440945 la
633.0708661417323 2262.9921259842517 296.06299212598424 102.36220472440945 paix
817.3228346456693 2262.9921259842517 222.04724409448818 102.36220472440945 en
927.5590551181102 2262.9921259842517 480.31496062992125 102.36220472440945 remettant
1297.6377952755906 2262.9921259842517 258.26771653543307 102.36220472440945 son
1445.6692913385828 2262.9921259842517 332.2834645669291 102.36220472440945 sabre
1666.1417322834645 2262.9921259842517 296.06299212598424 102.36220472440945 dans
1814.1732283464567 2262.9921259842517 148.03149606299212 102.36220472440945 le

256.6929133858268 2373.228346456693 426.7716535433071 133.85826771653544 fourreau.

387.40157480314963 2475.5905511811025 242.51968503937007 129.13385826771653 La
508.66141732283467 2475.5905511811025 363.7795275590551 129.13385826771653 scène
752.7559055118111 2475.5905511811025 242.51968503937007 129.13385826771653 se
874.0157480314961 2475.5905511811025 363.7795275590551 129.13385826771653 passe
1116.5354330708662 2475.5905511811025 242.51968503937007 129.13385826771653 au
1237.7952755905512 2475.5905511811025 324.40944881889766 129.13385826771653 pied
1440.9448818897638 2475.5905511811025 283.46456692913387 129.13385826771653 des
1562.2047244094488 2475.5905511811025 404.7244094488189 129.13385826771653 remparts

299.21259842519686 2581.1023622047246 256.6929133858268 100.78740157480316 de
426.7716535433071 2581.1023622047246 384.251968503937 100.78740157480316 Rome,
683.4645669291339 2581.1023622047246 341.73228346456693 100.78740157480316 près
896.0629921259842 2581.1023622047246 256.6929133858268 100.78740157480316 la
1025.1968503937007 2581.1023622047246 384.251968503937 100.78740157480316 roche
1280.3149606299212 2581.1023622047246 640.9448818897638 100.78740157480316 Tarpeïenne,
1749.6062992125985 2581.1023622047246 214.17322834645668 100.78740157480316 que

307.0866141732283 2678.740157480315 277.1653543307087 141.73228346456693 l’on
480.31496062992125 2678.740157480315 414.1732283464567 141.73228346456693 aperçoit
790.5511811023622 2678.740157480315 277.1653543307087 141.73228346456693 dans
963.7795275590552 2678.740157480315 207.8740157480315 141.73228346456693 le
1067.716535433071 2678.740157480315 311.81102362204723 141.73228346456693 fond.
1275.5905511811025 2678.740157480315 311.81102362204723 141.73228346456693 Parmi
1483.4645669291338 2678.740157480315 242.51968503937007 141.73228346456693 les
1585.8267716535433 2678.740157480315 381.1023622047244 141.73228346456693 enseignes

303.93700787401576 2800.0 281.8897637795276 99.21259842519684 des
466.1417322834646 2800.0 444.09448818897636 99.21259842519684 Romains
788.9763779527559 2800.0 242.51968503937007 99.21259842519684 on
910.2362204724409 2800.0 485.03937007874015 99.21259842519684 remarque
1272.4409448818897 2800.0 242.51968503937007 99.21259842519684 la
1393.7007874015749 2800.0 403.1496062992126 99.21259842519684 louve,
1677.1653543307086 2800.0 242.51968503937007 99.21259842519684 et
1757.4803149606298 2800.0 201.5748031496063 99.21259842519684 une

305.51181102362204 2910.236220472441 316.53543307086613 105.51181102362204 botte
516.5354330708661 2910.236220472441 211.0236220472441 105.51181102362204 de
622.0472440944882 2910.236220472441 316.53543307086613 105.51181102362204 foin,
833.0708661417323 2910.236220472441 422.0472440944882 105.51181102362204 attachée
1151.1811023622047 2910.236220472441 176.3779527559055 105.51181102362204 à
1220.4724409448818 2910.236220472441 247.24409448818898 105.51181102362204 une
1362.2047244094488 2910.236220472441 352.755905511811 105.51181102362204 lance,
1607.8740157480315 2910.236220472441 247.24409448818898 105.51181102362204 qui
1713.3858267716535 2910.236220472441 247.24409448818898 105.51181102362204 étoit

305.51181102362204 3023.6220472440946 259.84251968503935 132.28346456692913 une
455.11811023622045 3023.6220472440946 259.84251968503935 132.28346456692913 des
603.1496062992126 3023.6220472440946 481.8897637795276 132.28346456692913 premières
974.8031496062993 3023.6220472440946 481.8897637795276 132.28346456692913 enseignes
1344.8818897637796 3023.6220472440946 222.04724409448818 132.28346456692913 de
1456.6929133858268 3023.6220472440946 222.04724409448818 132.28346456692913 ce
1530.708661417323 3023.6220472440946 333.8582677165354 132.28346456692913 peuple.

130.70866141732284 3159.0551181102364 311.81102362204723 133.85826771653544 21.
308.66141732283467 3159.0551181102364 311.81102362204723 133.85826771653544 Les
486.61417322834643 3159.0551181102364 535.4330708661417 133.85826771653544 Licteurs
888.1889763779527 3159.0551181102364 623.6220472440945 133.85826771653544 rapportent
1377.9527559055118 3159.0551181102364 223.6220472440945 133.85826771653544 à
1467.716535433071 3159.0551181102364 445.6692913385827 133.85826771653544 Brutus
1735.4330708661416 3159.0551181102364 223.6220472440945 133.85826771653544 les

225.1968503937008 3319.685039370079 411.0236220472441 114.96062992125984 corps
499.21259842519686 3319.685039370079 274.01574803149606 114.96062992125984 de
636.2204724409448 3319.685039370079 319.68503937007875 114.96062992125984 ses
818.8976377952756 3319.685039370079 365.3543307086614 114.96062992125984 fils
1047.244094488189 3319.685039370079 411.0236220472441 114.96062992125984 qu’il
1319.6850393700788 3319.685039370079 228.3464566929134 114.96062992125984 a
1411.023622047244 3319.685039370079 593.7007874015748 114.96062992125984 condamnés
1822.0472440944882 3319.685039370079 137.00787401574803 114.96062992125984 à

174.8031496062992 3434.6456692913384 351.18110236220474 108.66141732283465 mort.

393.7007874015748 3570.0787401574803 475.59055118110234 127.55905511811024 L’attentat
768.503937007874 3570.0787401574803 204.7244094488189 127.55905511811024 de
870.8661417322835 3570.0787401574803 374.8031496062992 127.55905511811024 Sextus,
1143.3070866141732 3570.0787401574803 272.4409448818898 127.55905511811024 fils
1313.3858267716535 3570.0787401574803 204.7244094488189 127.55905511811024 de
1414.1732283464567 3570.0787401574803 407.87401574803147 127.55905511811024 Tarquin,
1721.259842519685 3570.0787401574803 237.79527559055117 127.55905511811024 roi
1823.6220472440946 3570.0787401574803 135.43307086614172 127.55905511811024 de
