2485.0393700787404 4285.03937007874
1220.4724409448818 370.0787401574803 240.9448818897638 163.7795275590551 (
1316.5354330708662 370.0787401574803 288.18897637795277 163.7795275590551 24
1412.5984251968505 370.0787401574803 144.88188976377953 163.7795275590551 )

634.6456692913385 510.23622047244095 337.00787401574803 141.73228346456693 Rome,
859.8425196850394 510.23622047244095 225.1968503937008 141.73228346456693 et
973.2283464566929 510.23622047244095 225.1968503937008 141.73228346456693 la
1085.0393700787401 510.23622047244095 300.78740157480314 141.73228346456693 mort
1272.4409448818897 510.23622047244095 450.3937007874016 141.73228346456693 violente
1609.4488188976377 510.23622047244095 225.1968503937008 141.73228346456693 de
1722.8346456692914 510.23622047244095 450.3937007874016 141.73228346456693 Lucrèce,
2059.8425196850394 510.23622047244095 262.99212598425197 141.73228346456693 qui
2173.228346456693 510.23622047244095 149.60629921259843 141.73228346456693 en

633.0708661417323 634.6456692913385 251.96850393700788 144.88188976377953 fut
777.9527559055118 634.6456692913385 215.748031496063 144.88188976377953 la
885.0393700787401 634.6456692913385 360.62992125984255 144.88188976377953 suite,
1138.5826771653544 634.6456692913385 360.62992125984255 144.88188976377953 firent
1390.5511811023623 634.6456692913385 396.8503937007874 144.88188976377953 éclater
1678.740157480315 634.6456692913385 215.748031496063 144.88188976377953 la
1787.4015748031495 634.6456692913385 324.40944881889766 144.88188976377953 haine
1966.9291338582677 634.6456692913385 360.62992125984255 144.88188976377953 générale

631.496062992126 762.2047244094488 281.8897637795276 129.13385826771653 des
793.7007874015748 762.2047244094488 444.09448818897636 129.13385826771653 Romains
1116.5354330708662 762.2047244094488 403.1496062992126 129.13385826771653 contre
1398.4251968503936 762.2047244094488 242.51968503937007 129.13385826771653 un
1519.6850393700788 762.2047244094488 645.6692913385826 129.13385826771653 gouvernement
2003.1496062992126 762.2047244094488 322.8346456692913 129.13385826771653 tyran-

636.2204724409448 874.0157480314961 366.92913385826773 113.38582677165354 nique.
892.9133858267717 874.0157480314961 220.4724409448819 113.38582677165354 La
1003.1496062992126 874.0157480314961 403.1496062992126 113.38582677165354 royauté
1296.0629921259842 874.0157480314961 256.6929133858268 113.38582677165354 fut
1444.0944881889764 874.0157480314961 403.1496062992126 113.38582677165354 abolie,
1737.007874015748 874.0157480314961 220.4724409448819 113.38582677165354 et
1847.244094488189 874.0157480314961 220.4724409448819 113.38582677165354 on
1957.4803149606298 874.0157480314961 292.9133858267717 113.38582677165354 élut
2103.9370078740158 874.0157480314961 220.4724409448819 113.38582677165354 pour

631.496062992126 995.2755905511812 486.61417322834643 100.78740157480316 gouverner
1006.2992125984252 995.2755905511812 374.8031496062992 100.78740157480316 l’état
1267.716535433071 995.2755905511812 299.21259842519686 100.78740157480316 deux
1455.1181102362204 995.2755905511812 524.4094488188977 100.78740157480316 magistrats
1866.1417322834645 995.2755905511812 448.81889763779526 100.78740157480316 auxquels
2165.3543307086616 995.2755905511812 149.60629921259843 100.78740157480316 on

629.9212598425197 1092.9133858267717 346.45669291338584 97.63779527559055 donna
859.8425196850394 1092.9133858267717 231.49606299212599 97.63779527559055 le
974.8031496062993 1092.9133858267717 346.45669291338584 97.63779527559055 titre
1206.2992125984251 1092.9133858267717 231.49606299212599 97.63779527559055 de
1321.259842519685 1092.9133858267717 461.4173228346457 97.63779527559055 consuls.
1667.716535433071 1092.9133858267717 384.251968503937 97.63779527559055 Brutus
1937.007874015748 1092.9133858267717 269.29133858267716 97.63779527559055 fut
2051.968503937008 1092.9133858267717 269.29133858267716 97.63779527559055 nommé

633.0708661417323 1168.5039370078741 395.2755905511811 129.13385826771653 premier
921.2598425196851 1168.5039370078741 395.2755905511811 129.13385826771653 consul,
1207.8740157480315 1168.5039370078741 215.748031496063 129.13385826771653 et
1314.9606299212599 1168.5039370078741 251.96850393700788 129.13385826771653 eut
1459.8425196850394 1168.5039370078741 286.61417322834643 129.13385826771653 pour
1639.3700787401574 1168.5039370078741 431.496062992126 129.13385826771653 collègue
1925.984251968504 1168.5039370078741 395.2755905511811 129.13385826771653 Collatin,

626.7716535433071 1297.6377952755906 332.2834645669291 100.78740157480316 époux
847.2440944881889 1297.6377952755906 222.04724409448818 100.78740157480316 de
957.4803149606299 1297.6377952755906 442.5196850393701 100.78740157480316 Lucrèce:
1289.763779527559 1297.6377952755906 294.48818897637796 100.78740157480316 mais
1474.015748031496 1297.6377952755906 332.2834645669291 100.78740157480316 cette
1696.0629921259842 1297.6377952755906 516.5354330708661 100.78740157480316 république
2064.566929133858 1297.6377952755906 258.26771653543307 100.78740157480316 nais.

629.9212598425197 1407.8740157480315 297.6377952755906 102.36220472440945 sante
828.3464566929134 1407.8740157480315 231.49606299212599 102.36220472440945 fut
960.6299212598425 1407.8740157480315 165.35433070866142 102.36220472440945 à
1026.7716535433071 1407.8740157480315 198.4251968503937 102.36220472440945 la
1125.984251968504 1407.8740157480315 330.70866141732284 102.36220472440945 veille
1357.4803149606298 1407.8740157480315 330.70866141732284 102.36220472440945 d’être
1590.5511811023623 1407.8740157480315 396.8503937007874 102.36220472440945 détruite
1888.1889763779527 1407.8740157480315 231.49606299212599 102.36220472440945 dès
2020.4724409448818 1407.8740157480315 231.49606299212599 102.36220472440945 son
2119.685039370079 1407.8740157480315 198.4251968503937 102.36220472440945 ori-

628.3464566929134 1541.732283464567 292.9133858267717 99.21259842519684 gine
811.0236220472441 1541.732283464567 256.6929133858268 99.21259842519684 par
957.4803149606299 1541.732283464567 256.6929133858268 99.21259842519684 une
1103.9370078740158 1541.732283464567 587.4015748031496 99.21259842519684 conspiration
1581.1023622047244 1541.732283464567 292.9133858267717 99.21259842519684 dans
1765.3543307086613 1541.732283464567 439.37007874015745 99.21259842519684 laquelle
2058.267716535433 1541.732283464567 256.6929133858268 99.21259842519684 figu-

628.3464566929134 1639.3700787401574 366.92913385826773 105.51181102362204 roient
885.0393700787401 1639.3700787401574 256.6929133858268 105.51181102362204 les
1031.4960629921259 1639.3700787401574 292.9133858267717 105.51181102362204 deux
1215.748031496063 1639.3700787401574 292.9133858267717 105.51181102362204 fils
1398.4251968503936 1639.3700787401574 220.4724409448819 105.51181102362204 de
1508.6614173228347 1639.3700787401574 403.1496062992126 105.51181102362204 Brutus;
1803.1496062992126 1639.3700787401574 330.70866141732284 105.51181102362204 cette
1985.8267716535433 1639.3700787401574 330.70866141732284 105.51181102362204 conspi-

625.1968503937007 1719.6850393700788 374.8031496062992 133.85826771653544 ration
888.1889763779527 1719.6850393700788 337.00787401574803 133.85826771653544 ayant
1113.3858267716535 1719.6850393700788 262.99212598425197 133.85826771653544 été
1262.992125984252 1719.6850393700788 562.2047244094488 133.85826771653544 découverte,
1713.3858267716535 1719.6850393700788 412.59842519685037 133.85826771653544 Brutus,
2012.5984251968505 1719.6850393700788 300.78740157480314 133.85826771653544 père
2163.779527559055 1719.6850393700788 149.60629921259843 133.85826771653544 et

617.3228346456693 1826.7716535433071 300.78740157480314 125.98425196850394 juge
804.7244094488188 1826.7716535433071 262.99212598425197 125.98425196850394 des
955.9055118110236 1826.7716535433071 525.9842519685039 125.98425196850394 criminels,
1368.5039370078741 1826.7716535433071 488.18897637795277 125.98425196850394 préférant
1744.8818897637796 1826.7716535433071 225.1968503937008 125.98425196850394 la
1858.267716535433 1826.7716535433071 376.37795275590554 125.98425196850394 patrie
2121.259842519685 1826.7716535433071 187.4015748031496 125.98425196850394 à
2159.0551181102364 1826.7716535433071 149.60629921259843 125.98425196850394 sa

617.3228346456693 1864.5669291338584 425.1968503937008 200.0 famille
927.5590551181102 1864.5669291338584 462.99212598425197 200.0 condamna
1274.015748031496 1864.5669291338584 270.86614173228344 200.0 ses
1428.3464566929133 1864.5669291338584 308.66141732283467 200.0 fils
1622.0472440944882 1864.5669291338584 193.70078740157481 200.0 à
1699.2125984251968 1864.5669291338584 348.0314960629921 200.0 mort.
1930.708661417323 1864.5669291338584 308.66141732283467 200.0 Tous
2122.834645669291 1864.5669291338584 308.66141732283467 200.0 deux
2277.165354330709 1864.5669291338584 116.53543307086615 200.0 I

618.8976377952756 2062.9921259842517 365.3543307086614 89.76377952755905 furent
874.0157480314961 2062.9921259842517 437.79527559055117 89.76377952755905 exécutés
1203.1496062992126 2062.9921259842517 218.89763779527559 89.76377952755905 en
1311.8110236220473 2062.9921259842517 218.89763779527559 89.76377952755905 sa
1385.8267716535433 2062.9921259842517 401.5748031496063 89.76377952755905 présence.

705.511811023622 2155.9055118110236 472.4409448818898 125.98425196850394 L’instant
1069.291338582677 2155.9055118110236 253.54330708661416 125.98425196850394 que
1214.1732283464567 2155.9055118110236 217.3228346456693 125.98425196850394 le
1322.8346456692914 2155.9055118110236 400.0 125.98425196850394 peintre
1614.1732283464567 2155.9055118110236 181.10236220472441 125.98425196850394 a
1686.6141732283465 2155.9055118110236 363.7795275590551 125.98425196850394 choisi
1940.1574803149606 2155.9055118110236 253.54330708661416 125.98425196850394 est
2050.3937007874015 2155.9055118110236 253.54330708661416 125.98425196850394 celui

623.6220472440945 2292.9133858267714 211.0236220472441 111.81102362204724 où
729.1338582677165 2292.9133858267714 385.8267716535433 111.81102362204724 Brutus,
1009.4488188976378 2292.9133858267714 351.18110236220474 111.81102362204724 rentré
1255.1181102362204 2292.9133858267714 280.31496062992125 111.81102362204724 dans
1431.4960629921259 2292.9133858267714 245.66929133858267 111.81102362204724 ses
1571.6535433070867 2292.9133858267714 351.18110236220474 111.81102362204724 foyers
1817.3228346456692 2292.9133858267714 316.53543307086613 111.81102362204724 après
2028.3464566929133 2292.9133858267714 211.0236220472441 111.81102362204724 le
2097.6377952755906 2292.9133858267714 211.0236220472441 111.81102362204724 sup-

622.0472440944882 2300.787401574803 305.51181102362204 203.1496062992126 plice
826.7716535433071 2300.787401574803 204.7244094488189 203.1496062992126 de
929.1338582677165 2300.787401574803 237.79527559055117 203.1496062992126 ses
1064.5669291338584 2300.787401574803 305.51181102362204 203.1496062992126 fils,
1269.291338582677 2300.787401574803 305.51181102362204 203.1496062992126 s’est
1472.4409448818897 2300.787401574803 340.15748031496065 203.1496062992126 retiré
1710.236220472441 2300.787401574803 272.4409448818898 203.1496062992126 dans
1880.3149606299212 2300.787401574803 204.7244094488189 203.1496062992126 un
1982.6771653543308 2300.787401574803 237.79527559055117 203.1496062992126 des
2118.1102362204724 2300.787401574803 305.51181102362204 203.1496062992126 coins
2288.1889763779527 2300.787401574803 102.36220472440945 203.1496062992126 I

620.4724409448819 2500.787401574803 209.4488188976378 97.63779527559055 de
724.4094488188977 2500.787401574803 209.4488188976378 97.63779527559055 la
829.9212598425197 2500.787401574803 349.6062992125984 97.63779527559055 salle,
1075.5905511811025 2500.787401574803 209.4488188976378 97.63779527559055 au
1181.1023622047244 2500.787401574803 280.31496062992125 97.63779527559055 pied
1355.9055118110236 2500.787401574803 209.4488188976378 97.63779527559055 de
1459.8425196850394 2500.787401574803 209.4488188976378 97.63779527559055 la
1565.3543307086613 2500.787401574803 349.6062992125984 97.63779527559055 statue
1811.023622047244 2500.787401574803 209.4488188976378 97.63779527559055 de
1914.9606299212599 2500.787401574803 314.96062992125985 97.63779527559055 Rome,
2091.3385826771655 2500.787401574803 209.4488188976378 97.63779527559055 pour

614.1732283464567 2590.551181102362 470.86614173228344 116.53543307086615 chercher
966.9291338582677 2590.551181102362 234.64566929133858 116.53543307086615 la
1085.0393700787401 2590.551181102362 588.9763779527559 116.53543307086615 consolation
1555.9055118110236 2590.551181102362 313.38582677165357 116.53543307086615 dont
1751.1811023622047 2590.551181102362 274.01574803149606 116.53543307086615 son
1908.6614173228347 2590.551181102362 274.01574803149606 116.53543307086615 ame
2066.1417322834645 2590.551181102362 196.8503937007874 116.53543307086615 a
2103.9370078740158 2590.551181102362 196.8503937007874 116.53543307086615 be-

615.7480314960629 2733.8582677165355 308.66141732283467 110.23622047244095 soin.
822.0472440944882 2733.8582677165355 206.29921259842519 110.23622047244095 Il
924.4094488188977 2733.8582677165355 308.66141732283467 110.23622047244095 tient
1130.708661417323 2733.8582677165355 171.6535433070866 110.23622047244095 à
1200.0 2733.8582677165355 206.29921259842519 110.23622047244095 la
1302.3622047244094 2733.8582677165355 274.01574803149606 110.23622047244095 main
1474.015748031496 2733.8582677165355 240.9448818897638 110.23622047244095 une
1611.023622047244 2733.8582677165355 343.3070866141732 110.23622047244095 lettre
1851.9685039370079 2733.8582677165355 412.59842519685037 110.23622047244095 adressée
2125.984251968504 2733.8582677165355 171.6535433070866 110.23622047244095 par

618.8976377952756 2815.748031496063 239.37007874015748 132.28346456692913 ses
755.9055118110236 2815.748031496063 272.4409448818898 132.28346456692913 fils
925.9842519685039 2815.748031496063 204.7244094488189 132.28346456692913 au
1028.3464566929133 2815.748031496063 239.37007874015748 132.28346456692913 roi
1130.708661417323 2815.748031496063 341.73228346456693 132.28346456692913 Tarquin.

702.3622047244095 2933.8582677165355 212.5984251968504 102.36220472440945 Le
807.8740157480315 2933.8582677165355 388.9763779527559 102.36220472440945 peintre
1091.3385826771653 2933.8582677165355 318.1102362204724 102.36220472440945 s’est
1303.9370078740158 2933.8582677165355 388.9763779527559 102.36220472440945 attaché
1585.8267716535433 2933.8582677165355 176.3779527559055 102.36220472440945 à
1656.6929133858268 2933.8582677165355 425.1968503937008 102.36220472440945 exprimer
1976.3779527559054 2933.8582677165355 283.46456692913387 102.36220472440945 dans
2118.1102362204724 2933.8582677165355 176.3779527559055 102.36220472440945 ses

614.1732283464567 3045.6692913385828 335.43307086614175 100.78740157480316 traits
848.8188976377953 3045.6692913385828 201.5748031496063 100.78740157480316 et
949.6062992125984 3045.6692913385828 234.64566929133858 100.78740157480316 son
1083.4645669291338 3045.6692913385828 403.1496062992126 100.78740157480316 attitude
1385.8267716535433 3045.6692913385828 234.64566929133858 100.78740157480316 les
1519.6850393700788 3045.6692913385828 403.1496062992126 100.78740157480316 chagrins
1822.0472440944882 3045.6692913385828 403.1496062992126 100.78740157480316 cuisants
2089.763779527559 3045.6692913385828 201.5748031496063 100.78740157480316 d’un

607.8740157480315 3154.3307086614172 305.51181102362204 102.36220472440945 père
798.4251968503937 3154.3307086614172 267.7165354330709 102.36220472440945 qui
951.1811023622047 3154.3307086614172 344.88188976377955 102.36220472440945 vient
1181.1023622047244 3154.3307086614172 229.92125984251967 102.36220472440945 de
1296.0629921259842 3154.3307086614172 497.6377952755906 102.36220472440945 sacrifier
1678.740157480315 3154.3307086614172 229.92125984251967 102.36220472440945 la
1792.1259842519685 3154.3307086614172 382.6771653543307 102.36220472440945 nature
2059.8425196850394 3154.3307086614172 190.5511811023622 102.36220472440945 à
2099.212598425197 3154.3307086614172 190.5511811023622 102.36220472440945 son

574.8031496062993 3248.818897637795 335.43307086614175 107.08661417322834 devoir.

699.2125984251968 3344.8818897637793 247.24409448818898 119.68503937007874 Sur
839.3700787401575 3344.8818897637793 212.5984251968504 119.68503937007874 la
946.4566929133858 3344.8818897637793 354.3307086614173 119.68503937007874 droite
1193.7007874015749 3344.8818897637793 212.5984251968504 119.68503937007874 on
1299.2125984251968 3344.8818897637793 283.46456692913387 119.68503937007874 voit
1477.1653543307086 3344.8818897637793 212.5984251968504 119.68503937007874 sa
1582.6771653543308 3344.8818897637793 318.1102362204724 119.68503937007874 femme
1795.275590551181 3344.8818897637793 212.5984251968504 119.68503937007874 et
1900.7874015748032 3344.8818897637793 247.24409448818898 119.68503937007874 ses
2006.2992125984251 3344.8818897637793 283.46456692913387 119.68503937007874 filles

607.8740157480315 3472.4409448818897 499.21259842519686 89.76377952755905 frémissant
1001.5748031496063 3472.4409448818897 428.34645669291336 89.76377952755905 d’effroi
1322.8346456692914 3472.4409448818897 214.17322834645668 89.76377952755905 et
1429.9212598425197 3472.4409448818897 357.4803149606299 89.76377952755905 jetant
1680.3149606299212 3472.4409448818897 250.39370078740157 89.76377952755905 des
1822.0472440944882 3472.4409448818897 285.03937007874015 89.76377952755905 cris
2001.5748031496064 3472.4409448818897 214.17322834645668 89.76377952755905 de
2072.4409448818897 3472.4409448818897 214.17322834645668 89.76377952755905 dou-

609.4488188976378 3584.251968503937 291.33858267716533 110.23622047244095 leur
790.5511811023622 3584.251968503937 217.3228346456693 110.23622047244095 en
899.2125984251968 3584.251968503937 363.7795275590551 110.23622047244095 voyant
1154.3307086614172 3584.251968503937 363.7795275590551 110.23622047244095 entrer
1407.8740157480315 3584.251968503937 253.54330708661416 110.23622047244095 les
1554.3307086614172 3584.251968503937 436.2204724409449 110.23622047244095 licteurs
1880.3149606299212 3584.251968503937 253.54330708661416 110.23622047244095 qui
2025.1968503937007 3584.251968503937 400.0 110.23622047244095 rappor¬
2280.314960629921 3584.251968503937 108.66141732283465 110.23622047244095 M
