1578 2721
775 235 153 104 (
836 235 183 104 24
897 235 92 104 )

403 324 214 90 Rome,
546 324 143 90 et
618 324 143 90 la
689 324 191 90 mort
808 324 286 90 violente
1022 324 143 90 de
1094 324 286 90 Lucrèce,
1308 324 167 90 qui
1380 324 95 90 en

402 403 160 92 fut
494 403 137 92 la
562 403 229 92 suite,
723 403 229 92 firent
883 403 252 92 éclater
1066 403 137 92 la
1135 403 206 92 haine
1249 403 229 92 générale

401 484 179 82 des
504 484 282 82 Romains
709 484 256 82 contre
888 484 154 82 un
965 484 410 82 gouvernement
1272 484 205 82 tyran-

404 555 233 72 nique.
567 555 140 72 La
637 555 256 72 royauté
823 555 163 72 fut
917 555 256 72 abolie,
1103 555 140 72 et
1173 555 140 72 on
1243 555 186 72 élut
1336 555 140 72 pour

401 632 309 64 gouverner
639 632 238 64 l’état
805 632 190 64 deux
924 632 333 64 magistrats
1185 632 285 64 auxquels
1375 632 95 64 on

400 694 220 62 donna
546 694 147 62 le
619 694 220 62 titre
766 694 147 62 de
839 694 293 62 consuls.
1059 694 244 62 Brutus
1230 694 171 62 fut
1303 694 171 62 nommé

402 742 251 82 premier
585 742 251 82 consul,
767 742 137 82 et
835 742 160 82 eut
927 742 182 82 pour
1041 742 274 82 collègue
1223 742 251 82 Collatin,

398 824 211 64 époux
538 824 141 64 de
608 824 281 64 Lucrèce:
819 824 187 64 mais
936 824 211 64 cette
1077 824 328 64 république
1311 824 164 64 nais.

400 894 189 65 sante
526 894 147 65 fut
610 894 105 65 à
652 894 126 65 la
715 894 210 65 veille
862 894 210 65 d’être
1010 894 252 65 détruite
1199 894 147 65 dès
1283 894 147 65 son
1346 894 126 65 ori-

399 979 186 63 gine
515 979 163 63 par
608 979 163 63 une
701 979 373 63 conspiration
1004 979 186 63 dans
1121 979 279 63 laquelle
1307 979 163 63 figu-

399 1041 233 67 roient
562 1041 163 67 les
655 1041 186 67 deux
772 1041 186 67 fils
888 1041 140 67 de
958 1041 256 67 Brutus;
1145 1041 210 67 cette
1261 1041 210 67 conspi-

397 1092 238 85 ration
564 1092 214 85 ayant
707 1092 167 85 été
802 1092 357 85 découverte,
1088 1092 262 85 Brutus,
1278 1092 191 85 père
1374 1092 95 85 et

392 1160 191 80 juge
511 1160 167 80 des
607 1160 334 80 criminels,
869 1160 310 80 préférant
1108 1160 143 80 la
1180 1160 239 80 patrie
1347 1160 119 80 à
1371 1160 95 80 sa

392 1184 270 127 famille
589 1184 294 127 condamna
809 1184 172 127 ses
907 1184 196 127 fils
1030 1184 123 127 à
1079 1184 221 127 mort.
1226 1184 196 127 Tous
1348 1184 196 127 deux
1446 1184 74 127 I

393 1310 232 57 furent
555 1310 278 57 exécutés
764 1310 139 57 en
833 1310 139 57 sa
880 1310 255 57 présence.

448 1369 300 80 L’instant
679 1369 161 80 que
771 1369 138 80 le
840 1369 254 80 peintre
1025 1369 115 80 a
1071 1369 231 80 choisi
1232 1369 161 80 est
1302 1369 161 80 celui

396 1456 134 71 où
463 1456 245 71 Brutus,
641 1456 223 71 rentré
797 1456 178 71 dans
909 1456 156 71 ses
998 1456 223 71 foyers
1154 1456 201 71 après
1288 1456 134 71 le
1332 1456 134 71 sup-

395 1461 194 129 plice
525 1461 130 129 de
590 1461 151 129 ses
676 1461 194 129 fils,
806 1461 194 129 s’est
935 1461 216 129 retiré
1086 1461 173 129 dans
1194 1461 130 129 un
1259 1461 151 129 des
1345 1461 194 129 coins
1453 1461 65 129 I

394 1588 133 62 de
460 1588 133 62 la
527 1588 222 62 salle,
683 1588 133 62 au
750 1588 178 62 pied
861 1588 133 62 de
927 1588 133 62 la
994 1588 222 62 statue
1150 1588 133 62 de
1216 1588 200 62 Rome,
1328 1588 133 62 pour

390 1645 299 74 chercher
614 1645 149 74 la
689 1645 374 74 consolation
988 1645 199 74 dont
1112 1645 174 74 son
1212 1645 174 74 ame
1312 1645 125 74 a
1336 1645 125 74 be-

391 1736 196 70 soin.
522 1736 131 70 Il
587 1736 196 70 tient
718 1736 109 70 à
762 1736 131 70 la
827 1736 174 70 main
936 1736 153 70 une
1023 1736 218 70 lettre
1176 1736 262 70 adressée
1350 1736 109 70 par

393 1788 152 84 ses
480 1788 173 84 fils
588 1788 130 84 au
653 1788 152 84 roi
718 1788 217 84 Tarquin.

446 1863 135 65 Le
513 1863 247 65 peintre
693 1863 202 65 s’est
828 1863 247 65 attaché
1007 1863 112 65 à
1052 1863 270 65 exprimer
1255 1863 180 65 dans
1345 1863 112 65 ses

390 1934 213 64 traits
539 1934 128 64 et
603 1934 149 64 son
688 1934 256 64 attitude
880 1934 149 64 les
965 1934 256 64 chagrins
1157 1934 256 64 cuisants
1327 1934 128 64 d’un

386 2003 194 65 père
507 2003 170 65 qui
604 2003 219 65 vient
750 2003 146 65 de
823 2003 316 65 sacrifier
1066 2003 146 65 la
1138 2003 243 65 nature
1308 2003 121 65 à
1333 2003 121 65 son

365 2063 213 68 devoir.

444 2124 157 76 Sur
533 2124 135 76 la
601 2124 225 76 droite
758 2124 135 76 on
825 2124 180 76 voit
938 2124 135 76 sa
1005 2124 202 76 femme
1140 2124 135 76 et
1207 2124 157 76 ses
1274 2124 180 76 filles

386 2205 317 57 frémissant
636 2205 272 57 d’effroi
840 2205 136 57 et
908 2205 227 57 jetant
1067 2205 159 57 des
1157 2205 181 57 cris
1271 2205 136 57 de
1316 2205 136 57 dou-

387 2276 185 70 leur
502 2276 138 70 en
571 2276 231 70 voyant
733 2276 231 70 entrer
894 2276 161 70 les
987 2276 277 70 licteurs
1194 2276 161 70 qui
1286 2276 254 70 rappor¬
1448 2276 69 70 M
