1536 2700
175 277 169 66 tent
281 277 148 66 les
365 277 190 66 corps
492 277 148 66 des
577 277 169 66 fils
682 277 127 66 de
746 277 233 66 Brutus.
915 277 148 66 Une
999 277 148 66 des
1063 277 169 66 jeunes

177 331 225 71 filles
334 331 135 71 se
401 331 202 71 cache
536 331 135 71 le
604 331 225 71 visage
761 331 180 71 pour
873 331 135 71 ne
941 331 157 71 pas
1031 331 180 71 voir
1121 331 112 71 cet

177 406 248 64 affreux
357 406 315 64 spectacle;
604 406 135 64 sa
672 406 203 64 sœur,
807 406 158 64 qui
897 406 158 64 n’a
987 406 135 64 pu
1054 406 135 64 le
1099 406 135 64 sup-

174 475 264 80 porter,
366 475 216 80 tombe
485 475 264 80 évanouie.

182 607 386 81 Bélisaire
479 607 386 81 demandant
746 607 327 81 l’aumône.

234 732 136 83 On
302 732 159 83 dit
393 732 159 83 que
484 732 318 83 Bélisaire,
735 732 227 83 fameux
894 732 273 83 général,
1076 732 159 83 après

178 818 217 62 avoir
322 818 241 62 assuré
491 818 145 62 la
563 818 193 62 paix
684 818 145 62 de
756 818 289 62 l’empire
973 818 241 62 romain
1118 818 120 62 par

180 883 154 73 ses
268 883 308 73 victoires,
510 883 220 73 devint
664 883 242 73 bientôt
840 883 242 73 victime
1016 883 132 73 de
1082 883 132 73 la
1126 883 110 73 ja-

186 957 205 68 lousie
330 957 123 68 et
392 957 123 68 de
453 957 308 68 l’intrigue.
700 957 123 68 Il
762 957 205 68 perdit
905 957 144 68 son
988 957 205 68 crédit
1131 957 103 68 à
1152 957 82 68 la

181 1023 192 75 cour
301 1023 144 75 de
373 1023 336 75 l’empereur
637 1023 336 75 Justinien,
901 1023 192 75 qui,
997 1023 240 75 oubliant

183 1091 147 67 les
267 1091 253 67 services
457 1091 190 67 qu’il
583 1091 190 67 avoit
709 1091 211 67 rendus
857 1091 105 67 à
899 1091 232 67 l’état,
1068 1091 147 67 lui
1131 1091 105 67 fit

184 1160 219 82 brûler
337 1160 153 82 les
425 1160 197 82 yeux.
556 1160 131 82 Ce
621 1160 197 82 vieux
752 1160 284 82 guerrier,
971 1160 219 82 réduit
1124 1160 109 82 à
1146 1160 87 82 la

178 1226 329 66 mendicité,
437 1226 329 66 parcouroit
696 1226 165 66 les
790 1226 188 66 rues
908 1226 141 66 de
955 1226 282 66 Constanti-

183 1301 204 54 nople
319 1301 136 54 en
387 1301 294 54 implorant
613 1301 136 54 la
681 1301 204 54 pitié
817 1301 158 54 des
885 1301 249 54 passants.

233 1370 136 75 Il
301 1370 159 75 est
392 1370 318 75 représenté
643 1370 205 75 assis
779 1370 136 75 au
847 1370 182 75 pied
961 1370 182 75 d’un
1075 1370 159 75 arc
1143 1370 91 75 de

180 1436 282 74 triomphe
391 1436 164 74 qui
485 1436 282 74 rappelle
696 1436 164 74 ses
790 1436 282 74 glorieux
977 1436 235 74 exploits

178 1499 132 72 il
244 1499 198 72 tient
376 1499 198 72 entre
507 1499 154 72 ses
595 1499 176 72 bras
705 1499 132 72 un
771 1499 198 72 jeune
903 1499 220 72 enfant
1056 1499 154 72 qui
1122 1499 110 72 lui

177 1572 179 61 sert
289 1572 135 61 de
356 1572 337 61 conducteur,
625 1572 135 61 et
693 1572 157 61 qui
782 1572 224 61 reçoit
939 1572 179 61 dans
1052 1572 135 61 un
1096 1572 135 61 cas-

178 1638 176 82 que
278 1638 301 82 l’aumône
504 1638 176 82 que
605 1638 176 82 lui
705 1638 226 82 donne
856 1638 176 82 une
957 1638 226 82 femme
1082 1638 151 82 tou-

179 1715 201 57 chée
304 1715 151 57 de
380 1715 376 57 compassion.
681 1715 151 57 Le
756 1715 226 57 bâton
907 1715 151 57 de
957 1715 276 57 Bélisaire

182 1782 160 57 est
273 1782 228 57 appuyé
433 1782 160 57 sur
525 1782 160 57 une
616 1782 228 57 pierre
776 1782 137 57 où
844 1782 137 57 on
912 1782 160 57 lit
1004 1782 160 57 ces
1072 1782 160 57 mots:

183 1841 235 70 <i>Date
353 1841 214 70 obolum
503 1841 384 70 Belisario</i>.
823 1841 214 70 Donnez
973 1841 149 70 une
1058 1841 192 70 obole
1165 1841 64 70 à

156 1915 262 67 Bélisaire.

233 1948 166 118 Sur
328 1948 143 118 le
400 1948 238 118 second
566 1948 190 118 plan
685 1948 143 118 on
756 1948 190 118 voit
875 1948 143 118 un
947 1948 238 118 soldat
1089 1948 143 118 qui,

176 2055 374 72 reconnoissant
484 2055 154 72 son
572 2055 264 72 général,
769 2055 220 72 paroit
923 2055 198 72 aussi
1033 2055 198 72 surpris

175 2116 225 75 qu’ému
332 2116 135 75 de
399 2116 157 75 cet
489 2116 314 75 affligeant
714 2116 269 75 spectacle.

230 2194 147 66 On
304 2194 294 66 aperçoit
525 2194 147 66 au
599 2194 196 66 fond
721 2194 245 66 divers
869 2194 294 66 monuments.
