2418.8976377952754 4251.968503937008
275.59055118110234 436.2204724409449 266.1417322834646 103.93700787401575 tent
442.5196850393701 436.2204724409449 233.0708661417323 103.93700787401575 les
574.8031496062993 436.2204724409449 299.21259842519686 103.93700787401575 corps
774.8031496062993 436.2204724409449 233.0708661417323 103.93700787401575 des
908.6614173228346 436.2204724409449 266.1417322834646 103.93700787401575 fils
1074.015748031496 436.2204724409449 200.0 103.93700787401575 de
1174.8031496062993 436.2204724409449 366.92913385826773 103.93700787401575 Brutus.
1440.9448818897638 436.2204724409449 233.0708661417323 103.93700787401575 Une
1573.2283464566929 436.2204724409449 233.0708661417323 103.93700787401575 des
1674.015748031496 436.2204724409449 266.1417322834646 103.93700787401575 jeunes

278.74015748031496 521.2598425196851 354.3307086614173 111.81102362204724 filles
525.9842519685039 521.2598425196851 212.5984251968504 111.81102362204724 se
631.496062992126 521.2598425196851 318.1102362204724 111.81102362204724 cache
844.0944881889764 521.2598425196851 212.5984251968504 111.81102362204724 le
951.1811023622047 521.2598425196851 354.3307086614173 111.81102362204724 visage
1198.4251968503936 521.2598425196851 283.46456692913387 111.81102362204724 pour
1374.8031496062993 521.2598425196851 212.5984251968504 111.81102362204724 ne
1481.8897637795276 521.2598425196851 247.24409448818898 111.81102362204724 pas
1623.6220472440946 521.2598425196851 283.46456692913387 111.81102362204724 voir
1765.3543307086613 521.2598425196851 176.3779527559055 111.81102362204724 cet

278.74015748031496 639.3700787401575 390.5511811023622 100.78740157480316 affreux
562.2047244094488 639.3700787401575 496.06299212598424 100.78740157480316 spectacle;
951.1811023622047 639.3700787401575 212.5984251968504 100.78740157480316 sa
1058.267716535433 639.3700787401575 319.68503937007875 100.78740157480316 sœur,
1270.8661417322835 639.3700787401575 248.8188976377953 100.78740157480316 qui
1412.5984251968505 639.3700787401575 248.8188976377953 100.78740157480316 n’a
1554.3307086614172 639.3700787401575 212.5984251968504 100.78740157480316 pu
1659.8425196850394 639.3700787401575 212.5984251968504 100.78740157480316 le
1730.708661417323 639.3700787401575 212.5984251968504 100.78740157480316 sup-

274.01574803149606 748.0314960629921 415.748031496063 125.98425196850394 porter,
576.3779527559055 748.0314960629921 340.15748031496065 125.98425196850394 tombe
763.7795275590552 748.0314960629921 415.748031496063 125.98425196850394 évanouie.

286.61417322834643 955.9055118110236 607.8740157480315 127.55905511811024 Bélisaire
754.3307086614174 955.9055118110236 607.8740157480315 127.55905511811024 demandant
1174.8031496062993 955.9055118110236 514.9606299212599 127.55905511811024 l’aumône.

368.503937007874 1152.755905511811 214.17322834645668 130.70866141732284 On
475.59055118110234 1152.755905511811 250.39370078740157 130.70866141732284 dit
618.8976377952756 1152.755905511811 250.39370078740157 130.70866141732284 que
762.2047244094488 1152.755905511811 500.78740157480314 130.70866141732284 Bélisaire,
1157.4803149606298 1152.755905511811 357.4803149606299 130.70866141732284 fameux
1407.8740157480315 1152.755905511811 429.9212598425197 130.70866141732284 général,
1694.4881889763778 1152.755905511811 250.39370078740157 130.70866141732284 après

280.31496062992125 1288.1889763779527 341.73228346456693 97.63779527559055 avoir
507.0866141732283 1288.1889763779527 379.5275590551181 97.63779527559055 assuré
773.2283464566929 1288.1889763779527 228.3464566929134 97.63779527559055 la
886.6141732283464 1288.1889763779527 303.93700787401576 97.63779527559055 paix
1077.1653543307086 1288.1889763779527 228.3464566929134 97.63779527559055 de
1190.5511811023623 1288.1889763779527 455.11811023622045 97.63779527559055 l’empire
1532.283464566929 1288.1889763779527 379.5275590551181 97.63779527559055 romain
1760.6299212598426 1288.1889763779527 188.9763779527559 97.63779527559055 par

283.46456692913387 1390.5511811023623 242.51968503937007 114.96062992125984 ses
422.0472440944882 1390.5511811023623 485.03937007874015 114.96062992125984 victoires,
803.1496062992126 1390.5511811023623 346.45669291338584 114.96062992125984 devint
1045.6692913385828 1390.5511811023623 381.1023622047244 114.96062992125984 bientôt
1322.8346456692914 1390.5511811023623 381.1023622047244 114.96062992125984 victime
1600.0 1390.5511811023623 207.8740157480315 114.96062992125984 de
1703.9370078740158 1390.5511811023623 207.8740157480315 114.96062992125984 la
1773.2283464566929 1390.5511811023623 173.22834645669292 114.96062992125984 ja-

292.9133858267717 1507.0866141732283 322.8346456692913 107.08661417322834 lousie
519.6850393700787 1507.0866141732283 193.70078740157481 107.08661417322834 et
617.3228346456693 1507.0866141732283 193.70078740157481 107.08661417322834 de
713.3858267716536 1507.0866141732283 485.03937007874015 107.08661417322834 l’intrigue.
1102.3622047244094 1507.0866141732283 193.70078740157481 107.08661417322834 Il
1200.0 1507.0866141732283 322.8346456692913 107.08661417322834 perdit
1425.1968503937007 1507.0866141732283 226.77165354330708 107.08661417322834 son
1555.9055118110236 1507.0866141732283 322.8346456692913 107.08661417322834 crédit
1781.1023622047244 1507.0866141732283 162.20472440944883 107.08661417322834 à
1814.1732283464567 1507.0866141732283 129.13385826771653 107.08661417322834 la

285.03937007874015 1611.023622047244 302.3622047244094 118.11023622047244 cour
474.01574803149606 1611.023622047244 226.77165354330708 118.11023622047244 de
587.4015748031496 1611.023622047244 529.1338582677165 118.11023622047244 l’empereur
1003.1496062992126 1611.023622047244 529.1338582677165 118.11023622047244 Justinien,
1418.8976377952756 1611.023622047244 302.3622047244094 118.11023622047244 qui,
1570.0787401574803 1611.023622047244 377.9527559055118 118.11023622047244 oubliant

288.18897637795277 1718.1102362204724 231.49606299212599 105.51181102362204 les
420.4724409448819 1718.1102362204724 398.4251968503937 105.51181102362204 services
719.6850393700787 1718.1102362204724 299.21259842519686 105.51181102362204 qu’il
918.1102362204724 1718.1102362204724 299.21259842519686 105.51181102362204 avoit
1116.5354330708662 1718.1102362204724 332.2834645669291 105.51181102362204 rendus
1349.6062992125985 1718.1102362204724 165.35433070866142 105.51181102362204 à
1415.748031496063 1718.1102362204724 365.3543307086614 105.51181102362204 l’état,
1681.8897637795276 1718.1102362204724 231.49606299212599 105.51181102362204 lui
1781.1023622047244 1718.1102362204724 165.35433070866142 105.51181102362204 fit

289.76377952755905 1826.7716535433071 344.88188976377955 129.13385826771653 brûler
530.7086614173228 1826.7716535433071 240.9448818897638 129.13385826771653 les
669.2913385826772 1826.7716535433071 310.23622047244095 129.13385826771653 yeux.
875.5905511811023 1826.7716535433071 206.29921259842519 129.13385826771653 Ce
977.9527559055118 1826.7716535433071 310.23622047244095 129.13385826771653 vieux
1184.251968503937 1826.7716535433071 447.244094488189 129.13385826771653 guerrier,
1529.1338582677165 1826.7716535433071 344.88188976377955 129.13385826771653 réduit
1770.0787401574803 1826.7716535433071 171.6535433070866 129.13385826771653 à
1804.724409448819 1826.7716535433071 137.00787401574803 129.13385826771653 la

280.31496062992125 1930.708661417323 518.1102362204724 103.93700787401575 mendicité,
688.1889763779527 1930.708661417323 518.1102362204724 103.93700787401575 parcouroit
1096.0629921259842 1930.708661417323 259.84251968503935 103.93700787401575 les
1244.0944881889764 1930.708661417323 296.06299212598424 103.93700787401575 rues
1429.9212598425197 1930.708661417323 222.04724409448818 103.93700787401575 de
1503.9370078740158 1930.708661417323 444.09448818897636 103.93700787401575 Constanti-

288.18897637795277 2048.818897637795 321.25984251968504 85.03937007874016 nople
502.3622047244094 2048.818897637795 214.17322834645668 85.03937007874016 en
609.4488188976378 2048.818897637795 462.99212598425197 85.03937007874016 implorant
965.3543307086615 2048.818897637795 214.17322834645668 85.03937007874016 la
1072.4409448818897 2048.818897637795 321.25984251968504 85.03937007874016 pitié
1286.6141732283465 2048.818897637795 248.8188976377953 85.03937007874016 des
1393.7007874015749 2048.818897637795 392.12598425196853 85.03937007874016 passants.

366.92913385826773 2157.48031496063 214.17322834645668 118.11023622047244 Il
474.01574803149606 2157.48031496063 250.39370078740157 118.11023622047244 est
617.3228346456693 2157.48031496063 500.78740157480314 118.11023622047244 représenté
1012.5984251968504 2157.48031496063 322.8346456692913 118.11023622047244 assis
1226.7716535433071 2157.48031496063 214.17322834645668 118.11023622047244 au
1333.8582677165355 2157.48031496063 286.61417322834643 118.11023622047244 pied
1513.3858267716535 2157.48031496063 286.61417322834643 118.11023622047244 d’un
1692.9133858267717 2157.48031496063 250.39370078740157 118.11023622047244 arc
1800.0 2157.48031496063 143.30708661417322 118.11023622047244 de

283.46456692913387 2261.417322834646 444.09448818897636 116.53543307086615 triomphe
615.7480314960629 2261.417322834646 258.26771653543307 116.53543307086615 qui
763.7795275590552 2261.417322834646 444.09448818897636 116.53543307086615 rappelle
1096.0629921259842 2261.417322834646 258.26771653543307 116.53543307086615 ses
1244.0944881889764 2261.417322834646 444.09448818897636 116.53543307086615 glorieux
1538.5826771653544 2261.417322834646 370.0787401574803 116.53543307086615 exploits

280.31496062992125 2360.6299212598424 207.8740157480315 113.38582677165354 il
384.251968503937 2360.6299212598424 311.81102362204723 113.38582677165354 tient
592.1259842519685 2360.6299212598424 311.81102362204723 113.38582677165354 entre
798.4251968503937 2360.6299212598424 242.51968503937007 113.38582677165354 ses
937.007874015748 2360.6299212598424 277.1653543307087 113.38582677165354 bras
1110.236220472441 2360.6299212598424 207.8740157480315 113.38582677165354 un
1214.1732283464567 2360.6299212598424 311.81102362204723 113.38582677165354 jeune
1422.0472440944882 2360.6299212598424 346.45669291338584 113.38582677165354 enfant
1662.992125984252 2360.6299212598424 242.51968503937007 113.38582677165354 qui
1766.9291338582677 2360.6299212598424 173.22834645669292 113.38582677165354 lui

278.74015748031496 2475.5905511811025 281.8897637795276 96.06299212598425 sert
455.11811023622045 2475.5905511811025 212.5984251968504 96.06299212598425 de
560.6299212598425 2475.5905511811025 530.7086614173228 96.06299212598425 conducteur,
984.2519685039371 2475.5905511811025 212.5984251968504 96.06299212598425 et
1091.3385826771653 2475.5905511811025 247.24409448818898 96.06299212598425 qui
1231.4960629921259 2475.5905511811025 352.755905511811 96.06299212598425 reçoit
1478.740157480315 2475.5905511811025 281.8897637795276 96.06299212598425 dans
1656.6929133858268 2475.5905511811025 212.5984251968504 96.06299212598425 un
1725.984251968504 2475.5905511811025 212.5984251968504 96.06299212598425 cas-

280.31496062992125 2579.527559055118 277.1653543307087 129.13385826771653 que
437.79527559055117 2579.527559055118 474.01574803149606 129.13385826771653 l’aumône
793.7007874015748 2579.527559055118 277.1653543307087 129.13385826771653 que
952.7559055118111 2579.527559055118 277.1653543307087 129.13385826771653 lui
1110.236220472441 2579.527559055118 355.90551181102364 129.13385826771653 donne
1348.0314960629921 2579.527559055118 277.1653543307087 129.13385826771653 une
1507.0866141732283 2579.527559055118 355.90551181102364 129.13385826771653 femme
1703.9370078740158 2579.527559055118 237.79527559055117 129.13385826771653 tou-

281.8897637795276 2700.787401574803 316.53543307086613 89.76377952755905 chée
478.74015748031496 2700.787401574803 237.79527559055117 89.76377952755905 de
598.4251968503937 2700.787401574803 592.1259842519685 89.76377952755905 compassion.
1072.4409448818897 2700.787401574803 237.79527559055117 89.76377952755905 Le
1190.5511811023623 2700.787401574803 355.90551181102364 89.76377952755905 bâton
1428.3464566929133 2700.787401574803 237.79527559055117 89.76377952755905 de
1507.0866141732283 2700.787401574803 434.6456692913386 89.76377952755905 Bélisaire

286.61417322834643 2806.299212598425 251.96850393700788 89.76377952755905 est
429.9212598425197 2806.299212598425 359.0551181102362 89.76377952755905 appuyé
681.8897637795276 2806.299212598425 251.96850393700788 89.76377952755905 sur
826.7716535433071 2806.299212598425 251.96850393700788 89.76377952755905 une
970.0787401574803 2806.299212598425 359.0551181102362 89.76377952755905 pierre
1222.0472440944882 2806.299212598425 215.748031496063 89.76377952755905 où
1329.1338582677165 2806.299212598425 215.748031496063 89.76377952755905 on
1436.2204724409448 2806.299212598425 251.96850393700788 89.76377952755905 lit
1581.1023622047244 2806.299212598425 251.96850393700788 89.76377952755905 ces
1688.1889763779527 2806.299212598425 251.96850393700788 89.76377952755905 mots:

288.18897637795277 2899.212598425197 370.0787401574803 110.23622047244095 <i>Date
555.9055118110236 2899.212598425197 337.00787401574803 110.23622047244095 obolum
792.1259842519685 2899.212598425197 604.7244094488188 110.23622047244095 Belisario</i>
1296.0629921259842 2899.212598425197 337.00787401574803 110.23622047244095 Donnez
1532.283464566929 2899.212598425197 234.64566929133858 110.23622047244095 une
1666.1417322834645 2899.212598425197 302.3622047244094 110.23622047244095 obole
1834.6456692913387 2899.212598425197 100.78740157480316 110.23622047244095 à

245.66929133858267 3015.748031496063 412.59842519685037 105.51181102362204 Bélisaire.

366.92913385826773 3067.716535433071 261.4173228346457 185.82677165354332 Sur
516.5354330708661 3067.716535433071 225.1968503937008 185.82677165354332 le
629.9212598425197 3067.716535433071 374.8031496062992 185.82677165354332 second
891.3385826771654 3067.716535433071 299.21259842519686 185.82677165354332 plan
1078.740157480315 3067.716535433071 225.1968503937008 185.82677165354332 on
1190.5511811023623 3067.716535433071 299.21259842519686 185.82677165354332 voit
1377.9527559055118 3067.716535433071 225.1968503937008 185.82677165354332 un
1491.3385826771653 3067.716535433071 374.8031496062992 185.82677165354332 soldat
1714.9606299212599 3067.716535433071 225.1968503937008 185.82677165354332 qui,

277.1653543307087 3236.220472440945 588.9763779527559 113.38582677165354 reconnoissant
762.2047244094488 3236.220472440945 242.51968503937007 113.38582677165354 son
900.7874015748032 3236.220472440945 415.748031496063 113.38582677165354 général,
1211.023622047244 3236.220472440945 346.45669291338584 113.38582677165354 paroit
1453.5433070866143 3236.220472440945 311.81102362204723 113.38582677165354 aussi
1626.7716535433071 3236.220472440945 311.81102362204723 113.38582677165354 surpris

275.59055118110234 3332.283464566929 354.3307086614173 118.11023622047244 qu’ému
522.8346456692914 3332.283464566929 212.5984251968504 118.11023622047244 de
628.3464566929134 3332.283464566929 247.24409448818898 118.11023622047244 cet
770.0787401574803 3332.283464566929 494.48818897637796 118.11023622047244 affligeant
1124.4094488188975 3332.283464566929 423.62204724409446 118.11023622047244 spectacle.

362.20472440944883 3455.1181102362207 231.49606299212599 103.93700787401575 On
478.74015748031496 3455.1181102362207 462.99212598425197 103.93700787401575 aperçoit
826.7716535433071 3455.1181102362207 231.49606299212599 103.93700787401575 au
943.3070866141733 3455.1181102362207 308.66141732283467 103.93700787401575 fond
1135.4330708661416 3455.1181102362207 385.8267716535433 103.93700787401575 divers
1368.5039370078741 3455.1181102362207 462.99212598425197 103.93700787401575 monuments.
