1563 2700
632 161 244 98 (
681 161 293 98 26.)

332 257 134 74 Ce
399 257 269 74 tableau,
600 257 201 74 peint
735 257 134 74 en
802 257 201 74 1784,
936 257 157 74 est
1026 257 134 74 la
1093 257 313 74 répétition
1317 257 134 74 d’un

273 347 185 71 plus
388 347 231 71 grand.
550 347 139 71 Le
619 347 254 71 peintre
804 347 116 71 a
850 347 185 71 fait
966 347 185 71 dans
1081 347 277 71 celui-ci
1266 347 185 71 d’heu-

269 405 207 78 reux
373 405 362 78 changements.

362 602 287 84 DEMARNE
571 602 444 84 (Jean-Louis),
936 602 157 84 né
1015 602 131 84 à
1041 602 313 84 Bruxelles.

266 706 206 105 23.
383 706 177 105 Le
472 706 295 105 départ
678 706 236 105 pour
825 706 206 105 une
943 706 236 105 noce
1090 706 177 105 de
1149 706 295 105 village.

431 800 178 87 Des
532 800 280 87 hommes,
736 800 178 87 des
838 800 280 87 femmes,
1041 800 153 87 et
1117 800 178 87 des
1194 800 254 87 enfants,

373 885 262 72 montés
556 885 183 72 sur
661 885 183 72 une
765 885 288 72 voiture
975 885 131 72 à
1027 885 262 72 quatre
1184 885 262 72 chevaux,

375 949 251 82 partent
557 949 182 82 pour
671 949 137 82 la
740 949 205 82 noce;
876 949 137 82 un
945 949 296 82 ménétrier
1173 949 182 82 fait
1264 949 182 82 partie

374 1035 150 69 de
449 1035 150 69 ce
524 1035 249 69 joyeux
698 1035 324 69 équipage.
947 1035 175 69 Une
1047 1035 224 69 femme
1197 1035 175 69 qui
1272 1035 175 69 garde

374 1099 163 63 ses
467 1099 279 63 bestiaux
676 1099 256 63 indique
863 1099 116 63 à
909 1099 163 63 ces
1003 1099 303 63 voyageurs
1235 1099 140 63 la
1282 1099 163 63 route

379 1159 220 80 qu’ils
533 1159 243 80 doivent
688 1159 198 80 suivre.

433 1237 198 53 Cette
565 1237 198 53 scène
697 1237 132 53 se
763 1237 198 53 passe
895 1237 132 53 au
962 1237 220 53 soleil
1116 1237 242 53 levant,
1292 1237 154 53 sur
1358 1237 88 53 un

374 1305 250 74 chemin
549 1305 150 74 au
624 1305 200 74 bord
748 1305 225 74 d’une
898 1305 225 74 haie,
1048 1305 200 74 dans
1173 1305 175 74 une
1247 1305 200 74 campa-

372 1360 175 83 gne
472 1360 376 83 pittoresque
773 1360 150 83 de
848 1360 451 83 Franche-Comté,
1199 1360 250 83 enrichie

378 1428 292 71 d’arbres
597 1428 146 71 et
670 1428 146 71 de
743 1428 341 71 montagnes,
1011 1428 195 71 dont
1132 1428 317 71 plusieurs
1352 1428 97 71 se

379 1501 303 80 détachent
612 1501 163 80 sur
682 1501 280 80 l’horizon.

266 1785 341 62 DROLLING,
528 1785 157 62 né
607 1785 131 62 à
659 1785 262 62 Paris,
843 1785 262 62 ancien
1026 1785 420 62 pensionnaire
1341 1785 105 62 de

659 1838 271 82 France
849 1838 136 82 à
876 1838 190 82 Rome.

267 1956 219 102 24.
392 1956 313 102 Orphée
611 1956 344 102 perdant
829 1956 344 102 Eurydice.

271 2062 230 82 Presque
438 2062 146 82 aux
522 2062 209 82 portes
668 2062 125 82 du
730 2062 188 82 jour,
855 2062 250 82 troublé,
1043 2062 167 82 hors
1148 2062 125 82 de
1189 2062 230 82 lui

271 2137 116 58 Il
329 2137 251 58 s’arrête,
521 2137 116 58 il
579 2137 116 58 se
637 2137 212 58 tourne,
791 2137 116 58 il
849 2137 193 58 revoit
984 2137 116 58 ce
1042 2137 173 58 qu’il
1138 2137 154 58 aime.»

270 2189 157 77 C’en
369 2189 138 77 est
447 2189 177 77 fait,
566 2189 118 77 un
625 2189 276 77 coup-d’œil
841 2189 98 77 a
881 2189 217 77 détruit
1038 2189 138 77 son
1097 2189 197 77 bonheur.
