2461.417322834646 4251.968503937008
995.2755905511812 253.54330708661416 384.251968503937 154.33070866141733 (
1072.4409448818897 253.54330708661416 461.4173228346457 154.33070866141733 26.)

522.8346456692914 404.7244094488189 211.0236220472441 116.53543307086615 Ce
628.3464566929134 404.7244094488189 423.62204724409446 116.53543307086615 tableau,
944.8818897637796 404.7244094488189 316.53543307086613 116.53543307086615 peint
1157.4803149606298 404.7244094488189 211.0236220472441 116.53543307086615 en
1262.992125984252 404.7244094488189 316.53543307086613 116.53543307086615 1784,
1474.015748031496 404.7244094488189 247.24409448818898 116.53543307086615 est
1615.748031496063 404.7244094488189 211.0236220472441 116.53543307086615 la
1721.259842519685 404.7244094488189 492.9133858267717 116.53543307086615 répétition
2074.015748031496 404.7244094488189 211.0236220472441 116.53543307086615 d’un

429.9212598425197 546.4566929133858 291.33858267716533 111.81102362204724 plus
611.0236220472441 546.4566929133858 363.7795275590551 111.81102362204724 grand.
866.1417322834645 546.4566929133858 218.89763779527559 111.81102362204724 Le
974.8031496062993 546.4566929133858 400.0 111.81102362204724 peintre
1266.1417322834645 546.4566929133858 182.6771653543307 111.81102362204724 a
1338.5826771653544 546.4566929133858 291.33858267716533 111.81102362204724 fait
1521.259842519685 546.4566929133858 291.33858267716533 111.81102362204724 dans
1702.3622047244094 546.4566929133858 436.2204724409449 111.81102362204724 celui-ci
1993.7007874015749 546.4566929133858 291.33858267716533 111.81102362204724 d’heu-

423.62204724409446 637.7952755905512 325.98425196850394 122.83464566929133 reux
587.4015748031496 637.7952755905512 570.0787401574803 122.83464566929133 changements.

570.0787401574803 948.0314960629921 451.9685039370079 132.28346456692913 DEMARNE
899.2125984251968 948.0314960629921 699.2125984251968 132.28346456692913 (Jean-Louis),
1474.015748031496 948.0314960629921 247.24409448818898 132.28346456692913 né
1598.4251968503936 948.0314960629921 206.29921259842519 132.28346456692913 à
1639.3700787401574 948.0314960629921 492.9133858267717 132.28346456692913 Bruxelles.

418.8976377952756 1111.8110236220473 324.40944881889766 165.35433070866142 23.
603.1496062992126 1111.8110236220473 278.74015748031496 165.35433070866142 Le
743.3070866141733 1111.8110236220473 464.56692913385825 165.35433070866142 départ
1067.716535433071 1111.8110236220473 371.65354330708664 165.35433070866142 pour
1299.2125984251968 1111.8110236220473 324.40944881889766 165.35433070866142 une
1485.0393700787401 1111.8110236220473 371.65354330708664 165.35433070866142 noce
1716.5354330708662 1111.8110236220473 278.74015748031496 165.35433070866142 de
1809.4488188976377 1111.8110236220473 464.56692913385825 165.35433070866142 village.

678.7401574803149 1259.8425196850394 280.31496062992125 137.00787401574803 Des
837.7952755905512 1259.8425196850394 440.9448818897638 137.00787401574803 hommes,
1159.0551181102362 1259.8425196850394 280.31496062992125 137.00787401574803 des
1319.6850393700788 1259.8425196850394 440.9448818897638 137.00787401574803 femmes,
1639.3700787401574 1259.8425196850394 240.9448818897638 137.00787401574803 et
1759.0551181102362 1259.8425196850394 280.31496062992125 137.00787401574803 des
1880.3149606299212 1259.8425196850394 400.0 137.00787401574803 enfants,

587.4015748031496 1393.7007874015749 412.59842519685037 113.38582677165354 montés
875.5905511811023 1393.7007874015749 288.18897637795277 113.38582677165354 sur
1040.9448818897638 1393.7007874015749 288.18897637795277 113.38582677165354 une
1204.724409448819 1393.7007874015749 453.54330708661416 113.38582677165354 voiture
1535.4330708661416 1393.7007874015749 206.29921259842519 113.38582677165354 à
1617.3228346456692 1393.7007874015749 412.59842519685037 113.38582677165354 quatre
1864.5669291338584 1393.7007874015749 412.59842519685037 113.38582677165354 chevaux,

590.5511811023622 1494.4881889763778 395.2755905511811 129.13385826771653 partent
877.1653543307086 1494.4881889763778 286.61417322834643 129.13385826771653 pour
1056.6929133858268 1494.4881889763778 215.748031496063 129.13385826771653 la
1165.3543307086613 1494.4881889763778 322.8346456692913 129.13385826771653 noce;
1379.5275590551182 1494.4881889763778 215.748031496063 129.13385826771653 un
1488.1889763779527 1494.4881889763778 466.1417322834646 129.13385826771653 ménétrier
1847.244094488189 1494.4881889763778 286.61417322834643 129.13385826771653 fait
1990.5511811023623 1494.4881889763778 286.61417322834643 129.13385826771653 partie

588.9763779527559 1629.9212598425197 236.2204724409449 108.66141732283465 de
707.0866141732283 1629.9212598425197 236.2204724409449 108.66141732283465 ce
825.1968503937007 1629.9212598425197 392.12598425196853 108.66141732283465 joyeux
1099.2125984251968 1629.9212598425197 510.23622047244095 108.66141732283465 équipage.
1491.3385826771653 1629.9212598425197 275.59055118110234 108.66141732283465 Une
1648.8188976377953 1629.9212598425197 352.755905511811 108.66141732283465 femme
1885.0393700787401 1629.9212598425197 275.59055118110234 108.66141732283465 qui
2003.1496062992126 1629.9212598425197 275.59055118110234 108.66141732283465 garde

588.9763779527559 1730.708661417323 256.6929133858268 99.21259842519684 ses
735.4330708661417 1730.708661417323 439.37007874015745 99.21259842519684 bestiaux
1064.5669291338584 1730.708661417323 403.1496062992126 99.21259842519684 indique
1359.0551181102362 1730.708661417323 182.6771653543307 99.21259842519684 à
1431.4960629921259 1730.708661417323 256.6929133858268 99.21259842519684 ces
1579.5275590551182 1730.708661417323 477.1653543307087 99.21259842519684 voyageurs
1944.8818897637796 1730.708661417323 220.4724409448819 99.21259842519684 la
2018.8976377952756 1730.708661417323 256.6929133858268 99.21259842519684 route

596.8503937007874 1825.1968503937007 346.45669291338584 125.98425196850394 qu’ils
839.3700787401575 1825.1968503937007 382.6771653543307 125.98425196850394 doivent
1083.4645669291338 1825.1968503937007 311.81102362204723 125.98425196850394 suivre.

681.8897637795276 1948.0314960629921 311.81102362204723 83.46456692913385 Cette
889.7637795275591 1948.0314960629921 311.81102362204723 83.46456692913385 scène
1097.6377952755906 1948.0314960629921 207.8740157480315 83.46456692913385 se
1201.5748031496064 1948.0314960629921 311.81102362204723 83.46456692913385 passe
1409.4488188976377 1948.0314960629921 207.8740157480315 83.46456692913385 au
1514.9606299212599 1948.0314960629921 346.45669291338584 83.46456692913385 soleil
1757.4803149606298 1948.0314960629921 381.1023622047244 83.46456692913385 levant,
2034.6456692913387 1948.0314960629921 242.51968503937007 83.46456692913385 sur
2138.582677165354 1948.0314960629921 138.58267716535434 83.46456692913385 un

588.9763779527559 2055.1181102362207 393.7007874015748 116.53543307086615 chemin
864.5669291338583 2055.1181102362207 236.2204724409449 116.53543307086615 au
982.6771653543307 2055.1181102362207 314.96062992125985 116.53543307086615 bord
1177.9527559055118 2055.1181102362207 354.3307086614173 116.53543307086615 d’une
1414.1732283464567 2055.1181102362207 354.3307086614173 116.53543307086615 haie,
1650.3937007874015 2055.1181102362207 314.96062992125985 116.53543307086615 dans
1847.244094488189 2055.1181102362207 275.59055118110234 116.53543307086615 une
1963.7795275590552 2055.1181102362207 314.96062992125985 116.53543307086615 campa-

585.8267716535433 2141.732283464567 275.59055118110234 130.70866141732284 gne
743.3070866141733 2141.732283464567 592.1259842519685 130.70866141732284 pittoresque
1217.3228346456692 2141.732283464567 236.2204724409449 130.70866141732284 de
1335.4330708661416 2141.732283464567 710.2362204724409 130.70866141732284 Franche-Comté,
1888.1889763779527 2141.732283464567 393.7007874015748 130.70866141732284 enrichie

595.2755905511812 2248.818897637795 459.84251968503935 111.81102362204724 d’arbres
940.1574803149606 2248.818897637795 229.92125984251967 111.81102362204724 et
1055.1181102362204 2248.818897637795 229.92125984251967 111.81102362204724 de
1170.0787401574803 2248.818897637795 537.007874015748 111.81102362204724 montagnes,
1592.1259842519685 2248.818897637795 307.0866141732283 111.81102362204724 dont
1782.6771653543308 2248.818897637795 499.21259842519686 111.81102362204724 plusieurs
2129.1338582677167 2248.818897637795 152.75590551181102 111.81102362204724 se

596.8503937007874 2363.779527559055 477.1653543307087 125.98425196850394 détachent
963.7795275590552 2363.779527559055 256.6929133858268 125.98425196850394 sur
1074.015748031496 2363.779527559055 440.9448818897638 125.98425196850394 l’horizon.

418.8976377952756 2811.0236220472443 537.007874015748 97.63779527559055 DROLLING,
831.496062992126 2811.0236220472443 247.24409448818898 97.63779527559055 né
955.9055118110236 2811.0236220472443 206.29921259842519 97.63779527559055 à
1037.7952755905512 2811.0236220472443 412.59842519685037 97.63779527559055 Paris,
1327.5590551181103 2811.0236220472443 412.59842519685037 97.63779527559055 ancien
1615.748031496063 2811.0236220472443 661.4173228346457 97.63779527559055 pensionnaire
2111.8110236220473 2811.0236220472443 165.35433070866142 97.63779527559055 de

1037.7952755905512 2894.488188976378 426.7716535433071 129.13385826771653 France
1337.007874015748 2894.488188976378 214.17322834645668 129.13385826771653 à
1379.5275590551182 2894.488188976378 299.21259842519686 129.13385826771653 Rome.

420.4724409448819 3080.314960629921 344.88188976377955 160.62992125984252 24.
617.3228346456693 3080.314960629921 492.9133858267717 160.62992125984252 Orphée
962.2047244094488 3080.314960629921 541.7322834645669 160.62992125984252 perdant
1305.5118110236222 3080.314960629921 541.7322834645669 160.62992125984252 Eurydice.

426.7716535433071 3247.244094488189 362.20472440944883 129.13385826771653 Presque
689.7637795275591 3247.244094488189 229.92125984251967 129.13385826771653 aux
822.0472440944882 3247.244094488189 329.13385826771656 129.13385826771653 portes
1051.9685039370079 3247.244094488189 196.8503937007874 129.13385826771653 du
1149.6062992125985 3247.244094488189 296.06299212598424 129.13385826771653 jour,
1346.4566929133857 3247.244094488189 393.7007874015748 129.13385826771653 troublé,
1642.5196850393702 3247.244094488189 262.99212598425197 129.13385826771653 hors
1807.8740157480315 3247.244094488189 196.8503937007874 129.13385826771653 de
1872.4409448818897 3247.244094488189 362.20472440944883 129.13385826771653 lui

426.7716535433071 3365.3543307086616 182.6771653543307 91.33858267716535 Il
518.1102362204724 3365.3543307086616 395.2755905511811 91.33858267716535 s’arrête,
820.4724409448819 3365.3543307086616 182.6771653543307 91.33858267716535 il
911.8110236220473 3365.3543307086616 182.6771653543307 91.33858267716535 se
1003.1496062992126 3365.3543307086616 333.8582677165354 91.33858267716535 tourne,
1245.6692913385828 3365.3543307086616 182.6771653543307 91.33858267716535 il
1337.007874015748 3365.3543307086616 303.93700787401576 91.33858267716535 revoit
1549.6062992125985 3365.3543307086616 182.6771653543307 91.33858267716535 ce
1640.9448818897638 3365.3543307086616 272.4409448818898 91.33858267716535 qu’il
1792.1259842519685 3365.3543307086616 242.51968503937007 91.33858267716535 aime.»

425.1968503937008 3447.244094488189 247.24409448818898 121.25984251968504 C’en
581.1023622047244 3447.244094488189 217.3228346456693 121.25984251968504 est
703.9370078740158 3447.244094488189 278.74015748031496 121.25984251968504 fait,
891.3385826771654 3447.244094488189 185.82677165354332 121.25984251968504 un
984.2519685039371 3447.244094488189 434.6456692913386 121.25984251968504 coup-d’œil
1324.4094488188975 3447.244094488189 154.33070866141733 121.25984251968504 a
1387.4015748031495 3447.244094488189 341.73228346456693 121.25984251968504 détruit
1634.6456692913387 3447.244094488189 217.3228346456693 121.25984251968504 son
1727.5590551181103 3447.244094488189 310.23622047244095 121.25984251968504 bonheur.
