2451.968503937008 4218.897637795276
872.4409448818898 226.77165354330708 240.9448818897638 179.5275590551181 (
970.0787401574803 226.77165354330708 289.76377952755905 179.5275590551181 27
1066.1417322834645 226.77165354330708 144.88188976377953 179.5275590551181 )

211.0236220472441 396.8503937007874 398.4251968503937 152.75590551181102 DUNOUI
489.76377952755905 396.8503937007874 1036.2204724409448 152.75590551181102 (Alexandre-Hyacinthe),
1404.724409448819 396.8503937007874 239.37007874015748 152.75590551181102 né
1524.4094488188975 396.8503937007874 198.4251968503937 152.75590551181102 à
1565.3543307086613 396.8503937007874 318.1102362204724 152.75590551181102 Paris.

132.28346456692913 614.1732283464567 321.25984251968504 149.60629921259843 25.
314.96062992125985 614.1732283464567 321.25984251968504 149.60629921259843 Vue
499.21259842519686 614.1732283464567 275.59055118110234 149.60629921259843 de
636.2204724409448 614.1732283464567 503.93700787401576 149.60629921259843 Naples,
1003.1496062992126 614.1732283464567 412.59842519685037 149.60629921259843 prise
1278.740157480315 614.1732283464567 458.26771653543307 149.60629921259843 auprès
1600.0 614.1732283464567 275.59055118110234 149.60629921259843 de
1691.3385826771653 614.1732283464567 275.59055118110234 149.60629921259843 Capo

226.77165354330708 733.8582677165355 291.33858267716533 151.1811023622047 di
324.40944881889766 733.8582677165355 387.40157480314963 151.1811023622047 Monte.

384.251968503937 899.2125984251968 233.0708661417323 121.25984251968504 Un
500.78740157480314 899.2125984251968 543.3070866141733 121.25984251968504 zampognaro
927.5590551181102 899.2125984251968 310.23622047244095 121.25984251968504 joue
1121.259842519685 899.2125984251968 233.0708661417323 121.25984251968504 de
1237.7952755905512 899.2125984251968 270.86614173228344 121.25984251968504 son
1393.7007874015749 899.2125984251968 543.3070866141733 121.25984251968504 instrument
1781.1023622047244 899.2125984251968 193.70078740157481 121.25984251968504 de-

303.93700787401576 1034.6456692913387 297.6377952755906 102.36220472440945 vant
491.33858267716533 1034.6456692913387 259.84251968503935 102.36220472440945 une
639.3700787401575 1034.6456692913387 483.46456692913387 102.36220472440945 chapelle.
1011.0236220472441 1034.6456692913387 259.84251968503935 102.36220472440945 Des
1160.6299212598426 1034.6456692913387 521.2598425196851 102.36220472440945 villageois
1532.283464566929 1034.6456692913387 447.244094488189 102.36220472440945 s’arrêtent

303.93700787401576 1116.5354330708662 303.93700787401576 149.60629921259843 pour
494.48818897637796 1116.5354330708662 341.73228346456693 149.60629921259843 faire
722.8346456692914 1116.5354330708662 303.93700787401576 149.60629921259843 leur
911.8110236220473 1116.5354330708662 418.8976377952756 149.60629921259843 prière.
1217.3228346456692 1116.5354330708662 303.93700787401576 149.60629921259843 Dans
1407.8740157480315 1116.5354330708662 228.3464566929134 149.60629921259843 le
1521.259842519685 1116.5354330708662 456.6929133858268 149.60629921259843 lointain
1825.1968503937007 1116.5354330708662 152.75590551181102 149.60629921259843 on

305.51181102362204 1250.3937007874015 285.03937007874015 108.66141732283465 voit
483.46456692913387 1250.3937007874015 212.5984251968504 108.66141732283465 le
590.5511811023622 1250.3937007874015 285.03937007874015 108.66141732283465 Mont
768.503937007874 1250.3937007874015 355.90551181102364 108.66141732283465 Vésuve
1017.3228346456693 1250.3937007874015 285.03937007874015 108.66141732283465 d’où
1195.275590551181 1250.3937007874015 390.5511811023622 108.66141732283465 sortent
1478.740157480315 1250.3937007874015 248.8188976377953 108.66141732283465 des
1620.4724409448818 1250.3937007874015 355.90551181102364 108.66141732283465 nuages
1834.6456692913387 1250.3937007874015 141.73228346456693 108.66141732283465 de

253.54330708661416 1344.8818897637796 346.45669291338584 124.40944881889764 fumée.

346.45669291338584 1645.6692913385828 541.7322834645669 166.9291338582677 DUPERREUX
762.2047244094488 1645.6692913385828 625.1968503937007 166.9291338582677 (A.-L.-R.),
1262.992125984252 1645.6692913385828 250.39370078740157 166.9291338582677 né
1387.4015748031495 1645.6692913385828 207.8740157480315 166.9291338582677 à
1428.3464566929133 1645.6692913385828 333.8582677165354 166.9291338582677 Paris.

135.43307086614172 1842.5196850393702 307.0866141732283 94.48818897637796 26.
310.23622047244095 1842.5196850393702 307.0866141732283 94.48818897637796 Vue
486.61417322834643 1842.5196850393702 262.99212598425197 94.48818897637796 du
617.3228346456693 1842.5196850393702 437.79527559055117 94.48818897637796 rocher
924.4094488188977 1842.5196850393702 262.99212598425197 94.48818897637796 de
1056.6929133858268 1842.5196850393702 656.6929133858267 94.48818897637796 l’Aiguille,
1538.5826771653544 1842.5196850393702 437.79527559055117 94.48818897637796 première

226.77165354330708 1918.1102362204724 442.5196850393701 160.62992125984252 porte
521.2598425196851 1918.1102362204724 294.48818897637796 160.62992125984252 de
667.7165354330708 1918.1102362204724 540.1574803149606 160.62992125984252 clôture
1061.4173228346456 1918.1102362204724 294.48818897637796 160.62992125984252 de
1207.8740157480315 1918.1102362204724 294.48818897637796 160.62992125984252 la
1355.9055118110236 1918.1102362204724 491.33858267716533 160.62992125984252 grande
1650.3937007874015 1918.1102362204724 343.3070866141732 160.62992125984252 Char-

233.0708661417323 2048.818897637795 458.26771653543307 182.6771653543307 treuse
554.3307086614174 2048.818897637795 275.59055118110234 182.6771653543307 de
691.3385826771654 2048.818897637795 596.8503937007874 182.6771653543307 Grenoble,
1151.1811023622047 2048.818897637795 321.25984251968504 182.6771653543307 par
1288.1889763779527 2048.818897637795 688.1889763779527 182.6771653543307 Saint

229.92125984251967 2187.4015748031497 296.06299212598424 162.20472440944883 du
327.5590551181102 2187.4015748031497 344.88188976377955 162.20472440944883 Pont.

390.5511811023622 2338.582677165354 220.4724409448819 138.58267716535434 Le
500.78740157480314 2338.582677165354 184.251968503937 138.58267716535434 8
573.2283464566929 2338.582677165354 403.1496062992126 138.58267716535434 juillet
867.7165354330708 2338.582677165354 292.9133858267717 138.58267716535434 1816
1050.3937007874015 2338.582677165354 220.4724409448819 138.58267716535434 le
1160.6299212598426 2338.582677165354 477.1653543307087 138.58267716535434 vénérable
1527.5590551181103 2338.582677165354 256.6929133858268 138.58267716535434 dom
1637.7952755905512 2338.582677165354 330.70866141732284 138.58267716535434 Romuald

303.93700787401576 2450.3937007874015 634.6456692913385 119.68503937007874 Moissonnier,
818.8976377952756 2450.3937007874015 674.0157480314961 119.68503937007874 grand-vicaire
1374.8031496062993 2450.3937007874015 277.1653543307087 119.68503937007874 des
1494.4881889763778 2450.3937007874015 475.59055118110234 119.68503937007874 Chartreux,

307.0866141732283 2552.755905511811 270.86614173228344 124.40944881889764 âgé
462.99212598425197 2552.755905511811 233.0708661417323 124.40944881889764 de
579.5275590551181 2552.755905511811 814.1732283464567 124.40944881889764 soixante-quatorze
1275.5905511811025 2552.755905511811 310.23622047244095 124.40944881889764 ans,
1469.291338582677 2552.755905511811 348.0314960629921 124.40944881889764 vint,
1702.3622047244094 2552.755905511811 233.0708661417323 124.40944881889764 au
1779.5275590551182 2552.755905511811 193.70078740157481 124.40944881889764 nom

308.66141732283467 2681.8897637795276 226.77165354330708 103.93700787401575 de
422.0472440944882 2681.8897637795276 264.56692913385825 103.93700787401575 son
573.2283464566929 2681.8897637795276 377.9527559055118 103.93700787401575 ordre,
837.7952755905512 2681.8897637795276 491.33858267716533 103.93700787401575 reprendre
1215.748031496063 2681.8897637795276 529.1338582677165 103.93700787401575 possession
1631.4960629921259 2681.8897637795276 226.77165354330708 103.93700787401575 de
1707.0866141732283 2681.8897637795276 264.56692913385825 103.93700787401575 cette

305.51181102362204 2777.952755905512 407.87401574803147 111.81102362204724 célèbre
603.1496062992126 2777.952755905512 444.09448818897636 111.81102362204724 retraite
935.4330708661417 2777.952755905512 222.04724409448818 111.81102362204724 de
1047.244094488189 2777.952755905512 222.04724409448818 111.81102362204724 S.
1159.0551181102362 2777.952755905512 370.0787401574803 111.81102362204724 Bruno,
1417.3228346456692 2777.952755905512 481.8897637795276 111.81102362204724 restituée
1787.4015748031495 2777.952755905512 185.82677165354332 111.81102362204724 à
1825.1968503937007 2777.952755905512 148.03149606299212 111.81102362204724 sa

308.66141732283467 2888.1889763779527 469.29133858267716 116.53543307086615 primitive
670.8661417322835 2888.1889763779527 541.7322834645669 116.53543307086615 destination
1103.9370078740158 2888.1889763779527 253.54330708661416 116.53543307086615 par
1248.8188976377953 2888.1889763779527 217.3228346456693 116.53543307086615 la
1357.4803149606298 2888.1889763779527 325.98425196850394 116.53543307086615 piété
1573.2283464566929 2888.1889763779527 217.3228346456693 116.53543307086615 du
1681.8897637795276 2888.1889763779527 289.76377952755905 116.53543307086615 Roi.
1826.7716535433071 2888.1889763779527 144.88188976377953 116.53543307086615 Il

310.23622047244095 3003.149606299213 332.2834645669291 94.48818897637796 étoit
530.7086614173228 3003.149606299213 518.1102362204724 94.48818897637796 accompagné
938.5826771653543 3003.149606299213 222.04724409448818 94.48818897637796 de
1048.8188976377953 3003.149606299213 296.06299212598424 94.48818897637796 deux
1233.0708661417323 3003.149606299213 518.1102362204724 94.48818897637796 Chartreux,
1640.9448818897638 3003.149606299213 222.04724409448818 94.48818897637796 et
1714.9606299212599 3003.149606299213 258.26771653543307 94.48818897637796 suivi

308.66141732283467 3088.1889763779527 203.1496062992126 121.25984251968504 de
411.0236220472441 3088.1889763779527 373.2283464566929 121.25984251968504 fidèles
681.8897637795276 3088.1889763779527 237.79527559055117 121.25984251968504 que
817.3228346456693 3088.1889763779527 203.1496062992126 121.25984251968504 la
919.6850393700787 3088.1889763779527 305.51181102362204 121.25984251968504 piété
1122.8346456692914 3088.1889763779527 406.2992125984252 121.25984251968504 attiroit
1428.3464566929133 3088.1889763779527 237.79527559055117 121.25984251968504 sur
1563.7795275590552 3088.1889763779527 237.79527559055117 121.25984251968504 ses
1699.2125984251968 3088.1889763779527 270.86614173228344 121.25984251968504 pas.
1834.6456692913387 3088.1889763779527 135.43307086614172 121.25984251968504 Il

316.53543307086613 3201.5748031496064 318.1102362204724 97.63779527559055 étoit
527.5590551181102 3201.5748031496064 176.3779527559055 97.63779527559055 à
598.4251968503937 3201.5748031496064 318.1102362204724 97.63779527559055 peine
809.4488188976378 3201.5748031496064 318.1102362204724 97.63779527559055 entré
1020.4724409448819 3201.5748031496064 281.8897637795276 97.63779527559055 dans
1196.8503937007874 3201.5748031496064 492.9133858267717 97.63779527559055 l’enceinte
1585.8267716535433 3201.5748031496064 211.0236220472441 97.63779527559055 de
1691.3385826771653 3201.5748031496064 211.0236220472441 97.63779527559055 la
1762.2047244094488 3201.5748031496064 211.0236220472441 97.63779527559055 pre-

313.38582677165357 3340.1574803149606 340.15748031496065 97.63779527559055 mière
540.1574803149606 3340.1574803149606 415.748031496063 97.63779527559055 clôture
842.5196850393701 3340.1574803149606 226.77165354330708 97.63779527559055 du
955.9055118110236 3340.1574803149606 529.1338582677165 97.63779527559055 monastère,
1370.0787401574803 3340.1574803149606 264.56692913385825 97.63779527559055 que
1521.259842519685 3340.1574803149606 340.15748031496065 97.63779527559055 trois
1710.236220472441 3340.1574803149606 264.56692913385825 97.63779527559055 Char-

313.38582677165357 3431.496062992126 332.2834645669291 100.78740157480316 treux
533.8582677165355 3431.496062992126 222.04724409448818 100.78740157480316 du
644.0944881889764 3431.496062992126 552.7559055118111 100.78740157480316 département
1088.1889763779527 3431.496062992126 222.04724409448818 100.78740157480316 de
1198.4251968503936 3431.496062992126 406.2992125984252 100.78740157480316 l’Isère
1456.6929133858268 3431.496062992126 516.5354330708661 100.78740157480316 descendirent
