2494.488188976378 4303.937007874016
1190.5511811023623 261.4173228346457 242.51968503937007 144.88188976377953 (
1288.1889763779527 261.4173228346457 291.33858267716533 144.88188976377953 28
1385.8267716535433 261.4173228346457 146.45669291338584 144.88188976377953 )

614.1732283464567 409.4488188976378 218.89763779527559 151.1811023622047 du
722.8346456692914 409.4488188976378 401.5748031496063 151.1811023622047 désert,
1015.7480314960629 409.4488188976378 255.11811023622047 151.1811023622047 une
1162.2047244094488 409.4488188976378 329.13385826771656 151.1811023622047 croix
1381.1023622047244 409.4488188976378 218.89763779527559 151.1811023622047 de
1491.3385826771653 409.4488188976378 292.9133858267717 151.1811023622047 bois
1674.015748031496 409.4488188976378 182.6771653543307 151.1811023622047 à
1746.4566929133857 409.4488188976378 218.89763779527559 151.1811023622047 la
1856.6929133858268 409.4488188976378 329.13385826771656 151.1811023622047 main,
2075.5905511811025 409.4488188976378 218.89763779527559 151.1811023622047 et
2148.031496062992 409.4488188976378 146.45669291338584 151.1811023622047 se

618.8976377952756 540.1574803149606 606.2992125984252 103.93700787401575 prosternèrent
1118.1102362204724 540.1574803149606 177.95275590551182 103.93700787401575 à
1188.976377952756 540.1574803149606 248.8188976377953 103.93700787401575 ses
1332.283464566929 540.1574803149606 321.25984251968504 103.93700787401575 pieds
1546.4566929133857 540.1574803149606 285.03937007874015 103.93700787401575 pour
1724.4094488188975 540.1574803149606 428.34645669291336 103.93700787401575 recevoir
2045.6692913385828 540.1574803149606 214.17322834645668 103.93700787401575 sa
2116.535433070866 540.1574803149606 177.95275590551182 103.93700787401575 bé-

617.3228346456693 636.2204724409448 533.8582677165355 114.96062992125984 nédiction.
1036.2204724409448 636.2204724409448 228.3464566929134 114.96062992125984 Il
1151.1811023622047 636.2204724409448 381.1023622047244 114.96062992125984 mourut
1417.3228346456692 636.2204724409448 190.5511811023622 114.96062992125984 à
1494.4881889763778 636.2204724409448 228.3464566929134 114.96062992125984 la
1607.8740157480315 636.2204724409448 381.1023622047244 114.96062992125984 grande
1836.2204724409448 636.2204724409448 458.26771653543307 114.96062992125984 Chartreuse

620.4724409448819 751.1811023622047 211.0236220472441 146.45669291338584 le
725.9842519685039 751.1811023622047 211.0236220472441 146.45669291338584 19
831.496062992126 751.1811023622047 422.0472440944882 146.45669291338584 juillet,
1146.4566929133857 751.1811023622047 280.31496062992125 146.45669291338584 onze
1322.8346456692914 751.1811023622047 316.53543307086613 146.45669291338584 jours
1533.8582677165355 751.1811023622047 316.53543307086613 146.45669291338584 après
1743.3070866141732 751.1811023622047 245.66929133858267 146.45669291338584 son
1848.8188976377953 751.1811023622047 527.5590551181102 146.45669291338584 installation.

444.09448818897636 1085.0393700787401 393.7007874015748 181.10236220472441 FORBIN
719.6850393700787 1085.0393700787401 275.59055118110234 181.10236220472441 (le
877.1653543307086 1085.0393700787401 354.3307086614173 181.10236220472441 comte
1113.3858267716535 1085.0393700787401 433.07086614173227 181.10236220472441 Auguste
1429.9212598425197 1085.0393700787401 314.96062992125985 181.10236220472441 de),
1626.7716535433071 1085.0393700787401 236.2204724409449 181.10236220472441 né
1744.8818897637796 1085.0393700787401 196.8503937007874 181.10236220472441 à
1823.6220472440946 1085.0393700787401 314.96062992125985 181.10236220472441 Aix,
1981.1023622047244 1085.0393700787401 314.96062992125985 181.10236220472441 dépar-

533.8582677165355 1236.2204724409448 384.251968503937 137.00787401574803 tement
801.5748031496063 1236.2204724409448 269.29133858267716 137.00787401574803 des
955.9055118110236 1236.2204724409448 806.2992125984252 137.00787401574803 Bouches-du-Rhône,
1647.244094488189 1236.2204724409448 384.251968503937 137.00787401574803 membre
1914.9606299212599 1236.2204724409448 229.92125984251967 137.00787401574803 de
1992.1259842519685 1236.2204724409448 307.0866141732283 137.00787401574803 l’Ins-

537.007874015748 1340.1574803149606 354.3307086614173 102.36220472440945 titut,
784.2519685039371 1340.1574803149606 459.84251968503935 102.36220472440945 chevalier
1138.5826771653544 1340.1574803149606 212.5984251968504 102.36220472440945 de
1244.0944881889764 1340.1574803149606 388.9763779527559 102.36220472440945 l’ordre
1527.5590551181103 1340.1574803149606 212.5984251968504 102.36220472440945 de
1633.0708661417323 1340.1574803149606 354.3307086614173 102.36220472440945 Malte,
1880.3149606299212 1340.1574803149606 425.1968503937008 102.36220472440945 officier
2163.779527559055 1340.1574803149606 141.73228346456693 102.36220472440945 de

532.2834645669292 1439.3700787401574 226.77165354330708 100.78740157480316 la
645.6692913385826 1439.3700787401574 376.37795275590554 100.78740157480316 Légion
908.6614173228346 1439.3700787401574 527.5590551181102 100.78740157480316 d’Honneur,
1324.4094488188975 1439.3700787401574 489.76377952755905 100.78740157480316 directeur
1700.7874015748032 1439.3700787401574 414.1732283464567 100.78740157480316 général
2003.1496062992126 1439.3700787401574 264.56692913385825 100.78740157480316 des
2114.9606299212596 1439.3700787401574 188.9763779527559 100.78740157480316 Mu-

529.1338582677165 1557.4803149606298 316.53543307086613 127.55905511811024 sées
688.1889763779527 1557.4803149606298 357.4803149606299 127.55905511811024 Royaux.

444.09448818897636 1711.8110236220473 329.13385826771656 179.5275590551181 27.
631.496062992126 1711.8110236220473 656.6929133858267 179.5275590551181 L’éruption
1148.0314960629921 1711.8110236220473 281.8897637795276 179.5275590551181 du
1242.5196850393702 1711.8110236220473 422.0472440944882 179.5275590551181 Vésuve.

713.3858267716536 1965.3543307086613 316.53543307086613 121.25984251968504 Cette
924.4094488188977 1965.3543307086613 458.26771653543307 121.25984251968504 éruption,
1277.1653543307086 1965.3543307086613 247.24409448818898 121.25984251968504 qui
1417.3228346456692 1965.3543307086613 387.40157480314963 121.25984251968504 couvrit
1699.2125984251968 1965.3543307086613 211.0236220472441 121.25984251968504 la
1806.2992125984251 1965.3543307086613 316.53543307086613 121.25984251968504 ville
2017.3228346456692 1965.3543307086613 211.0236220472441 121.25984251968504 de
2088.1889763779527 1965.3543307086613 211.0236220472441 121.25984251968504 Pom-

623.6220472440945 2050.3937007874015 261.4173228346457 143.30708661417322 péi
773.2283464566929 2050.3937007874015 225.1968503937008 143.30708661417322 de
886.6141732283464 2050.3937007874015 411.0236220472441 143.30708661417322 cendres
1185.8267716535433 2050.3937007874015 225.1968503937008 143.30708661417322 et
1297.6377952755906 2050.3937007874015 486.61417322834643 143.30708661417322 engloutit
1670.8661417322835 2050.3937007874015 337.00787401574803 143.30708661417322 celle
1858.267716535433 2050.3937007874015 448.81889763779526 143.30708661417322 d’Hercula-

623.6220472440945 2159.0551181102364 250.39370078740157 149.60629921259843 num
766.9291338582677 2159.0551181102364 285.03937007874015 149.60629921259843 l’an
944.8818897637796 2159.0551181102364 214.17322834645668 149.60629921259843 79
1051.9685039370079 2159.0551181102364 214.17322834645668 149.60629921259843 de
1159.0551181102362 2159.0551181102364 321.25984251968504 149.60629921259843 l’ère
1373.2283464566929 2159.0551181102364 535.4330708661417 149.60629921259843 chrétienne,
1803.1496062992126 2159.0551181102364 285.03937007874015 149.60629921259843 sous
1981.1023622047244 2159.0551181102364 214.17322834645668 149.60629921259843 le
2051.968503937008 2159.0551181102364 250.39370078740157 149.60629921259843 règne

626.7716535433071 2274.015748031496 220.4724409448819 114.96062992125984 de
737.007874015748 2274.015748031496 366.92913385826773 114.96062992125984 Titus,
993.7007874015748 2274.015748031496 477.1653543307087 114.96062992125984 détruisit
1360.6299212598426 2274.015748031496 330.70866141732284 114.96062992125984 aussi
1581.1023622047244 2274.015748031496 220.4724409448819 114.96062992125984 la
1691.3385826771653 2274.015748031496 330.70866141732284 114.96062992125984 ville
1911.8110236220473 2274.015748031496 220.4724409448819 114.96062992125984 de
2022.0472440944882 2274.015748031496 404.7244094488189 114.96062992125984 Stabia,
2278.740157480315 2274.015748031496 110.23622047244095 114.96062992125984 »

623.6220472440945 2388.9763779527557 382.6771653543307 119.68503937007874 située
891.3385826771654 2388.9763779527557 190.5511811023622 119.68503937007874 à
966.9291338582677 2388.9763779527557 267.7165354330709 119.68503937007874 peu
1119.6850393700788 2388.9763779527557 229.92125984251967 119.68503937007874 de
1234.6456692913387 2388.9763779527557 458.26771653543307 119.68503937007874 distance
1577.9527559055118 2388.9763779527557 229.92125984251967 119.68503937007874 du
1692.9133858267717 2388.9763779527557 420.4724409448819 119.68503937007874 volcan.
1998.4251968503936 2388.9763779527557 343.3070866141732 119.68503937007874 C’est
2188.9763779527557 2388.9763779527557 114.96062992125984 119.68503937007874 à

629.9212598425197 2492.9133858267714 363.7795275590551 103.93700787401575 Stabia
885.0393700787401 2492.9133858267714 255.11811023622047 103.93700787401575 que
1029.9212598425197 2492.9133858267714 327.5590551181102 103.93700787401575 Pline
1247.244094488189 2492.9133858267714 218.89763779527559 103.93700787401575 le
1357.4803149606298 2492.9133858267714 544.8818897637796 103.93700787401575 naturaliste
1793.7007874015749 2492.9133858267714 291.33858267716533 103.93700787401575 vint
1974.8031496062993 2492.9133858267714 218.89763779527559 103.93700787401575 si
2047.244094488189 2492.9133858267714 255.11811023622047 103.93700787401575 auda-

626.7716535433071 2581.1023622047246 533.8582677165355 132.28346456692913 cieusement
1045.6692913385828 2581.1023622047246 418.8976377952756 132.28346456692913 étudier
1351.1811023622047 2581.1023622047246 228.3464566929134 132.28346456692913 ce
1464.5669291338584 2581.1023622047246 496.06299212598424 132.28346456692913 phénomène
1845.6692913385828 2581.1023622047246 305.51181102362204 132.28346456692913 dont
2037.7952755905512 2581.1023622047246 228.3464566929134 132.28346456692913 il
2113.3858267716537 2581.1023622047246 190.5511811023622 132.28346456692913 fut

629.9212598425197 2722.834645669291 426.7716535433071 88.18897637795276 victime;
951.1811023622047 2722.834645669291 214.17322834645668 88.18897637795276 il
1056.6929133858268 2722.834645669291 248.8188976377953 88.18897637795276 est
1200.0 2722.834645669291 497.6377952755906 88.18897637795276 représenté
1590.5511811023623 2722.834645669291 390.5511811023622 88.18897637795276 debout,
1875.5905511811025 2722.834645669291 390.5511811023622 88.18897637795276 dictant
2124.4094488188975 2722.834645669291 177.95275590551182 88.18897637795276 ses

625.1968503937007 2818.8976377952754 614.1732283464567 102.36220472440945 observations
1124.4094488188975 2818.8976377952754 192.1259842519685 102.36220472440945 à
1200.0 2818.8976377952754 229.92125984251967 102.36220472440945 un
1314.9606299212599 2818.8976377952754 537.007874015748 102.36220472440945 affranchi.
1738.5826771653544 2818.8976377952754 229.92125984251967 102.36220472440945 On
1853.5433070866143 2818.8976377952754 307.0866141732283 102.36220472440945 voit
2045.6692913385828 2818.8976377952754 307.0866141732283 102.36220472440945 près
2236.220472440945 2818.8976377952754 229.92125984251967 102.36220472440945 de

628.3464566929134 2916.535433070866 244.09448818897638 108.66141732283465 lui
768.503937007874 2916.535433070866 209.4488188976378 108.66141732283465 la
872.4409448818898 2916.535433070866 349.6062992125984 108.66141732283465 statue
1116.5354330708662 2916.535433070866 418.8976377952756 108.66141732283465 équestre
1431.4960629921259 2916.535433070866 209.4488188976378 108.66141732283465 de
1535.4330708661416 2916.535433070866 488.18897637795277 108.66141732283465 Vespasien.
1885.0393700787401 2916.535433070866 418.8976377952756 108.66141732283465 L’éruption

626.7716535433071 3029.9212598425197 411.0236220472441 100.78740157480316 duroit
913.3858267716536 3029.9212598425197 411.0236220472441 100.78740157480316 depuis
1201.5748031496064 3029.9212598425197 492.9133858267717 100.78740157480316 quelques
1570.0787401574803 3029.9212598425197 451.9685039370079 100.78740157480316 heures,
1899.2125984251968 3029.9212598425197 368.503937007874 100.78740157480316 quand
2103.9370078740158 3029.9212598425197 204.7244094488189 100.78740157480316 les

629.9212598425197 3132.283464566929 401.5748031496063 130.70866141732284 prêtres
921.2598425196851 3132.283464566929 582.6771653543307 130.70866141732284 descendirent
1395.275590551181 3132.283464566929 218.89763779527559 130.70866141732284 du
1505.5118110236222 3132.283464566929 365.3543307086614 130.70866141732284 temple
1760.6299212598426 3132.283464566929 218.89763779527559 130.70866141732284 de
1869.291338582677 3132.283464566929 218.89763779527559 130.70866141732284 la
1941.732283464567 3132.283464566929 365.3543307086614 130.70866141732284 Victoire

631.496062992126 3248.818897637795 436.2204724409449 132.28346456692913 romaine,
959.0551181102362 3248.818897637795 291.33858267716533 132.28346456692913 pour
1140.1574803149606 3248.818897637795 363.7795275590551 132.28346456692913 offrir
1393.7007874015749 3248.818897637795 217.3228346456693 132.28346456692913 un
1503.9370078740158 3248.818897637795 472.4409448818898 132.28346456692913 sacrifice
1866.1417322834645 3248.818897637795 253.54330708661416 132.28346456692913 aux
1974.8031496062993 3248.818897637795 327.5590551181102 132.28346456692913 divini-

636.2204724409448 3368.503937007874 253.54330708661416 102.36220472440945 tés
781.1023622047244 3368.503937007874 544.8818897637796 102.36220472440945 infernales.
1217.3228346456692 3368.503937007874 217.3228346456693 102.36220472440945 Le
1325.984251968504 3368.503937007874 362.20472440944883 102.36220472440945 peuple
1579.5275590551182 3368.503937007874 217.3228346456693 102.36220472440945 se
1688.1889763779527 3368.503937007874 398.4251968503937 102.36220472440945 réfugie
1979.5275590551182 3368.503937007874 289.76377952755905 102.36220472440945 sous
2124.4094488188975 3368.503937007874 181.10236220472441 102.36220472440945 les

631.496062992126 3477.165354330709 362.20472440944883 127.55905511811024 parvis
885.0393700787401 3477.165354330709 217.3228346456693 127.55905511811024 du
993.7007874015748 3477.165354330709 398.4251968503937 127.55905511811024 temple;
1285.0393700787401 3477.165354330709 325.98425196850394 127.55905511811024 l’air
1502.3622047244094 3477.165354330709 217.3228346456693 127.55905511811024 se
1611.023622047244 3477.165354330709 362.20472440944883 127.55905511811024 charge
1864.5669291338584 3477.165354330709 289.76377952755905 127.55905511811024 déja
2047.244094488189 3477.165354330709 217.3228346456693 127.55905511811024 de
2119.685039370079 3477.165354330709 181.10236220472441 127.55905511811024 ma
