1584 2733
756 166 154 92 (
818 166 185 92 28
880 166 93 92 )

390 260 139 96 du
459 260 255 96 désert,
645 260 162 96 une
738 260 209 96 croix
877 260 139 96 de
947 260 186 96 bois
1063 260 116 96 à
1109 260 139 96 la
1179 260 209 96 main,
1318 260 139 96 et
1364 260 93 96 se

393 343 385 66 prosternèrent
710 343 113 66 à
755 343 158 66 ses
846 343 204 66 pieds
982 343 181 66 pour
1095 343 272 66 recevoir
1299 343 136 66 sa
1344 343 113 66 bé-

392 404 339 73 nédiction.
658 404 145 73 Il
731 404 242 73 mourut
900 404 121 73 à
949 404 145 73 la
1021 404 242 73 grande
1166 404 291 73 Chartreuse

394 477 134 93 le
461 477 134 93 19
528 477 268 93 juillet,
728 477 178 93 onze
840 477 201 93 jours
974 477 201 93 après
1107 477 156 93 son
1174 477 335 93 installation.

282 689 250 115 FORBIN
457 689 175 115 (le
557 689 225 115 comte
707 689 275 115 Auguste
908 689 200 115 de),
1033 689 150 115 né
1108 689 125 115 à
1158 689 200 115 Aix,
1258 689 200 115 dépar-

339 785 244 87 tement
509 785 171 87 des
607 785 512 87 Bouches-du-Rhône,
1046 785 244 87 membre
1216 785 146 87 de
1265 785 195 87 l’Ins-

341 851 225 65 titut,
498 851 292 65 chevalier
723 851 135 65 de
790 851 247 65 l’ordre
970 851 135 65 de
1037 851 225 65 Malte,
1194 851 270 65 officier
1374 851 90 65 de

338 914 144 64 la
410 914 239 64 Légion
577 914 335 64 d’Honneur,
841 914 311 64 directeur
1080 914 263 64 général
1272 914 168 64 des
1343 914 120 64 Mu-

336 989 201 81 sées
437 989 227 81 Royaux.

282 1087 209 114 27.
401 1087 417 114 L’éruption
729 1087 179 114 du
789 1087 268 114 Vésuve.

453 1248 201 77 Cette
587 1248 291 77 éruption,
811 1248 157 77 qui
900 1248 246 77 couvrit
1079 1248 134 77 la
1147 1248 201 77 ville
1281 1248 134 77 de
1326 1248 134 77 Pom-

396 1302 166 91 péi
491 1302 143 91 de
563 1302 261 91 cendres
753 1302 143 91 et
824 1302 309 91 engloutit
1061 1302 214 91 celle
1180 1302 285 91 d’Hercula-

396 1371 159 95 num
487 1371 181 95 l’an
600 1371 136 95 79
668 1371 136 95 de
736 1371 204 95 l’ère
872 1371 340 95 chrétienne,
1145 1371 181 95 sous
1258 1371 136 95 le
1303 1371 159 95 règne

398 1444 140 73 de
468 1444 233 73 Titus,
631 1444 303 73 détruisit
864 1444 210 73 aussi
1004 1444 140 73 la
1074 1444 210 73 ville
1214 1444 140 73 de
1284 1444 257 73 Stabia,
1447 1444 70 73 »

396 1517 243 76 située
566 1517 121 76 à
614 1517 170 76 peu
711 1517 146 76 de
784 1517 291 76 distance
1002 1517 146 76 du
1075 1517 267 76 volcan.
1269 1517 218 76 C’est
1390 1517 73 76 à

400 1583 231 66 Stabia
562 1583 162 66 que
654 1583 208 66 Pline
792 1583 139 66 le
862 1583 346 66 naturaliste
1139 1583 185 66 vint
1254 1583 139 66 si
1300 1583 162 66 auda-

398 1639 339 84 cieusement
664 1639 266 84 étudier
858 1639 145 84 ce
930 1639 315 84 phénomène
1172 1639 194 84 dont
1294 1639 145 84 il
1342 1639 121 84 fut

400 1729 271 56 victime;
604 1729 136 56 il
671 1729 158 56 est
762 1729 316 56 représenté
1010 1729 248 56 debout,
1191 1729 248 56 dictant
1349 1729 113 56 ses

397 1790 390 65 observations
714 1790 122 65 à
762 1790 146 65 un
835 1790 341 65 affranchi.
1104 1790 146 65 On
1177 1790 195 65 voit
1299 1790 195 65 près
1420 1790 146 65 de

399 1852 155 69 lui
488 1852 133 69 la
554 1852 222 69 statue
709 1852 266 69 équestre
909 1852 133 69 de
975 1852 310 69 Vespasien.
1197 1852 266 69 L’éruption

398 1924 261 64 duroit
580 1924 261 64 depuis
763 1924 313 64 quelques
997 1924 287 64 heures,
1206 1924 234 64 quand
1336 1924 130 64 les

400 1989 255 83 prêtres
585 1989 370 83 descendirent
886 1989 139 83 du
956 1989 232 83 temple
1118 1989 139 83 de
1187 1989 139 83 la
1233 1989 232 83 Victoire

401 2063 277 84 romaine,
609 2063 185 84 pour
724 2063 231 84 offrir
885 2063 138 84 un
955 2063 300 84 sacrifice
1185 2063 161 84 aux
1254 2063 208 84 divini-

404 2139 161 65 tés
496 2139 346 65 infernales.
773 2139 138 65 Le
842 2139 230 65 peuple
1003 2139 138 65 se
1072 2139 253 65 réfugie
1257 2139 184 65 sous
1349 2139 115 65 les

401 2208 230 81 parvis
562 2208 138 81 du
631 2208 253 81 temple;
816 2208 207 81 l’air
954 2208 138 81 se
1023 2208 230 81 charge
1184 2208 184 81 déja
1300 2208 138 81 de
1346 2208 115 81 ma
