2442.51968503937 4242.51968503937
903.9370078740158 300.78740157480314 240.9448818897638 154.33070866141733 (
1001.5748031496063 300.78740157480314 289.76377952755905 154.33070866141733 29
1097.6377952755906 300.78740157480314 144.88188976377953 154.33070866141733 )

330.70866141732284 442.5196850393701 363.7795275590551 119.68503937007874 tières
585.8267716535433 442.5196850393701 581.1023622047244 119.68503937007874 sulfureuses.
1058.267716535433 442.5196850393701 218.89763779527559 119.68503937007874 On
1166.9291338582677 442.5196850393701 436.2204724409449 119.68503937007874 aperçoit
1494.4881889763778 442.5196850393701 255.11811023622047 119.68503937007874 sur
1639.3700787401574 442.5196850393701 218.89763779527559 119.68503937007874 le
1711.8110236220473 442.5196850393701 291.33858267716533 119.68503937007874 second

332.2834645669291 546.4566929133858 302.3622047244094 132.28346456692913 plan
521.2598425196851 546.4566929133858 264.56692913385825 132.28346456692913 les
672.4409448818898 546.4566929133858 530.7086614173228 132.28346456692913 obélisques
1089.763779527559 546.4566929133858 492.9133858267717 132.28346456692913 consacrés
1467.716535433071 546.4566929133858 188.9763779527559 132.28346456692913 à
1543.3070866141732 546.4566929133858 417.3228346456693 132.28346456692913 Osiris,
1809.4488188976377 546.4566929133858 188.9763779527559 132.28346456692913 son

335.43307086614175 675.5905511811023 396.8503937007874 86.61417322834646 temple,
625.1968503937007 675.5905511811023 324.40944881889766 86.61417322834646 celui
840.9448818897638 675.5905511811023 217.3228346456693 86.61417322834646 de
949.6062992125984 675.5905511811023 396.8503937007874 86.61417322834646 Jupiter
1237.7952755905512 675.5905511811023 324.40944881889766 86.61417322834646 placé
1455.1181102362204 675.5905511811023 253.54330708661416 86.61417322834646 sur
1600.0 675.5905511811023 217.3228346456693 86.61417322834646 la
1672.4409448818897 675.5905511811023 324.40944881889766 86.61417322834646 colliné

333.8582677165354 770.0787401574803 442.5196850393701 121.25984251968504 dominant
666.1417322834645 770.0787401574803 222.04724409448818 121.25984251968504 le
776.3779527559055 770.0787401574803 442.5196850393701 121.25984251968504 quartier
1108.6614173228347 770.0787401574803 258.26771653543307 121.25984251968504 des
1256.6929133858268 770.0787401574803 516.5354330708661 121.25984251968504 prétoriens
1662.992125984252 770.0787401574803 258.26771653543307 121.25984251968504 qui
1773.2283464566929 770.0787401574803 222.04724409448818 121.25984251968504 cou-

330.70866141732284 894.488188976378 357.4803149606299 103.93700787401575 ronne
568.503937007874 894.488188976378 278.74015748031496 103.93700787401575 les
727.5590551181102 894.488188976378 516.5354330708661 103.93700787401575 hauteurs:
1124.4094488188975 894.488188976378 436.2204724409449 103.93700787401575 Pompéi,
1442.5196850393702 894.488188976378 477.1653543307087 103.93700787401575 couverte
1760.6299212598426 894.488188976378 237.79527559055117 103.93700787401575 d’un

333.8582677165354 998.4251968503937 319.68503937007875 125.98425196850394 voile
546.4566929133858 998.4251968503937 212.5984251968504 125.98425196850394 de
651.9685039370079 998.4251968503937 425.1968503937008 125.98425196850394 cendres,
971.6535433070866 998.4251968503937 354.3307086614173 125.98425196850394 paroît
1218.8976377952756 998.4251968503937 177.95275590551182 125.98425196850394 à
1289.763779527559 998.4251968503937 319.68503937007875 125.98425196850394 peine
1502.3622047244094 998.4251968503937 283.46456692913387 125.98425196850394 dans
1680.3149606299212 998.4251968503937 212.5984251968504 125.98425196850394 le
1751.1811023622047 998.4251968503937 248.8188976377953 125.98425196850394 loin-

329.13385826771656 1102.3622047244094 341.73228346456693 103.93700787401575 tain.
557.4803149606299 1102.3622047244094 228.3464566929134 103.93700787401575 Le
670.8661417322835 1102.3622047244094 455.11811023622045 103.93700787401575 faubourg
1012.5984251968504 1102.3622047244094 645.6692913385826 103.93700787401575 d’Herculanum,
1544.8818897637796 1102.3622047244094 266.1417322834646 103.93700787401575 qui
1658.267716535433 1102.3622047244094 341.73228346456693 103.93700787401575 termine

330.70866141732284 1215.748031496063 228.3464566929134 121.25984251968504 la
444.09448818897636 1215.748031496063 379.5275590551181 121.25984251968504 gauche
710.2362204724409 1215.748031496063 228.3464566929134 121.25984251968504 du
823.6220472440945 1215.748031496063 455.11811023622045 121.25984251968504 tableau,
1165.3543307086613 1215.748031496063 266.1417322834646 121.25984251968504 est
1316.5354330708662 1215.748031496063 303.93700787401576 121.25984251968504 déjà
1507.0866141732283 1215.748031496063 228.3464566929134 121.25984251968504 la
1620.4724409448818 1215.748031496063 341.73228346456693 121.25984251968504 proie
1811.023622047244 1215.748031496063 188.9763779527559 121.25984251968504 des

329.13385826771656 1311.8110236220473 489.76377952755905 103.93700787401575 flammes.
696.0629921259842 1311.8110236220473 285.03937007874015 103.93700787401575 Peu
859.8425196850394 1311.8110236220473 244.09448818897638 103.93700787401575 de
981.1023622047244 1311.8110236220473 448.81889763779526 103.93700787401575 moments
1307.0866141732283 1311.8110236220473 366.92913385826773 103.93700787401575 après
1551.1811023622047 1311.8110236220473 407.87401574803147 103.93700787401575 toutes
1796.8503937007874 1311.8110236220473 203.1496062992126 103.93700787401575 ces

332.2834645669291 1447.244094488189 387.40157480314963 92.91338582677166 villes
604.7244094488188 1447.244094488189 387.40157480314963 92.91338582677166 furent
875.5905511811023 1447.244094488189 543.3070866141733 92.91338582677166 consumées,
1302.3622047244094 1447.244094488189 543.3070866141733 92.91338582677166 renversées
1729.1338582677165 1447.244094488189 270.86614173228344 92.91338582677166 par
1845.6692913385828 1447.244094488189 154.33070866141733 92.91338582677166 le

333.8582677165354 1535.4330708661416 581.1023622047244 96.06299212598425 tremblement
798.4251968503937 1535.4330708661416 231.49606299212599 96.06299212598425 de
914.9606299212599 1535.4330708661416 387.40157480314963 96.06299212598425 terre;
1185.8267716535433 1535.4330708661416 310.23622047244095 96.06299212598425 tout
1379.5275590551182 1535.4330708661416 348.0314960629921 96.06299212598425 périt
1611.023622047244 1535.4330708661416 231.49606299212599 96.06299212598425 au
1688.1889763779527 1535.4330708661416 310.23622047244095 96.06299212598425 milieu

332.2834645669291 1634.6456692913387 244.09448818897638 130.70866141732284 de
455.11811023622045 1634.6456692913387 244.09448818897638 130.70866141732284 la
576.3779527559055 1634.6456692913387 325.98425196850394 130.70866141732284 plus
781.1023622047244 1634.6456692913387 651.9685039370079 130.70866141732284 épouvantable
1310.236220472441 1634.6456692913387 570.0787401574803 130.70866141732284 convulsion
1757.4803149606298 1634.6456692913387 244.09448818897638 130.70866141732284 de
1839.3700787401574 1634.6456692913387 162.20472440944883 130.70866141732284 la

297.6377952755906 1754.3307086614172 341.73228346456693 102.36220472440945 nature.

166.9291338582677 2020.4724409448818 278.74015748031496 157.48031496062993 Les
325.98425196850394 2020.4724409448818 398.4251968503937 157.48031496062993 frères
604.7244094488188 2020.4724409448818 439.37007874015745 157.48031496062993 FRANQUE
924.4094488188977 2020.4724409448818 439.37007874015745 157.48031496062993 (Pierre
1244.0944881889764 2020.4724409448818 239.37007874015748 157.48031496062993 et
1363.7795275590552 2020.4724409448818 478.74015748031496 157.48031496062993 Joseph),
1722.8346456692914 2020.4724409448818 278.74015748031496 157.48031496062993 nés
1842.5196850393702 2020.4724409448818 159.0551181102362 157.48031496062993 au

458.26771653543307 2181.1023622047246 360.62992125984255 107.08661417322834 Buis,
697.6377952755905 2181.1023622047246 601.5748031496063 107.08661417322834 département
1179.5275590551182 2181.1023622047246 240.9448818897638 107.08661417322834 de
1299.2125984251968 2181.1023622047246 240.9448818897638 107.08661417322834 la
1379.5275590551182 2181.1023622047246 321.25984251968504 107.08661417322834 Drôme.

165.35433070866142 2322.834645669291 313.38582677165357 122.83464566929133 28.
343.3070866141732 2322.834645669291 492.9133858267717 122.83464566929133 Daphnis
702.3622047244095 2322.834645669291 537.007874015748 122.83464566929133 montrant
1105.5118110236222 2322.834645669291 223.6220472440945 122.83464566929133 à
1193.7007874015749 2322.834645669291 403.1496062992126 122.83464566929133 jouer
1462.992125984252 2322.834645669291 269.29133858267716 122.83464566929133 de
1596.8503937007874 2322.834645669291 269.29133858267716 122.83464566929133 la
1686.6141732283465 2322.834645669291 313.38582677165357 122.83464566929133 flûte

261.4173228346457 2450.3937007874015 239.37007874015748 148.03149606299212 à
308.66141732283467 2450.3937007874015 382.6771653543307 148.03149606299212 Chloé.

428.34645669291336 2587.4015748031497 225.1968503937008 121.25984251968504 Ce
541.7322834645669 2587.4015748031497 337.00787401574803 121.25984251968504 sujet
765.3543307086615 2587.4015748031497 261.4173228346457 121.25984251968504 est
914.9606299212599 2587.4015748031497 299.21259842519686 121.25984251968504 tiré
1102.3622047244094 2587.4015748031497 299.21259842519686 121.25984251968504 d’un
1289.763779527559 2587.4015748031497 337.00787401574803 121.25984251968504 roman
1513.3858267716535 2587.4015748031497 299.21259842519686 121.25984251968504 grec
1700.7874015748032 2587.4015748031497 225.1968503937008 121.25984251968504 de
1774.8031496062993 2587.4015748031497 225.1968503937008 121.25984251968504 Lon-

340.15748031496065 2703.9370078740158 310.23622047244095 146.45669291338584 gus,
533.8582677165355 2703.9370078740158 425.1968503937008 146.45669291338584 traduit
844.0944881889764 2703.9370078740158 231.49606299212599 146.45669291338584 en
960.6299212598425 2703.9370078740158 464.56692913385825 146.45669291338584 françois
1308.6614173228347 2703.9370078740158 270.86614173228344 146.45669291338584 par
1462.992125984252 2703.9370078740158 387.40157480314963 146.45669291338584 Amyot,
1733.8582677165355 2703.9370078740158 231.49606299212599 146.45669291338584 et
1811.023622047244 2703.9370078740158 193.70078740157481 146.45669291338584 qui

344.88188976377955 2836.220472440945 255.11811023622047 107.08661417322834 est
489.76377952755905 2836.220472440945 436.2204724409449 107.08661417322834 intitulé
817.3228346456693 2836.220472440945 255.11811023622047 107.08661417322834 les
963.7795275590552 2836.220472440945 363.7795275590551 107.08661417322834 Amours
1218.8976377952756 2836.220472440945 218.89763779527559 107.08661417322834 de
1327.5590551181103 2836.220472440945 400.0 107.08661417322834 Daphnis
1618.8976377952756 2836.220472440945 218.89763779527559 107.08661417322834 et
1691.3385826771653 2836.220472440945 291.33858267716533 107.08661417322834 Chloé.

426.7716535433071 2924.4094488188975 414.1732283464567 116.53543307086615 Suivant
727.5590551181102 2924.4094488188975 225.1968503937008 116.53543307086615 le
840.9448818897638 2924.4094488188975 376.37795275590554 116.53543307086615 roman,
1103.9370078740158 2924.4094488188975 414.1732283464567 116.53543307086615 Daphnis
1406.2992125984251 2924.4094488188975 225.1968503937008 116.53543307086615 et
1518.1102362204724 2924.4094488188975 376.37795275590554 116.53543307086615 Chloé,
1744.8818897637796 2924.4094488188975 262.99212598425197 116.53543307086615 aban-

343.3070866141732 3031.496062992126 377.9527559055118 110.23622047244095 donnés
607.8740157480315 3031.496062992126 264.56692913385825 110.23622047244095 par
759.0551181102362 3031.496062992126 340.15748031496065 110.23622047244095 leurs
987.4015748031496 3031.496062992126 455.11811023622045 110.23622047244095 parents,
1327.5590551181103 3031.496062992126 377.9527559055118 110.23622047244095 furent
1554.3307086614172 3031.496062992126 455.11811023622045 110.23622047244095 recueillis

351.18110236220474 3168.503937007874 258.26771653543307 89.76377952755905 par
497.6377952755906 3168.503937007874 258.26771653543307 89.76377952755905 des
645.6692913385826 3168.503937007874 404.7244094488189 89.76377952755905 bergers
938.5826771653543 3168.503937007874 258.26771653543307 89.76377952755905 qui
1086.6141732283465 3168.503937007874 258.26771653543307 89.76377952755905 les
1233.0708661417323 3168.503937007874 514.9606299212599 89.76377952755905 élevèrent.
1637.7952755905512 3168.503937007874 330.70866141732284 89.76377952755905 Quand
1822.0472440944882 3168.503937007874 184.251968503937 89.76377952755905 ils

348.0314960629921 3258.267716535433 338.5826771653543 110.23622047244095 furent
584.2519685039371 3258.267716535433 371.65354330708664 110.23622047244095 grands,
855.1181102362204 3258.267716535433 203.1496062992126 110.23622047244095 on
955.9055118110236 3258.267716535433 270.86614173228344 110.23622047244095 leur
1125.984251968504 3258.267716535433 338.5826771653543 110.23622047244095 apprit
1362.2047244094488 3258.267716535433 338.5826771653543 110.23622047244095 l’état
1598.4251968503936 3258.267716535433 203.1496062992126 110.23622047244095 de
1666.1417322834645 3258.267716535433 338.5826771653543 110.23622047244095 pasteur.

343.3070866141732 3360.6299212598424 258.26771653543307 107.08661417322834 Ils
489.76377952755905 3360.6299212598424 516.5354330708661 107.08661417322834 s’aimèrent
896.0629921259842 3360.6299212598424 258.26771653543307 107.08661417322834 dès
1044.0944881889764 3360.6299212598424 296.06299212598424 107.08661417322834 leur
1228.3464566929133 3360.6299212598424 296.06299212598424 107.08661417322834 plus
1414.1732283464567 3360.6299212598424 370.0787401574803 107.08661417322834 tendre
1634.6456692913387 3360.6299212598424 370.0787401574803 107.08661417322834 enfance.

341.73228346456693 3467.716535433071 417.3228346456693 114.96062992125984 Souvent
644.0944881889764 3467.716535433071 264.56692913385825 114.96062992125984 ils
796.8503937007874 3467.716535433071 492.9133858267717 114.96062992125984 faisoient
1174.8031496062993 3467.716535433071 377.9527559055118 114.96062992125984 paître
1439.3700787401574 3467.716535433071 455.11811023622045 114.96062992125984 ensemble
1743.3070866141732 3467.716535433071 264.56692913385825 114.96062992125984 leurs

1445.6692913385828 3585.8267716535433 170.07874015748033 103.93700787401575 3.
