1551 2694
574 191 153 98 (
636 191 184 98 29
697 191 92 98 )

210 281 231 76 tières
372 281 369 76 sulfureuses.
672 281 139 76 On
741 281 277 76 aperçoit
949 281 162 76 sur
1041 281 139 76 le
1087 281 185 76 second

211 347 192 84 plan
331 347 168 84 les
427 347 337 84 obélisques
692 347 313 84 consacrés
932 347 120 84 à
980 347 265 84 Osiris,
1149 347 120 84 son

213 429 252 55 temple,
397 429 206 55 celui
534 429 138 55 de
603 429 252 55 Jupiter
786 429 206 55 placé
924 429 161 55 sur
1016 429 138 55 la
1062 429 206 55 colliné

212 489 281 77 dominant
423 489 141 77 le
493 489 281 77 quartier
704 489 164 77 des
798 489 328 77 prétoriens
1056 489 164 77 qui
1126 489 141 77 cou-

210 568 227 66 ronne
361 568 177 66 les
462 568 328 66 hauteurs:
714 568 277 66 Pompéi,
916 568 303 66 couverte
1118 568 151 66 d’un

212 634 203 80 voile
347 634 135 80 de
414 634 270 80 cendres,
617 634 225 80 paroît
774 634 113 80 à
819 634 203 80 peine
954 634 180 80 dans
1067 634 135 80 le
1112 634 158 80 loin-

209 700 217 66 tain.
354 700 145 66 Le
426 700 289 66 faubourg
643 700 410 66 d’Herculanum,
981 700 169 66 qui
1053 700 217 66 termine

210 772 145 77 la
282 772 241 77 gauche
451 772 145 77 du
523 772 289 77 tableau,
740 772 169 77 est
836 772 193 77 déjà
957 772 145 77 la
1029 772 217 77 proie
1150 772 120 77 des

209 833 311 66 flammes.
442 833 181 66 Peu
546 833 155 66 de
623 833 285 66 moments
830 833 233 66 après
985 833 259 66 toutes
1141 833 129 66 ces

211 919 246 59 villes
384 919 246 59 furent
556 919 345 59 consumées,
827 919 345 59 renversées
1098 919 172 59 par
1172 919 98 59 le

212 975 369 61 tremblement
507 975 147 61 de
581 975 246 61 terre;
753 975 197 61 tout
876 975 221 61 périt
1023 975 147 61 au
1072 975 197 61 milieu

211 1038 155 83 de
289 1038 155 83 la
366 1038 207 83 plus
496 1038 414 83 épouvantable
832 1038 362 83 convulsion
1116 1038 155 83 de
1168 1038 103 83 la

189 1114 217 65 nature.

106 1283 177 100 Les
207 1283 253 100 frères
384 1283 279 100 FRANQUE
587 1283 279 100 (Pierre
790 1283 152 100 et
866 1283 304 100 Joseph),
1094 1283 177 100 nés
1170 1283 101 100 au

291 1385 229 68 Buis,
443 1385 382 68 département
749 1385 153 68 de
825 1385 153 68 la
876 1385 204 68 Drôme.

105 1475 199 78 28.
218 1475 313 78 Daphnis
446 1475 341 78 montrant
702 1475 142 78 à
758 1475 256 78 jouer
929 1475 171 78 de
1014 1475 171 78 la
1071 1475 199 78 flûte

166 1556 152 94 à
196 1556 243 94 Chloé.

272 1643 143 77 Ce
344 1643 214 77 sujet
486 1643 166 77 est
581 1643 190 77 tiré
700 1643 190 77 d’un
819 1643 214 77 roman
961 1643 190 77 grec
1080 1643 143 77 de
1127 1643 143 77 Lon-

216 1717 197 93 gus,
339 1717 270 93 traduit
536 1717 147 93 en
610 1717 295 93 françois
831 1717 172 93 par
929 1717 246 93 Amyot,
1101 1717 147 93 et
1150 1717 123 93 qui

219 1801 162 68 est
311 1801 277 68 intitulé
519 1801 162 68 les
612 1801 231 68 Amours
774 1801 139 68 de
843 1801 254 68 Daphnis
1028 1801 139 68 et
1074 1801 185 68 Chloé.

271 1857 263 74 Suivant
462 1857 143 74 le
534 1857 239 74 roman,
701 1857 263 74 Daphnis
893 1857 143 74 et
964 1857 239 74 Chloé,
1108 1857 167 74 aban-

218 1925 240 70 donnés
386 1925 168 70 par
482 1925 216 70 leurs
627 1925 289 70 parents,
843 1925 240 70 furent
987 1925 289 70 recueillis

223 2012 164 57 par
316 2012 164 57 des
410 2012 257 57 bergers
596 2012 164 57 qui
690 2012 164 57 les
783 2012 327 57 élevèrent.
1040 2012 210 57 Quand
1157 2012 117 57 ils

221 2069 215 70 furent
371 2069 236 70 grands,
543 2069 129 70 on
607 2069 172 70 leur
715 2069 215 70 apprit
865 2069 215 70 l’état
1015 2069 129 70 de
1058 2069 215 70 pasteur.

218 2134 164 68 Ils
311 2134 328 68 s’aimèrent
569 2134 164 68 dès
663 2134 188 68 leur
780 2134 188 68 plus
898 2134 235 68 tendre
1038 2134 235 68 enfance.

217 2202 265 73 Souvent
409 2202 168 73 ils
506 2202 313 73 faisoient
746 2202 240 73 paître
914 2202 289 73 ensemble
1107 2202 168 73 leurs

918 2277 108 66 3.
