2442.51968503937 4247.244094488189
889.7637795275591 259.84251968503935 239.37007874015748 170.07874015748033 (
937.007874015748 259.84251968503935 286.61417322834643 170.07874015748033 31.)

148.03149606299212 448.81889763779526 834.6456692913385 149.60629921259843 GIRODET-TRIOSON,
858.2677165354331 448.81889763779526 417.3228346456693 149.60629921259843 membre
1151.1811023622047 448.81889763779526 250.39370078740157 149.60629921259843 de
1275.5905511811025 448.81889763779526 626.7716535433071 149.60629921259843 l’Institut,
1735.4330708661416 448.81889763779526 250.39370078740157 149.60629921259843 che-

237.79527559055117 576.3779527559055 343.3070866141732 102.36220472440945 valier
478.74015748031496 576.3779527559055 240.9448818897638 102.36220472440945 des
615.7480314960629 576.3779527559055 343.3070866141732 102.36220472440945 Ordres
856.6929133858267 576.3779527559055 206.29921259842519 102.36220472440945 de
959.0551181102362 576.3779527559055 549.6062992125984 102.36220472440945 Saint-Michel
1406.2992125984251 576.3779527559055 206.29921259842519 102.36220472440945 et
1510.236220472441 576.3779527559055 206.29921259842519 102.36220472440945 de
1612.5984251968505 576.3779527559055 206.29921259842519 102.36220472440945 la
1681.8897637795276 576.3779527559055 308.66141732283467 102.36220472440945 Légion-

229.92125984251967 691.3385826771654 585.8267716535433 108.66141732283465 d’Honneur,
691.3385826771654 691.3385826771654 250.39370078740157 108.66141732283465 né
815.7480314960629 691.3385826771654 209.4488188976378 108.66141732283465 à
899.2125984251968 691.3385826771654 585.8267716535433 108.66141732283465 Montargis,
1360.6299212598426 691.3385826771654 626.7716535433071 108.66141732283465 département
1820.4724409448818 691.3385826771654 166.9291338582677 108.66141732283465 du

198.4251968503937 796.8503937007874 333.8582677165354 113.38582677165354 Loiret.

149.60629921259843 990.5511811023622 330.70866141732284 198.4251968503937 30.
338.5826771653543 990.5511811023622 425.1968503937008 198.4251968503937 Scène
622.0472440944882 990.5511811023622 283.46456692913387 198.4251968503937 du
718.1102362204724 990.5511811023622 425.1968503937008 198.4251968503937 Déluge.

409.4488188976378 1185.8267716535433 346.45669291338584 96.06299212598425 Après
639.3700787401575 1185.8267716535433 231.49606299212599 96.06299212598425 la
755.9055118110236 1185.8267716535433 308.66141732283467 96.06299212598425 mort
948.0314960629921 1185.8267716535433 385.8267716535433 96.06299212598425 d’Adam
1217.3228346456692 1185.8267716535433 500.78740157480314 96.06299212598425 l’impiété
1603.1496062992126 1185.8267716535433 231.49606299212599 96.06299212598425 et
1718.1102362204724 1185.8267716535433 231.49606299212599 96.06299212598425 la
1795.275590551181 1185.8267716535433 192.1259842519685 96.06299212598425 mé-

319.68503937007875 1275.5905511811025 455.11811023622045 138.58267716535434 chanceté
659.8425196850394 1275.5905511811025 264.56692913385825 138.58267716535434 des
812.5984251968504 1275.5905511811025 377.9527559055118 138.58267716535434 hommes
1077.1653543307086 1275.5905511811025 377.9527559055118 138.58267716535434 furent
1341.732283464567 1275.5905511811025 417.3228346456693 138.58267716535434 portées
1645.6692913385828 1275.5905511811025 188.9763779527559 138.58267716535434 à
1721.259842519685 1275.5905511811025 226.77165354330708 138.58267716535434 un
1796.8503937007874 1275.5905511811025 188.9763779527559 138.58267716535434 tel

324.40944881889766 1398.4251968503936 362.20472440944883 111.81102362204724 excès,
577.9527559055118 1398.4251968503936 253.54330708661416 111.81102362204724 que
722.8346456692914 1398.4251968503936 289.76377952755905 111.81102362204724 Dieu
903.9370078740158 1398.4251968503936 398.4251968503937 111.81102362204724 résolut
1192.1259842519685 1398.4251968503936 217.3228346456693 111.81102362204724 de
1300.7874015748032 1398.4251968503936 253.54330708661416 111.81102362204724 les
1445.6692913385828 1398.4251968503936 507.0866141732283 111.81102362204724 exterminer
1807.8740157480315 1398.4251968503936 181.10236220472441 111.81102362204724 par

325.98425196850394 1499.2125984251968 226.77165354330708 122.83464566929133 un
439.37007874015745 1499.2125984251968 377.9527559055118 122.83464566929133 déluge
703.9370078740158 1499.2125984251968 529.1338582677165 122.83464566929133 universel.
1119.6850393700788 1499.2125984251968 264.56692913385825 122.83464566929133 Une
1270.8661417322835 1499.2125984251968 340.15748031496065 122.83464566929133 pluie
1497.6377952755906 1499.2125984251968 453.54330708661416 122.83464566929133 violente
1800.0 1499.2125984251968 188.9763779527559 122.83464566929133 qui

327.5590551181102 1629.9212598425197 289.76377952755905 96.06299212598425 dura
508.66141732283467 1629.9212598425197 434.6456692913386 96.06299212598425 quarante
834.6456692913385 1629.9212598425197 325.98425196850394 96.06299212598425 jours
1051.9685039370079 1629.9212598425197 217.3228346456693 96.06299212598425 et
1160.6299212598426 1629.9212598425197 434.6456692913386 96.06299212598425 quarante
1488.1889763779527 1629.9212598425197 325.98425196850394 96.06299212598425 nuits
1669.291338582677 1629.9212598425197 325.98425196850394 96.06299212598425 couvrit

324.40944881889766 1713.3858267716535 318.1102362204724 137.00787401574803 d’eau
535.4330708661417 1713.3858267716535 211.0236220472441 137.00787401574803 la
640.9448818897638 1713.3858267716535 388.9763779527559 137.00787401574803 surface
924.4094488188977 1713.3858267716535 211.0236220472441 137.00787401574803 de
1029.9212598425197 1713.3858267716535 211.0236220472441 137.00787401574803 la
1135.4330708661416 1713.3858267716535 352.755905511811 137.00787401574803 terre;
1382.6771653543308 1713.3858267716535 281.8897637795276 137.00787401574803 tous
1559.0551181102362 1713.3858267716535 247.24409448818898 137.00787401574803 les
1664.5669291338584 1713.3858267716535 318.1102362204724 137.00787401574803 hommes,

327.5590551181102 1823.6220472440946 296.06299212598424 148.03149606299212 tous
511.81102362204723 1823.6220472440946 258.26771653543307 148.03149606299212 les
659.8425196850394 1823.6220472440946 406.2992125984252 148.03149606299212 animaux
954.3307086614174 1823.6220472440946 442.5196850393701 148.03149606299212 périrent
1286.6141732283465 1823.6220472440946 296.06299212598424 148.03149606299212 dans
1472.4409448818897 1823.6220472440946 332.2834645669291 148.03149606299212 cette
1656.6929133858268 1823.6220472440946 332.2834645669291 148.03149606299212 inonda-

330.70866141732284 1952.755905511811 318.1102362204724 97.63779527559055 tion,
541.7322834645669 1952.755905511811 176.3779527559055 97.63779527559055 à
612.5984251968504 1952.755905511811 212.5984251968504 97.63779527559055 la
718.1102362204724 1952.755905511811 388.9763779527559 97.63779527559055 réserve
1001.5748031496063 1952.755905511811 212.5984251968504 97.63779527559055 de
1107.0866141732283 1952.755905511811 281.8897637795276 97.63779527559055 ceux
1283.4645669291338 1952.755905511811 247.24409448818898 97.63779527559055 qui
1425.1968503937007 1952.755905511811 388.9763779527559 97.63779527559055 étoient
1672.4409448818897 1952.755905511811 318.1102362204724 97.63779527559055 renfer-

324.40944881889766 2040.9448818897638 261.4173228346457 122.83464566929133 més
474.01574803149606 2040.9448818897638 299.21259842519686 122.83464566929133 dans
623.6220472440945 2040.9448818897638 373.2283464566929 122.83464566929133 l’arche.

409.4488188976378 2149.6062992125985 220.4724409448819 140.15748031496062 M.
519.6850393700787 2149.6062992125985 439.37007874015745 140.15748031496062 Girodet,
848.8188976377953 2149.6062992125985 220.4724409448819 140.15748031496062 ne
959.0551181102362 2149.6062992125985 403.1496062992126 140.15748031496062 voulant
1251.9685039370079 2149.6062992125985 366.92913385826773 140.15748031496062 rendre
1508.6614173228347 2149.6062992125985 366.92913385826773 140.15748031496062 qu’une
1729.1338582677165 2149.6062992125985 256.6929133858268 140.15748031496062 scène

324.40944881889766 2258.267716535433 226.77165354330708 119.68503937007874 du
437.79527559055117 2258.267716535433 417.3228346456693 119.68503937007874 déluge,
740.1574803149606 2258.267716535433 188.9763779527559 119.68503937007874 a
817.3228346456693 2258.267716535433 417.3228346456693 119.68503937007874 imaginé
1119.6850393700788 2258.267716535433 264.56692913385825 119.68503937007874 une
1270.8661417322835 2258.267716535433 264.56692913385825 119.68503937007874 des
1422.0472440944882 2258.267716535433 530.7086614173228 119.68503937007874 situations
1801.5748031496064 2258.267716535433 188.9763779527559 119.68503937007874 les

327.5590551181102 2366.9291338582675 288.18897637795277 111.81102362204724 plus
508.66141732283467 2366.9291338582675 505.51181102362204 111.81102362204724 terribles.
905.511811023622 2366.9291338582675 217.3228346456693 111.81102362204724 Il
1014.1732283464567 2366.9291338582675 181.10236220472441 111.81102362204724 a
1086.6141732283465 2366.9291338582675 505.51181102362204 111.81102362204724 représenté
1483.4645669291338 2366.9291338582675 217.3228346456693 111.81102362204724 un
1592.1259842519685 2366.9291338582675 324.40944881889766 111.81102362204724 homme
1771.6535433070867 2366.9291338582675 217.3228346456693 111.81102362204724 dans

330.70866141732284 2477.165354330709 207.8740157480315 137.00787401574803 la
434.6456692913386 2477.165354330709 379.5275590551181 137.00787401574803 vigueur
710.2362204724409 2477.165354330709 207.8740157480315 137.00787401574803 de
814.1732283464567 2477.165354330709 344.88188976377955 137.00787401574803 l’âge,
1056.6929133858268 2477.165354330709 379.5275590551181 137.00787401574803 luttant
1332.283464566929 2477.165354330709 344.88188976377955 137.00787401574803 contre
1574.8031496062993 2477.165354330709 207.8740157480315 137.00787401574803 la
1678.740157480315 2477.165354330709 310.23622047244095 137.00787401574803 mort,
1850.3937007874015 2477.165354330709 138.58267716535434 137.00787401574803 et

330.70866141732284 2576.3779527559054 480.31496062992125 121.25984251968504 cherchant
699.2125984251968 2576.3779527559054 184.251968503937 121.25984251968504 à
773.2283464566929 2576.3779527559054 368.503937007874 121.25984251968504 sauver
1031.4960629921259 2576.3779527559054 258.26771653543307 121.25984251968504 son
1179.5275590551182 2576.3779527559054 332.2834645669291 121.25984251968504 père,
1400.0 2576.3779527559054 222.04724409448818 121.25984251968504 sa
1510.236220472441 2576.3779527559054 332.2834645669291 121.25984251968504 femme
1732.283464566929 2576.3779527559054 222.04724409448818 121.25984251968504 et
1806.2992125984251 2576.3779527559054 184.251968503937 121.25984251968504 ses

330.70866141732284 2697.6377952755906 451.9685039370079 118.11023622047244 enfants.
669.2913385826772 2697.6377952755906 226.77165354330708 118.11023622047244 Ce
782.6771653543307 2697.6377952755906 527.5590551181102 118.11023622047244 malheureux
1196.8503937007874 2697.6377952755906 264.56692913385825 118.11023622047244 est
1348.0314960629921 2697.6377952755906 414.1732283464567 118.11023622047244 parvenu
1650.3937007874015 2697.6377952755906 188.9763779527559 118.11023622047244 à
1688.1889763779527 2697.6377952755906 300.78740157480314 118.11023622047244 gravir

330.70866141732284 2815.748031496063 289.76377952755905 99.21259842519684 avec
511.81102362204723 2815.748031496063 253.54330708661416 99.21259842519684 eux
656.6929133858267 2815.748031496063 217.3228346456693 99.21259842519684 au
765.3543307086615 2815.748031496063 362.20472440944883 99.21259842519684 sommet
1017.3228346456693 2815.748031496063 289.76377952755905 99.21259842519684 d’un
1198.4251968503936 2815.748031496063 398.4251968503937 99.21259842519684 rocher,
1488.1889763779527 2815.748031496063 217.3228346456693 99.21259842519684 et
1595.275590551181 2815.748031496063 181.10236220472441 99.21259842519684 à
1631.4960629921259 2815.748031496063 362.20472440944883 99.21259842519684 s’accro-

329.13385826771656 2905.511811023622 300.78740157480314 110.23622047244095 cher
518.1102362204724 2905.511811023622 188.9763779527559 110.23622047244095 à
593.7007874015748 2905.511811023622 264.56692913385825 110.23622047244095 une
743.3070866141733 2905.511811023622 414.1732283464567 110.23622047244095 branche
1045.6692913385828 2905.511811023622 451.9685039370079 110.23622047244095 d’arbre;
1384.251968503937 2905.511811023622 300.78740157480314 110.23622047244095 mais
1573.2283464566929 2905.511811023622 226.77165354330708 110.23622047244095 la
1648.8188976377953 2905.511811023622 338.5826771653543 110.23622047244095 branche

330.70866141732284 3028.3464566929133 207.8740157480315 114.96062992125984 se
434.6456692913386 3028.3464566929133 346.45669291338584 114.96062992125984 rompt,
677.1653543307086 3028.3464566929133 207.8740157480315 114.96062992125984 et
779.5275590551181 3028.3464566929133 311.81102362204723 114.96062992125984 toute
987.4015748031496 3028.3464566929133 311.81102362204723 114.96062992125984 cette
1195.275590551181 3028.3464566929133 381.1023622047244 114.96062992125984 famille
1472.4409448818897 3028.3464566929133 207.8740157480315 114.96062992125984 va
1576.3779527559054 3028.3464566929133 346.45669291338584 114.96062992125984 rouler
1782.6771653543308 3028.3464566929133 207.8740157480315 114.96062992125984 dans

325.98425196850394 3114.9606299212596 455.11811023622045 100.78740157480316 l’abyme.
667.7165354330708 3114.9606299212596 266.1417322834646 100.78740157480316 Une
818.8976377952756 3114.9606299212596 379.5275590551181 100.78740157480316 bourse
1085.0393700787401 3114.9606299212596 266.1417322834646 100.78740157480316 que
1236.2204724409448 3114.9606299212596 303.93700787401576 100.78740157480316 l’on
1426.7716535433071 3114.9606299212596 455.11811023622045 100.78740157480316 remarque
1729.1338582677165 3114.9606299212596 266.1417322834646 100.78740157480316 entre

327.5590551181102 3209.448818897638 264.56692913385825 162.20472440944883 les
478.74015748031496 3209.448818897638 340.15748031496065 162.20472440944883 mains
705.511811023622 3209.448818897638 226.77165354330708 162.20472440944883 du
818.8976377952756 3209.448818897638 491.33858267716533 162.20472440944883 vieillard
1198.4251968503936 3209.448818897638 415.748031496063 162.20472440944883 indique
1500.7874015748032 3209.448818897638 302.3622047244094 162.20472440944883 qu’à
1689.763779527559 3209.448818897638 264.56692913385825 162.20472440944883 cet
1803.1496062992126 3209.448818897638 188.9763779527559 162.20472440944883 âge

329.13385826771656 3348.031496062992 225.1968503937008 118.11023622047244 on
442.5196850393701 3348.031496062992 489.76377952755905 118.11023622047244 s’attache
818.8976377952756 3348.031496062992 752.7559055118111 118.11023622047244 particulièrement
1458.267716535433 3348.031496062992 188.9763779527559 118.11023622047244 à
1533.8582677165355 3348.031496062992 225.1968503937008 118.11023622047244 ce
1647.244094488189 3348.031496062992 262.99212598425197 118.11023622047244 qui
1760.6299212598426 3348.031496062992 225.1968503937008 118.11023622047244 peut

330.70866141732284 3447.244094488189 453.54330708661416 143.30708661417322 satisfaire
688.1889763779527 3447.244094488189 226.77165354330708 143.30708661417322 les
817.3228346456693 3447.244094488189 357.4803149606299 143.30708661417322 besoins
1077.1653543307086 3447.244094488189 195.2755905511811 143.30708661417322 de
1174.8031496062993 3447.244094488189 195.2755905511811 143.30708661417322 la
1239.3700787401574 3447.244094488189 195.2755905511811 143.30708661417322 vie.
