2518.1102362204724 4346.456692913386
1127.5590551181103 300.78740157480314 236.2204724409449 141.73228346456693 (
1222.0472440944882 300.78740157480314 283.46456692913387 141.73228346456693 32
1316.5354330708662 300.78740157480314 141.73228346456693 141.73228346456693 )

456.6929133858268 422.0472440944882 225.1968503937008 168.50393700787401 Ce
570.0787401574803 422.0472440944882 451.9685039370079 168.50393700787401 tableau,
908.6614173228346 422.0472440944882 376.37795275590554 168.50393700787401 exposé
1171.6535433070867 422.0472440944882 225.1968503937008 168.50393700787401 au
1285.0393700787401 422.0472440944882 338.5826771653543 168.50393700787401 salon
1510.236220472441 422.0472440944882 225.1968503937008 168.50393700787401 de
1623.6220472440946 422.0472440944882 338.5826771653543 168.50393700787401 1816,
1848.8188976377953 422.0472440944882 187.4015748031496 168.50393700787401 a
1924.4094488188975 422.0472440944882 262.99212598425197 168.50393700787401 été
2037.7952755905512 422.0472440944882 187.4015748031496 168.50393700787401 dé-

371.65354330708664 574.8031496062993 327.5590551181102 140.15748031496062 signé
588.9763779527559 574.8031496062993 289.76377952755905 140.15748031496062 pour
771.6535433070866 574.8031496062993 217.3228346456693 140.15748031496062 le
880.3149606299213 574.8031496062993 289.76377952755905 140.15748031496062 prix
1061.4173228346456 574.8031496062993 472.4409448818898 140.15748031496062 décennal,
1425.1968503937007 574.8031496062993 289.76377952755905 140.15748031496062 lors
1606.2992125984251 574.8031496062993 217.3228346456693 140.15748031496062 du
1714.9606299212599 574.8031496062993 436.2204724409449 140.15748031496062 concours
2006.2992125984251 574.8031496062993 217.3228346456693 140.15748031496062 jugé

373.2283464566929 678.7401574803149 233.0708661417323 119.68503937007874 par
472.4409448818898 678.7401574803149 433.07086614173227 119.68503937007874 l’Institut.

456.6929133858268 784.2519685039371 215.748031496063 135.43307086614172 La
565.3543307086615 784.2519685039371 395.2755905511811 135.43307086614172 gravure
853.5433070866142 784.2519685039371 215.748031496063 135.43307086614172 de
960.6299212598425 784.2519685039371 215.748031496063 135.43307086614172 ce
1069.291338582677 784.2519685039371 431.496062992126 135.43307086614172 tableau,
1392.1259842519685 784.2519685039371 324.40944881889766 135.43307086614172 ainsi
1607.8740157480315 784.2519685039371 251.96850393700788 135.43307086614172 que
1752.755905511811 784.2519685039371 324.40944881889766 135.43307086614172 celle
1932.283464566929 784.2519685039371 288.18897637795277 135.43307086614172 d’Ata-

371.65354330708664 896.0629921259842 255.11811023622047 111.81102362204724 la,
516.5354330708661 896.0629921259842 217.3228346456693 111.81102362204724 de
625.1968503937007 896.0629921259842 217.3228346456693 111.81102362204724 la
735.4330708661417 896.0629921259842 400.0 111.81102362204724 Justice
1025.1968503937007 896.0629921259842 400.0 111.81102362204724 Divine,
1316.5354330708662 896.0629921259842 217.3228346456693 111.81102362204724 la
1425.1968503937007 896.0629921259842 400.0 111.81102362204724 Famille
1716.5354330708662 896.0629921259842 217.3228346456693 111.81102362204724 de
1825.1968503937007 896.0629921259842 363.7795275590551 111.81102362204724 Priam,
2044.0944881889764 896.0629921259842 181.10236220472441 111.81102362204724 les

368.503937007874 1000.0 407.87401574803147 97.63779527559055 Remords
666.1417322834645 1000.0 481.8897637795276 97.63779527559055 d’Oreste,
1036.2204724409448 1000.0 222.04724409448818 97.63779527559055 et
1148.0314960629921 1000.0 222.04724409448818 97.63779527559055 de
1258.267716535433 1000.0 296.06299212598424 97.63779527559055 tous
1444.0944881889764 1000.0 259.84251968503935 97.63779527559055 les
1592.1259842519685 1000.0 444.09448818897636 97.63779527559055 tableaux
1925.984251968504 1000.0 222.04724409448818 97.63779527559055 et
2000.0 1000.0 222.04724409448818 97.63779527559055 sta-

365.3543307086614 1105.5118110236222 303.93700787401576 92.91338582677166 tues
554.3307086614174 1105.5118110236222 264.56692913385825 92.91338582677166 qui
707.0866141732283 1105.5118110236222 264.56692913385825 92.91338582677166 ont
858.2677165354331 1105.5118110236222 455.11811023622045 92.91338582677166 concouru
1198.4251968503936 1105.5118110236222 226.77165354330708 92.91338582677166 au
1313.3858267716535 1105.5118110236222 303.93700787401576 92.91338582677166 prix
1502.3622047244094 1105.5118110236222 492.9133858267717 92.91338582677166 décennal,
1880.3149606299212 1105.5118110236222 226.77165354330708 92.91338582677166 se
1957.4803149606298 1105.5118110236222 264.56692913385825 92.91338582677166 trou-

370.0787401574803 1206.2992125984251 302.3622047244094 129.13385826771653 vent
559.0551181102362 1206.2992125984251 302.3622047244094 129.13385826771653 dans
748.0314960629921 1206.2992125984251 226.77165354330708 129.13385826771653 la
861.4173228346457 1206.2992125984251 529.1338582677165 129.13385826771653 collection
1277.1653543307086 1206.2992125984251 226.77165354330708 129.13385826771653 de
1390.5511811023623 1206.2992125984251 264.56692913385825 129.13385826771653 cet
1541.732283464567 1206.2992125984251 453.54330708661416 129.13385826771653 ouvrage;
1881.8897637795276 1206.2992125984251 302.3622047244094 129.13385826771653 chez
2033.0708661417323 1206.2992125984251 188.9763779527559 129.13385826771653 ma-

366.92913385826773 1313.3858267716535 297.6377952755906 103.93700787401575 dame
554.3307086614174 1313.3858267716535 371.65354330708664 103.93700787401575 Filhol
814.1732283464567 1313.3858267716535 223.6220472440945 103.93700787401575 et
925.9842519685039 1313.3858267716535 447.244094488189 103.93700787401575 Bourdon,
1261.4173228346456 1313.3858267716535 447.244094488189 103.93700787401575 artistes
1595.275590551181 1313.3858267716535 483.46456692913387 103.93700787401575 éditeurs,
1968.5039370078741 1313.3858267716535 259.84251968503935 103.93700787401575 rue
2078.740157480315 1313.3858267716535 149.60629921259843 103.93700787401575 de

366.92913385826773 1420.4724409448818 453.54330708661416 133.85826771653544 l’Odéon,
707.0866141732283 1420.4724409448818 226.77165354330708 133.85826771653544 n°
782.6771653543307 1420.4724409448818 188.9763779527559 133.85826771653544 35.

366.92913385826773 1603.1496062992126 321.25984251968504 162.20472440944883 31.
549.6062992125984 1603.1496062992126 275.59055118110234 162.20472440944883 La
688.1889763779527 1603.1496062992126 503.93700787401576 162.20472440944883 Révolte
1055.1181102362204 1603.1496062992126 275.59055118110234 162.20472440944883 du
1146.4566929133857 1603.1496062992126 366.92913385826773 162.20472440944883 Caire.

628.3464566929134 1740.1574803149606 212.5984251968504 127.55905511811024 La
733.8582677165355 1740.1574803149606 283.46456692913387 127.55905511811024 plus
911.8110236220473 1740.1574803149606 354.3307086614173 127.55905511811024 grande
1159.0551181102362 1740.1574803149606 566.9291338582677 127.55905511811024 tranquillité
1620.4724409448818 1740.1574803149606 390.5511811023622 127.55905511811024 n’avoit
1903.9370078740158 1740.1574803149606 319.68503937007875 127.55905511811024 cessé
2080.314960629921 1740.1574803149606 141.73228346456693 127.55905511811024 de

540.1574803149606 1889.763779527559 357.4803149606299 85.03937007874016 régner
790.5511811023622 1889.763779527559 286.61417322834643 85.03937007874016 dans
970.0787401574803 1889.763779527559 214.17322834645668 85.03937007874016 la
1077.1653543307086 1889.763779527559 322.8346456692913 85.03937007874016 ville
1292.9133858267717 1889.763779527559 214.17322834645668 85.03937007874016 du
1400.0 1889.763779527559 357.4803149606299 85.03937007874016 Caire,
1650.3937007874015 1889.763779527559 537.007874015748 85.03937007874016 tout-à-coup
2044.0944881889764 1889.763779527559 179.5275590551181 85.03937007874016 les

538.5826771653543 1976.3779527559054 411.0236220472441 116.53543307086615 indices
837.7952755905512 1976.3779527559054 337.00787401574803 116.53543307086615 d’une
1062.992125984252 1976.3779527559054 448.81889763779526 116.53543307086615 sédition
1400.0 1976.3779527559054 486.61417322834643 116.53543307086615 prochaine
1773.2283464566929 1976.3779527559054 225.1968503937008 116.53543307086615 se
1848.8188976377953 1976.3779527559054 374.8031496062992 116.53543307086615 manifes-

546.4566929133858 2100.787401574803 337.00787401574803 119.68503937007874 tent:
771.6535433070866 2100.787401574803 187.4015748031496 119.68503937007874 à
845.6692913385826 2100.787401574803 223.6220472440945 119.68503937007874 la
957.4803149606299 2100.787401574803 373.2283464566929 119.68503937007874 pointe
1218.8976377952756 2100.787401574803 223.6220472440945 119.68503937007874 du
1332.283464566929 2100.787401574803 299.21259842519686 119.68503937007874 jour
1518.1102362204724 2100.787401574803 261.4173228346457 119.68503937007874 des
1629.9212598425197 2100.787401574803 598.4251968503937 119.68503937007874 rassemblements

544.8818897637796 2185.8267716535433 218.89763779527559 124.40944881889764 se
653.5433070866142 2185.8267716535433 401.5748031496063 124.40944881889764 forment
946.4566929133858 2185.8267716535433 291.33858267716533 124.40944881889764 dans
1127.5590551181103 2185.8267716535433 365.3543307086614 124.40944881889764 divers
1382.6771653543308 2185.8267716535433 474.01574803149606 124.40944881889764 quartiers
1748.0314960629921 2185.8267716535433 218.89763779527559 124.40944881889764 de
1856.6929133858268 2185.8267716535433 218.89763779527559 124.40944881889764 la
1930.708661417323 2185.8267716535433 291.33858267716533 124.40944881889764 ville,

541.7322834645669 2325.984251968504 240.9448818897638 107.08661417322834 et
661.4173228346457 2325.984251968504 480.31496062992125 107.08661417322834 sur-tout
1022.0472440944882 2325.984251968504 200.0 107.08661417322834 à
1102.3622047244094 2325.984251968504 240.9448818897638 107.08661417322834 la
1222.0472440944882 2325.984251968504 400.0 107.08661417322834 grande
1502.3622047244094 2325.984251968504 480.31496062992125 107.08661417322834 Mosquée.
1862.992125984252 2325.984251968504 240.9448818897638 107.08661417322834 Le
1943.3070866141732 2325.984251968504 280.31496062992125 107.08661417322834 géné-

541.7322834645669 2404.7244094488187 280.31496062992125 138.58267716535434 ral
700.7874015748032 2404.7244094488187 401.5748031496063 138.58267716535434 Dupuy,
982.6771653543307 2404.7244094488187 562.2047244094488 138.58267716535434 commandant
1423.6220472440946 2404.7244094488187 240.9448818897638 138.58267716535434 de
1544.8818897637796 2404.7244094488187 240.9448818897638 138.58267716535434 la
1664.5669291338584 2404.7244094488187 401.5748031496063 138.58267716535434 place,
1905.5118110236222 2404.7244094488187 321.25984251968504 138.58267716535434 qu’oc-

543.3070866141733 2529.1338582677167 374.8031496062992 122.83464566929133 cupoit
806.2992125984252 2529.1338582677167 412.59842519685037 122.83464566929133 l’armée
1105.5118110236222 2529.1338582677167 524.4094488188977 122.83464566929133 françoise,
1516.5354330708662 2529.1338582677167 448.81889763779526 122.83464566929133 s’avance
1853.5433070866143 2529.1338582677167 187.4015748031496 122.83464566929133 à
1929.1338582677165 2529.1338582677167 225.1968503937008 122.83464566929133 la
2003.1496062992126 2529.1338582677167 225.1968503937008 122.83464566929133 tête

548.0314960629921 2623.6220472440946 321.25984251968504 111.81102362204724 d’une
763.7795275590552 2623.6220472440946 357.4803149606299 111.81102362204724 foible
1014.1732283464567 2623.6220472440946 393.7007874015748 111.81102362204724 escorte
1299.2125984251968 2623.6220472440946 286.61417322834643 111.81102362204724 pour
1478.740157480315 2623.6220472440946 250.39370078740157 111.81102362204724 les
1622.0472440944882 2623.6220472440946 464.56692913385825 111.81102362204724 dissiper;
1979.5275590551182 2623.6220472440946 214.17322834645668 111.81102362204724 il
2050.3937007874015 2623.6220472440946 179.5275590551181 111.81102362204724 est

548.0314960629921 2741.732283464567 464.56692913385825 116.53543307086615 assassiné
905.511811023622 2741.732283464567 286.61417322834643 116.53543307086615 avec
1085.0393700787401 2741.732283464567 464.56692913385825 116.53543307086615 plusieurs
1442.5196850393702 2741.732283464567 464.56692913385825 116.53543307086615 officiers
1800.0 2741.732283464567 214.17322834645668 116.53543307086615 et
1872.4409448818897 2741.732283464567 357.4803149606299 116.53543307086615 quelques

546.4566929133858 2856.6929133858266 420.4724409448819 122.83464566929133 dragons.
861.4173228346457 2856.6929133858266 209.4488188976378 122.83464566929133 La
966.9291338582677 2856.6929133858266 420.4724409448819 122.83464566929133 sédition
1281.8897637795276 2856.6929133858266 385.8267716535433 122.83464566929133 devient
1562.2047244094488 2856.6929133858266 420.4724409448819 122.83464566929133 aussitôt
1840.9448818897638 2856.6929133858266 385.8267716535433 122.83464566929133 générale;

548.0314960629921 2963.779527559055 286.61417322834643 100.78740157480316 tous
727.5590551181102 2963.779527559055 250.39370078740157 100.78740157480316 les
870.8661417322835 2963.779527559055 429.9212598425197 100.78740157480316 François
1192.1259842519685 2963.779527559055 250.39370078740157 100.78740157480316 que
1335.4330708661416 2963.779527559055 250.39370078740157 100.78740157480316 les
1478.740157480315 2963.779527559055 429.9212598425197 100.78740157480316 révoltés
1765.3543307086613 2963.779527559055 464.56692913385825 100.78740157480316 rencontrent

551.1811023622047 3059.8425196850394 292.9133858267717 108.66141732283465 sont
733.8582677165355 3059.8425196850394 439.37007874015745 108.66141732283465 égorgés;
1062.992125984252 3059.8425196850394 256.6929133858268 108.66141732283465 les
1209.4488188976377 3059.8425196850394 365.3543307086614 108.66141732283465 Arabes
1464.5669291338584 3059.8425196850394 218.89763779527559 108.66141732283465 se
1574.8031496062993 3059.8425196850394 439.37007874015745 108.66141732283465 montrent
1903.9370078740158 3059.8425196850394 256.6929133858268 108.66141732283465 aux
2014.1732283464567 3059.8425196850394 218.89763779527559 108.66141732283465 por-

557.4803149606299 3181.1023622047246 220.4724409448819 114.96062992125984 tes
683.4645669291339 3181.1023622047246 188.9763779527559 114.96062992125984 de
777.9527559055118 3181.1023622047246 188.9763779527559 114.96062992125984 la
840.9448818897638 3181.1023622047246 251.96850393700788 114.96062992125984 ville.

636.2204724409448 3261.417322834646 207.8740157480315 127.55905511811024 La
740.1574803149606 3261.417322834646 415.748031496063 127.55905511811024 générale
1051.9685039370079 3261.417322834646 242.51968503937007 127.55905511811024 est
1190.5511811023623 3261.417322834646 381.1023622047244 127.55905511811024 battue;
1467.716535433071 3261.417322834646 242.51968503937007 127.55905511811024 les
1606.2992125984251 3261.417322834646 415.748031496063 127.55905511811024 François
1883.4645669291338 3261.417322834646 346.45669291338584 127.55905511811024 s’arment

559.0551181102362 3393.700787401575 228.3464566929134 102.36220472440945 et
672.4409448818898 3393.700787401575 228.3464566929134 102.36220472440945 se
787.4015748031496 3393.700787401575 418.8976377952756 102.36220472440945 forment
1091.3385826771653 3393.700787401575 228.3464566929134 102.36220472440945 en
1206.2992125984251 3393.700787401575 456.6929133858268 102.36220472440945 colonnes
1549.6062992125985 3393.700787401575 456.6929133858268 102.36220472440945 mobiles;
1891.3385826771653 3393.700787401575 266.1417322834646 102.36220472440945 ils
2006.2992125984251 3393.700787401575 228.3464566929134 102.36220472440945 mar-

559.0551181102362 3488.1889763779527 313.38582677165357 168.50393700787401 chent
768.503937007874 3488.1889763779527 348.0314960629921 168.50393700787401 contre
1012.5984251968504 3488.1889763779527 244.09448818897638 168.50393700787401 les
1151.1811023622047 3488.1889763779527 418.8976377952756 168.50393700787401 rebelles
1466.1417322834645 3488.1889763779527 278.74015748031496 168.50393700787401 avec
1639.3700787401574 3488.1889763779527 453.54330708661416 168.50393700787401 plusieurs
1954.3307086614172 3488.1889763779527 278.74015748031496 168.50393700787401 pièces
