2475.5905511811025 4266.141732283465
1012.5984251968504 228.3464566929134 234.64566929133858 177.95275590551182 (
1107.0866141732283 228.3464566929134 281.8897637795276 177.95275590551182 33
1201.5748031496064 228.3464566929134 141.73228346456693 177.95275590551182 )

437.79527559055117 396.8503937007874 226.77165354330708 97.63779527559055 de
551.1811023622047 396.8503937007874 377.9527559055118 97.63779527559055 canon:
815.7480314960629 396.8503937007874 415.748031496063 97.63779527559055 ceux-ci
1118.1102362204724 396.8503937007874 226.77165354330708 97.63779527559055 se
1231.4960629921259 396.8503937007874 566.9291338582677 97.63779527559055 retranchent
1683.4645669291338 396.8503937007874 302.3622047244094 97.63779527559055 dans
1834.6456692913387 396.8503937007874 264.56692913385825 97.63779527559055 leurs

434.6456692913386 488.18897637795277 491.33858267716533 127.55905511811024 Mosquées,
812.5984251968504 488.18897637795277 302.3622047244094 127.55905511811024 d’où
1001.5748031496063 488.18897637795277 264.56692913385825 127.55905511811024 ils
1152.755905511811 488.18897637795277 302.3622047244094 127.55905511811024 font
1343.3070866141732 488.18897637795277 226.77165354330708 127.55905511811024 un
1456.6929133858268 488.18897637795277 264.56692913385825 127.55905511811024 feu
1607.8740157480315 488.18897637795277 453.54330708661416 127.55905511811024 violent.
1910.236220472441 488.18897637795277 188.9763779527559 127.55905511811024 Les

437.79527559055117 596.8503937007874 433.07086614173227 110.23622047244095 Mosquées
762.2047244094488 596.8503937007874 288.18897637795277 110.23622047244095 sont
943.3070866141733 596.8503937007874 505.51181102362204 110.23622047244095 enfoncées,
1340.1574803149606 596.8503937007874 217.3228346456693 110.23622047244095 la
1448.8188976377953 596.8503937007874 324.40944881889766 110.23622047244095 force
1666.1417322834645 596.8503937007874 217.3228346456693 110.23622047244095 et
1738.5826771653544 596.8503937007874 360.62992125984255 110.23622047244095 l’intré-

436.2204724409449 740.1574803149606 377.9527559055118 88.18897637795276 pidité
700.7874015748032 740.1574803149606 264.56692913385825 88.18897637795276 des
851.9685039370079 740.1574803149606 453.54330708661416 88.18897637795276 François
1192.1259842519685 740.1574803149606 566.9291338582677 88.18897637795276 redoublent.
1644.0944881889764 740.1574803149606 415.748031496063 88.18897637795276 Bientôt
1908.6614173228347 740.1574803149606 188.9763779527559 88.18897637795276 des

431.496062992126 823.6220472440945 434.6456692913386 133.85826771653544 batteries
765.3543307086615 823.6220472440945 366.92913385826773 133.85826771653544 placées
1031.4960629921259 823.6220472440945 233.0708661417323 133.85826771653544 sur
1165.3543307086613 823.6220472440945 500.78740157480314 133.85826771653544 différentes
1566.9291338582677 823.6220472440945 434.6456692913386 133.85826771653544 hauteurs,
1900.7874015748032 823.6220472440945 200.0 133.85826771653544 et
1966.9291338582677 823.6220472440945 133.85826771653544 133.85826771653544 le

440.9448818897638 957.4803149606299 318.1102362204724 105.51181102362204 canon
651.9685039370079 957.4803149606299 211.0236220472441 105.51181102362204 de
757.4803149606299 957.4803149606299 211.0236220472441 105.51181102362204 la
864.5669291338583 957.4803149606299 494.48818897637796 105.51181102362204 citadelle,
1251.9685039370079 957.4803149606299 352.755905511811 105.51181102362204 tirent
1499.2125984251968 957.4803149606299 247.24409448818898 105.51181102362204 sur
1640.9448818897638 957.4803149606299 211.0236220472441 105.51181102362204 la
1746.4566929133857 957.4803149606299 352.755905511811 105.51181102362204 ville;
1957.4803149606298 957.4803149606299 141.73228346456693 105.51181102362204 le

433.07086614173227 1026.7716535433071 464.56692913385825 151.1811023622047 quartier
782.6771653543307 1026.7716535433071 270.86614173228344 151.1811023622047 des
937.007874015748 1026.7716535433071 464.56692913385825 151.1811023622047 rebelles
1285.0393700787401 1026.7716535433071 231.49606299212599 151.1811023622047 et
1401.5748031496064 1026.7716535433071 231.49606299212599 151.1811023622047 la
1516.5354330708662 1026.7716535433071 387.40157480314963 151.1811023622047 grande
1749.6062992125985 1026.7716535433071 348.0314960629921 151.1811023622047 Mosquée

439.37007874015745 1155.9055118110236 286.61417322834643 122.83464566929133 sont
582.6771653543307 1155.9055118110236 431.496062992126 122.83464566929133 incendiés.

521.2598425196851 1247.244094488189 214.17322834645668 129.13385826771653 Le
628.3464566929134 1247.244094488189 357.4803149606299 129.13385826771653 moment
878.7401574803149 1247.244094488189 214.17322834645668 129.13385826771653 du
987.4015748031496 1247.244094488189 393.7007874015748 129.13385826771653 tableau
1272.4409448818897 1247.244094488189 250.39370078740157 129.13385826771653 est
1415.748031496063 1247.244094488189 321.25984251968504 129.13385826771653 celui
1631.4960629921259 1247.244094488189 214.17322834645668 129.13385826771653 où
1738.5826771653544 1247.244094488189 250.39370078740157 129.13385826771653 les
1845.6692913385828 1247.244094488189 250.39370078740157 129.13385826771653 Fran-

436.2204724409449 1354.3307086614172 338.5826771653543 124.40944881889764 çois,
661.4173228346457 1354.3307086614172 338.5826771653543 124.40944881889764 ayant
888.1889763779527 1354.3307086614172 414.1732283464567 124.40944881889764 pénétré
1188.976377952756 1354.3307086614172 300.78740157480314 124.40944881889764 dans
1376.3779527559054 1354.3307086614172 225.1968503937008 124.40944881889764 la
1489.763779527559 1354.3307086614172 376.37795275590554 124.40944881889764 grande
1714.9606299212599 1354.3307086614172 376.37795275590554 124.40944881889764 Mosquée,

440.9448818897638 1470.8661417322835 483.46456692913387 124.40944881889764 combattent
820.4724409448819 1470.8661417322835 206.29921259842519 124.40944881889764 et
924.4094488188977 1470.8661417322835 379.5275590551181 124.40944881889764 mettent
1200.0 1470.8661417322835 206.29921259842519 124.40944881889764 en
1302.3622047244094 1470.8661417322835 310.23622047244095 124.40944881889764 fuite
1510.236220472441 1470.8661417322835 240.9448818897638 124.40944881889764 les
1647.244094488189 1470.8661417322835 414.1732283464567 124.40944881889764 rebelles
1924.4094488188975 1470.8661417322835 171.6535433070866 124.40944881889764 qui

439.37007874015745 1570.0787401574803 236.2204724409449 102.36220472440945 s’y
573.2283464566929 1570.0787401574803 371.65354330708664 102.36220472440945 étoient
844.0944881889764 1570.0787401574803 507.0866141732283 102.36220472440945 retranchés.
1250.3937007874015 1570.0787401574803 168.50393700787401 102.36220472440945 A
1318.1102362204724 1570.0787401574803 371.65354330708664 102.36220472440945 droite,
1588.976377952756 1570.0787401574803 236.2204724409449 102.36220472440945 sur
1724.4094488188975 1570.0787401574803 203.1496062992126 102.36220472440945 le
1792.1259842519685 1570.0787401574803 303.93700787401576 102.36220472440945 devant,

436.2204724409449 1688.1889763779527 264.56692913385825 129.13385826771653 est
587.4015748031496 1688.1889763779527 226.77165354330708 129.13385826771653 un
700.7874015748032 1688.1889763779527 415.748031496063 129.13385826771653 mameluk
1003.1496062992126 1688.1889763779527 491.33858267716533 129.13385826771653 soutenant
1381.1023622047244 1688.1889763779527 226.77165354330708 129.13385826771653 un
1456.6929133858268 1688.1889763779527 642.5196850393701 129.13385826771653 jeuneTurcblessé

434.6456692913386 1788.976377952756 188.9763779527559 118.11023622047244 à
510.23622047244095 1788.976377952756 300.78740157480314 118.11023622047244 mort
699.2125984251968 1788.976377952756 338.5826771653543 118.11023622047244 qu’il
924.4094488188977 1788.976377952756 376.37795275590554 118.11023622047244 défend
1188.976377952756 1788.976377952756 376.37795275590554 118.11023622047244 encore
1451.9685039370079 1788.976377952756 300.78740157480314 118.11023622047244 avec
1640.9448818897638 1788.976377952756 451.9685039370079 118.11023622047244 courage.
1941.732283464567 1788.976377952756 151.1811023622047 118.11023622047244 On

428.34645669291336 1899.2125984251968 464.56692913385825 133.85826771653544 remarque
777.9527559055118 1899.2125984251968 349.6062992125984 133.85826771653544 aussi
1011.0236220472441 1899.2125984251968 233.0708661417323 133.85826771653544 un
1127.5590551181103 1899.2125984251968 349.6062992125984 133.85826771653544 nègre
1359.0551181102362 1899.2125984251968 270.86614173228344 133.85826771653544 qui
1514.9606299212599 1899.2125984251968 349.6062992125984 133.85826771653544 porte
1746.4566929133857 1899.2125984251968 270.86614173228344 133.85826771653544 une
1862.992125984252 1899.2125984251968 233.0708661417323 133.85826771653544 tête

433.07086614173227 2001.5748031496064 467.7165354330709 132.28346456692913 sanglante
793.7007874015748 2001.5748031496064 288.18897637795277 132.28346456692913 d’un
973.2283464566929 2001.5748031496064 576.3779527559055 132.28346456692913 Françoismort
1440.9448818897638 2001.5748031496064 396.8503937007874 132.28346456692913 pendant
1692.9133858267717 2001.5748031496064 396.8503937007874 132.28346456692913 l’action.

352.755905511811 2091.3385826771655 212.5984251968504 151.1811023622047 La
459.84251968503935 2091.3385826771655 426.7716535433071 151.1811023622047 fidélité
779.5275590551181 2091.3385826771655 248.8188976377953 151.1811023622047 des
921.2598425196851 2091.3385826771655 426.7716535433071 151.1811023622047 costumes
1242.5196850393702 2091.3385826771655 212.5984251968504 151.1811023622047 et
1348.0314960629921 2091.3385826771655 248.8188976377953 151.1811023622047 des
1489.763779527559 2091.3385826771655 390.5511811023622 151.1811023622047 armures
1774.8031496062993 2091.3385826771655 248.8188976377953 151.1811023622047 est
1881.8897637795276 2091.3385826771655 212.5984251968504 151.1811023622047 très

262.99212598425197 2204.7244094488187 291.33858267716533 141.73228346456693 bien
445.6692913385827 2204.7244094488187 437.79527559055117 141.73228346456693 observée
773.2283464566929 2204.7244094488187 291.33858267716533 141.73228346456693 dans
954.3307086614174 2204.7244094488187 218.89763779527559 141.73228346456693 ce
1028.3464566929133 2204.7244094488187 363.7795275590551 141.73228346456693 tableau.

256.6929133858268 2370.0787401574803 341.73228346456693 154.33070866141733 32.
451.9685039370079 2370.0787401574803 292.9133858267717 154.33070866141733 Le
598.4251968503937 2370.0787401574803 537.007874015748 154.33070866141733 sommeil
940.1574803149606 2370.0787401574803 634.6456692913385 154.33070866141733 d’Endymion.

513.3858267716536 2538.582677165354 486.61417322834643 113.38582677165354 Endymion,
888.1889763779527 2538.582677165354 374.8031496062992 113.38582677165354 fameux
1151.1811023622047 2538.582677165354 486.61417322834643 113.38582677165354 chasseur,
1525.984251968504 2538.582677165354 412.59842519685037 113.38582677165354 s’étant
1788.976377952756 2538.582677165354 299.21259842519686 113.38582677165354 attiré

420.4724409448819 2664.566929133858 248.8188976377953 96.06299212598425 les
563.7795275590552 2664.566929133858 354.3307086614173 96.06299212598425 bonnes
811.0236220472441 2664.566929133858 354.3307086614173 96.06299212598425 graces
1059.8425196850394 2664.566929133858 212.5984251968504 96.06299212598425 de
1165.3543307086613 2664.566929133858 390.5511811023622 96.06299212598425 Jupiter
1450.3937007874015 2664.566929133858 248.8188976377953 96.06299212598425 par
1592.1259842519685 2664.566929133858 212.5984251968504 96.06299212598425 sa
1697.6377952755906 2664.566929133858 390.5511811023622 96.06299212598425 justice
1946.4566929133857 2664.566929133858 141.73228346456693 96.06299212598425 et

428.34645669291336 2790.551181102362 226.77165354330708 92.91338582677166 sa
541.7322834645669 2790.551181102362 451.9685039370079 92.91338582677166 probité,
880.3149606299213 2790.551181102362 264.56692913385825 92.91338582677166 fut
1031.4960629921259 2790.551181102362 302.3622047244094 92.91338582677166 reçu
1220.4724409448818 2790.551181102362 302.3622047244094 92.91338582677166 dans
1409.4488188976377 2790.551181102362 226.77165354330708 92.91338582677166 le
1522.8346456692914 2790.551181102362 302.3622047244094 92.91338582677166 ciel
1710.236220472441 2790.551181102362 226.77165354330708 92.91338582677166 au
1785.8267716535433 2790.551181102362 302.3622047244094 92.91338582677166 nombre

428.34645669291336 2878.740157480315 247.24409448818898 91.33858267716535 des
568.503937007874 2878.740157480315 352.755905511811 91.33858267716535 dieux.
815.7480314960629 2878.740157480315 318.1102362204724 91.33858267716535 Mais,
1028.3464566929133 2878.740157480315 423.62204724409446 91.33858267716535 oubliant
1344.8818897637796 2878.740157480315 388.9763779527559 91.33858267716535 bientôt
1628.3464566929133 2878.740157480315 247.24409448818898 91.33858267716535 une
1733.8582677165355 2878.740157480315 352.755905511811 91.33858267716535 pareille

423.62204724409446 2990.551181102362 406.2992125984252 113.38582677165354 faveur,
718.1102362204724 2990.551181102362 222.04724409448818 113.38582677165354 ce
829.9212598425197 2990.551181102362 332.2834645669291 113.38582677165354 jeune
1051.9685039370079 2990.551181102362 332.2834645669291 113.38582677165354 homme
1274.015748031496 2990.551181102362 258.26771653543307 113.38582677165354 osa
1420.4724409448818 2990.551181102362 370.0787401574803 113.38582677165354 brûler
1680.3149606299212 2990.551181102362 296.06299212598424 113.38582677165354 d’un
1828.3464566929133 2990.551181102362 258.26771653543307 113.38582677165354 amour

423.62204724409446 3103.9370078740158 489.76377952755905 92.91338582677166 téméraire
800.0 3103.9370078740158 300.78740157480314 92.91338582677166 pour
988.9763779527559 3103.9370078740158 376.37795275590554 92.91338582677166 Junon,
1253.5433070866143 3103.9370078740158 451.9685039370079 92.91338582677166 l’épouse
1592.1259842519685 3103.9370078740158 226.77165354330708 92.91338582677166 de
1705.5118110236222 3103.9370078740158 264.56692913385825 92.91338582677166 son
1817.3228346456692 3103.9370078740158 264.56692913385825 92.91338582677166 bien-

422.0472440944882 3206.299212598425 442.5196850393701 118.11023622047244 faiteur.
752.7559055118111 3206.299212598425 442.5196850393701 118.11023622047244 Jupiter,
1085.0393700787401 3206.299212598425 294.48818897637796 118.11023622047244 pour
1269.291338582677 3206.299212598425 220.4724409448819 118.11023622047244 le
1379.5275590551182 3206.299212598425 368.503937007874 118.11023622047244 punir,
1637.7952755905512 3206.299212598425 220.4724409448819 118.11023622047244 le
1711.8110236220473 3206.299212598425 368.503937007874 118.11023622047244 condamna

426.7716535433071 3308.6614173228345 179.5275590551181 125.98425196850394 à
499.21259842519686 3308.6614173228345 359.0551181102362 125.98425196850394 dormir
749.6062992125984 3308.6614173228345 286.61417322834643 125.98425196850394 d’un
929.1338582677165 3308.6614173228345 395.2755905511811 125.98425196850394 sommeil
1217.3228346456692 3308.6614173228345 395.2755905511811 125.98425196850394 éternel
1503.9370078740158 3308.6614173228345 286.61417322834643 125.98425196850394 dans
1683.4645669291338 3308.6614173228345 251.96850393700788 125.98425196850394 une
1792.1259842519685 3308.6614173228345 286.61417322834643 125.98425196850394 grotte

423.62204724409446 3407.8740157480315 236.2204724409449 144.88188976377953 du
541.7322834645669 3407.8740157480315 314.96062992125985 144.88188976377953 mont
738.5826771653543 3407.8740157480315 470.86614173228344 144.88188976377953 Lathmos,
1091.3385826771653 3407.8740157480315 236.2204724409449 144.88188976377953 en
1209.4488188976377 3407.8740157480315 393.7007874015748 144.88188976377953 Carie.
1485.0393700787401 3407.8740157480315 236.2204724409449 144.88188976377953 Sa
1603.1496062992126 3407.8740157480315 393.7007874015748 144.88188976377953 beauté
1837.7952755905512 3407.8740157480315 236.2204724409449 144.88188976377953 tou
