<?xml version="1.0" encoding="UTF-8"?>
<alto xmlns:xsi="http://www.w3.org/2001/XMLSchema-instance"
      xmlns="http://www.loc.gov/standards/alto/ns-v2#"
      xmlns:page="http://schema.primaresearch.org/PAGE/gts/pagecontent/2013-07-15"
      xsi:schemaLocation="http://www.loc.gov/standards/alto/ns-v2# http://www.loc.gov/standards/alto/alto.xsd">
   <Description>
      <MeasurementUnit>pixel</MeasurementUnit>
      <OCRProcessing ID="IdOcr">
         <ocrProcessingStep>
            <processingDateTime>2020-06-24T15:07:54.841+02:00</processingDateTime>
            <processingSoftware>
               <softwareCreator>READ COOP</softwareCreator>
               <softwareName>Transkribus</softwareName>
            </processingSoftware>
         </ocrProcessingStep>
      </OCRProcessing>
   </Description>
   <Tags/>
   <Layout>
      <Page ID="Page1" PHYSICAL_IMG_NR="1" HEIGHT="2709" WIDTH="1572">
         <TopMargin HEIGHT="43" WIDTH="1572" VPOS="0" HPOS="0"/>
         <LeftMargin HEIGHT="2349" WIDTH="54" VPOS="43" HPOS="0"/>
         <RightMargin HEIGHT="2349" WIDTH="9" VPOS="43" HPOS="1563"/>
         <BottomMargin HEIGHT="317" WIDTH="1572" VPOS="2392" HPOS="0"/>
         <PrintSpace HEIGHT="2349" WIDTH="1509" VPOS="43" HPOS="54">
            <TextBlock ID="r_1_1" HEIGHT="65" WIDTH="165" VPOS="169" HPOS="681">
               <Shape>
                  <Polygon POINTS="681,169 846,169 846,234 681,234"/>
               </Shape>
               <TextLine ID="tl_1"
                         BASELINE="258"
                         HEIGHT="113"
                         WIDTH="179"
                         VPOS="145"
                         HPOS="673">
                  <String HEIGHT="113" WIDTH="149" VPOS="145" HPOS="643" CONTENT="("/>
                  <SP HEIGHT="113" WIDTH="30" VPOS="145" HPOS="792"/>
                  <String HEIGHT="113" WIDTH="179" VPOS="145" HPOS="703" CONTENT="33"/>
                  <SP HEIGHT="113" WIDTH="30" VPOS="145" HPOS="882"/>
                  <String HEIGHT="113" WIDTH="90" VPOS="145" HPOS="763" CONTENT=")"/>
               </TextLine>
            </TextBlock>
            <TextBlock ID="r_1_2" HEIGHT="519" WIDTH="1027" VPOS="261" HPOS="301">
               <Shape>
                  <Polygon POINTS="301,261 1328,261 1328,780 301,780"/>
               </Shape>
               <TextLine ID="tl_2"
                         BASELINE="314"
                         HEIGHT="62"
                         WIDTH="1031"
                         VPOS="252"
                         HPOS="302">
                  <String HEIGHT="62" WIDTH="144" VPOS="252" HPOS="278" CONTENT="de"/>
                  <SP HEIGHT="62" WIDTH="24" VPOS="252" HPOS="422"/>
                  <String HEIGHT="62"
                          WIDTH="240"
                          VPOS="252"
                          HPOS="350"
                          CONTENT="canon:"/>
                  <SP HEIGHT="62" WIDTH="24" VPOS="252" HPOS="590"/>
                  <String HEIGHT="62"
                          WIDTH="264"
                          VPOS="252"
                          HPOS="518"
                          CONTENT="ceux-ci"/>
                  <SP HEIGHT="62" WIDTH="24" VPOS="252" HPOS="782"/>
                  <String HEIGHT="62" WIDTH="144" VPOS="252" HPOS="710" CONTENT="se"/>
                  <SP HEIGHT="62" WIDTH="24" VPOS="252" HPOS="853"/>
                  <String HEIGHT="62"
                          WIDTH="360"
                          VPOS="252"
                          HPOS="782"
                          CONTENT="retranchent"/>
                  <SP HEIGHT="62" WIDTH="24" VPOS="252" HPOS="1141"/>
                  <String HEIGHT="62"
                          WIDTH="192"
                          VPOS="252"
                          HPOS="1069"
                          CONTENT="dans"/>
                  <SP HEIGHT="62" WIDTH="24" VPOS="252" HPOS="1261"/>
                  <String HEIGHT="62"
                          WIDTH="168"
                          VPOS="252"
                          HPOS="1165"
                          CONTENT="leurs"/>
               </TextLine>
               <TextLine ID="tl_3"
                         BASELINE="391"
                         HEIGHT="81"
                         WIDTH="1033"
                         VPOS="310"
                         HPOS="300">
                  <String HEIGHT="81"
                          WIDTH="312"
                          VPOS="310"
                          HPOS="276"
                          CONTENT="Mosquées,"/>
                  <SP HEIGHT="81" WIDTH="24" VPOS="310" HPOS="588"/>
                  <String HEIGHT="81"
                          WIDTH="192"
                          VPOS="310"
                          HPOS="516"
                          CONTENT="d’où"/>
                  <SP HEIGHT="81" WIDTH="24" VPOS="310" HPOS="708"/>
                  <String HEIGHT="81" WIDTH="168" VPOS="310" HPOS="636" CONTENT="ils"/>
                  <SP HEIGHT="81" WIDTH="24" VPOS="310" HPOS="804"/>
                  <String HEIGHT="81"
                          WIDTH="192"
                          VPOS="310"
                          HPOS="732"
                          CONTENT="font"/>
                  <SP HEIGHT="81" WIDTH="24" VPOS="310" HPOS="925"/>
                  <String HEIGHT="81" WIDTH="144" VPOS="310" HPOS="853" CONTENT="un"/>
                  <SP HEIGHT="81" WIDTH="24" VPOS="310" HPOS="997"/>
                  <String HEIGHT="81" WIDTH="168" VPOS="310" HPOS="925" CONTENT="feu"/>
                  <SP HEIGHT="81" WIDTH="24" VPOS="310" HPOS="1093"/>
                  <String HEIGHT="81"
                          WIDTH="288"
                          VPOS="310"
                          HPOS="1021"
                          CONTENT="violent."/>
                  <SP HEIGHT="81" WIDTH="24" VPOS="310" HPOS="1309"/>
                  <String HEIGHT="81"
                          WIDTH="120"
                          VPOS="310"
                          HPOS="1213"
                          CONTENT="Les"/>
               </TextLine>
               <TextLine ID="tl_4"
                         BASELINE="449"
                         HEIGHT="70"
                         WIDTH="1032"
                         VPOS="379"
                         HPOS="301">
                  <String HEIGHT="70"
                          WIDTH="275"
                          VPOS="379"
                          HPOS="278"
                          CONTENT="Mosquées"/>
                  <SP HEIGHT="70" WIDTH="23" VPOS="379" HPOS="553"/>
                  <String HEIGHT="70"
                          WIDTH="183"
                          VPOS="379"
                          HPOS="484"
                          CONTENT="sont"/>
                  <SP HEIGHT="70" WIDTH="23" VPOS="379" HPOS="668"/>
                  <String HEIGHT="70"
                          WIDTH="321"
                          VPOS="379"
                          HPOS="599"
                          CONTENT="enfoncées,"/>
                  <SP HEIGHT="70" WIDTH="23" VPOS="379" HPOS="920"/>
                  <String HEIGHT="70" WIDTH="138" VPOS="379" HPOS="851" CONTENT="la"/>
                  <SP HEIGHT="70" WIDTH="23" VPOS="379" HPOS="989"/>
                  <String HEIGHT="70"
                          WIDTH="206"
                          VPOS="379"
                          HPOS="920"
                          CONTENT="force"/>
                  <SP HEIGHT="70" WIDTH="23" VPOS="379" HPOS="1127"/>
                  <String HEIGHT="70" WIDTH="138" VPOS="379" HPOS="1058" CONTENT="et"/>
                  <SP HEIGHT="70" WIDTH="23" VPOS="379" HPOS="1195"/>
                  <String HEIGHT="70"
                          WIDTH="229"
                          VPOS="379"
                          HPOS="1104"
                          CONTENT="l’intré"
                          SUBS_TYPE="HypPart1"
                          SUBS_CONTENT="l’intrépidité"/>
                  <HYP CONTENT="-"/>
               </TextLine>
               <TextLine ID="tl_5"
                         BASELINE="526"
                         HEIGHT="56"
                         WIDTH="1031"
                         VPOS="470"
                         HPOS="301">
                  <String HEIGHT="56"
                          WIDTH="240"
                          VPOS="470"
                          HPOS="277"
                          CONTENT="pidité"
                          SUBS_TYPE="HypPart2"
                          SUBS_CONTENT="l’intrépidité"/>
                  <SP HEIGHT="56" WIDTH="24" VPOS="470" HPOS="517"/>
                  <String HEIGHT="56" WIDTH="168" VPOS="470" HPOS="445" CONTENT="des"/>
                  <SP HEIGHT="56" WIDTH="24" VPOS="470" HPOS="613"/>
                  <String HEIGHT="56"
                          WIDTH="288"
                          VPOS="470"
                          HPOS="541"
                          CONTENT="François"/>
                  <SP HEIGHT="56" WIDTH="24" VPOS="470" HPOS="828"/>
                  <String HEIGHT="56"
                          WIDTH="360"
                          VPOS="470"
                          HPOS="757"
                          CONTENT="redoublent."/>
                  <SP HEIGHT="56" WIDTH="24" VPOS="470" HPOS="1116"/>
                  <String HEIGHT="56"
                          WIDTH="264"
                          VPOS="470"
                          HPOS="1044"
                          CONTENT="Bientôt"/>
                  <SP HEIGHT="56" WIDTH="24" VPOS="470" HPOS="1308"/>
                  <String HEIGHT="56"
                          WIDTH="120"
                          VPOS="470"
                          HPOS="1212"
                          CONTENT="des"/>
               </TextLine>
               <TextLine ID="tl_6"
                         BASELINE="608"
                         HEIGHT="85"
                         WIDTH="1039"
                         VPOS="523"
                         HPOS="295">
                  <String HEIGHT="85"
                          WIDTH="276"
                          VPOS="523"
                          HPOS="274"
                          CONTENT="batteries"/>
                  <SP HEIGHT="85" WIDTH="21" VPOS="523" HPOS="549"/>
                  <String HEIGHT="85"
                          WIDTH="233"
                          VPOS="523"
                          HPOS="486"
                          CONTENT="placées"/>
                  <SP HEIGHT="85" WIDTH="21" VPOS="523" HPOS="719"/>
                  <String HEIGHT="85" WIDTH="148" VPOS="523" HPOS="655" CONTENT="sur"/>
                  <SP HEIGHT="85" WIDTH="21" VPOS="523" HPOS="804"/>
                  <String HEIGHT="85"
                          WIDTH="318"
                          VPOS="523"
                          HPOS="740"
                          CONTENT="différentes"/>
                  <SP HEIGHT="85" WIDTH="21" VPOS="523" HPOS="1058"/>
                  <String HEIGHT="85"
                          WIDTH="276"
                          VPOS="523"
                          HPOS="995"
                          CONTENT="hauteurs,"/>
                  <SP HEIGHT="85" WIDTH="21" VPOS="523" HPOS="1270"/>
                  <String HEIGHT="85" WIDTH="127" VPOS="523" HPOS="1207" CONTENT="et"/>
                  <SP HEIGHT="85" WIDTH="21" VPOS="523" HPOS="1334"/>
                  <String HEIGHT="85" WIDTH="85" VPOS="523" HPOS="1249" CONTENT="le"/>
               </TextLine>
               <TextLine ID="tl_7"
                         BASELINE="675"
                         HEIGHT="67"
                         WIDTH="1031"
                         VPOS="608"
                         HPOS="302">
                  <String HEIGHT="67"
                          WIDTH="202"
                          VPOS="608"
                          HPOS="280"
                          CONTENT="canon"/>
                  <SP HEIGHT="67" WIDTH="22" VPOS="608" HPOS="481"/>
                  <String HEIGHT="67" WIDTH="134" VPOS="608" HPOS="414" CONTENT="de"/>
                  <SP HEIGHT="67" WIDTH="22" VPOS="608" HPOS="549"/>
                  <String HEIGHT="67" WIDTH="134" VPOS="608" HPOS="481" CONTENT="la"/>
                  <SP HEIGHT="67" WIDTH="22" VPOS="608" HPOS="616"/>
                  <String HEIGHT="67"
                          WIDTH="314"
                          VPOS="608"
                          HPOS="549"
                          CONTENT="citadelle,"/>
                  <SP HEIGHT="67" WIDTH="22" VPOS="608" HPOS="862"/>
                  <String HEIGHT="67"
                          WIDTH="224"
                          VPOS="608"
                          HPOS="795"
                          CONTENT="tirent"/>
                  <SP HEIGHT="67" WIDTH="22" VPOS="608" HPOS="1019"/>
                  <String HEIGHT="67" WIDTH="157" VPOS="608" HPOS="952" CONTENT="sur"/>
                  <SP HEIGHT="67" WIDTH="22" VPOS="608" HPOS="1109"/>
                  <String HEIGHT="67" WIDTH="134" VPOS="608" HPOS="1042" CONTENT="la"/>
                  <SP HEIGHT="67" WIDTH="22" VPOS="608" HPOS="1176"/>
                  <String HEIGHT="67"
                          WIDTH="224"
                          VPOS="608"
                          HPOS="1109"
                          CONTENT="ville;"/>
                  <SP HEIGHT="67" WIDTH="22" VPOS="608" HPOS="1333"/>
                  <String HEIGHT="67" WIDTH="90" VPOS="608" HPOS="1243" CONTENT="le"/>
               </TextLine>
               <TextLine ID="tl_8"
                         BASELINE="748"
                         HEIGHT="96"
                         WIDTH="1032"
                         VPOS="652"
                         HPOS="300">
                  <String HEIGHT="96"
                          WIDTH="295"
                          VPOS="652"
                          HPOS="275"
                          CONTENT="quartier"/>
                  <SP HEIGHT="96" WIDTH="25" VPOS="652" HPOS="570"/>
                  <String HEIGHT="96" WIDTH="172" VPOS="652" HPOS="497" CONTENT="des"/>
                  <SP HEIGHT="96" WIDTH="25" VPOS="652" HPOS="669"/>
                  <String HEIGHT="96"
                          WIDTH="295"
                          VPOS="652"
                          HPOS="595"
                          CONTENT="rebelles"/>
                  <SP HEIGHT="96" WIDTH="25" VPOS="652" HPOS="890"/>
                  <String HEIGHT="96" WIDTH="147" VPOS="652" HPOS="816" CONTENT="et"/>
                  <SP HEIGHT="96" WIDTH="25" VPOS="652" HPOS="963"/>
                  <String HEIGHT="96" WIDTH="147" VPOS="652" HPOS="890" CONTENT="la"/>
                  <SP HEIGHT="96" WIDTH="25" VPOS="652" HPOS="1037"/>
                  <String HEIGHT="96"
                          WIDTH="246"
                          VPOS="652"
                          HPOS="963"
                          CONTENT="grande"/>
                  <SP HEIGHT="96" WIDTH="25" VPOS="652" HPOS="1209"/>
                  <String HEIGHT="96"
                          WIDTH="221"
                          VPOS="652"
                          HPOS="1111"
                          CONTENT="Mosquée"/>
               </TextLine>
               <TextLine ID="tl_9"
                         BASELINE="812"
                         HEIGHT="78"
                         WIDTH="342"
                         VPOS="734"
                         HPOS="302">
                  <String HEIGHT="78"
                          WIDTH="182"
                          VPOS="734"
                          HPOS="279"
                          CONTENT="sont"/>
                  <SP HEIGHT="78" WIDTH="23" VPOS="734" HPOS="462"/>
                  <String HEIGHT="78"
                          WIDTH="274"
                          VPOS="734"
                          HPOS="370"
                          CONTENT="incendiés."/>
               </TextLine>
            </TextBlock>
            <TextBlock ID="r_1_3" HEIGHT="533" WIDTH="1024" VPOS="802" HPOS="303">
               <Shape>
                  <Polygon POINTS="303,802 1327,802 1327,1335 303,1335"/>
               </Shape>
               <TextLine ID="tl_10"
                         BASELINE="874"
                         HEIGHT="82"
                         WIDTH="977"
                         VPOS="792"
                         HPOS="354">
                  <String HEIGHT="82" WIDTH="136" VPOS="792" HPOS="331" CONTENT="Le"/>
                  <SP HEIGHT="82" WIDTH="23" VPOS="792" HPOS="468"/>
                  <String HEIGHT="82"
                          WIDTH="227"
                          VPOS="792"
                          HPOS="399"
                          CONTENT="moment"/>
                  <SP HEIGHT="82" WIDTH="23" VPOS="792" HPOS="627"/>
                  <String HEIGHT="82" WIDTH="136" VPOS="792" HPOS="558" CONTENT="du"/>
                  <SP HEIGHT="82" WIDTH="23" VPOS="792" HPOS="695"/>
                  <String HEIGHT="82"
                          WIDTH="250"
                          VPOS="792"
                          HPOS="627"
                          CONTENT="tableau"/>
                  <SP HEIGHT="82" WIDTH="23" VPOS="792" HPOS="877"/>
                  <String HEIGHT="82" WIDTH="159" VPOS="792" HPOS="808" CONTENT="est"/>
                  <SP HEIGHT="82" WIDTH="23" VPOS="792" HPOS="967"/>
                  <String HEIGHT="82"
                          WIDTH="204"
                          VPOS="792"
                          HPOS="899"
                          CONTENT="celui"/>
                  <SP HEIGHT="82" WIDTH="23" VPOS="792" HPOS="1104"/>
                  <String HEIGHT="82" WIDTH="136" VPOS="792" HPOS="1036" CONTENT="où"/>
                  <SP HEIGHT="82" WIDTH="23" VPOS="792" HPOS="1172"/>
                  <String HEIGHT="82"
                          WIDTH="159"
                          VPOS="792"
                          HPOS="1104"
                          CONTENT="les"/>
                  <SP HEIGHT="82" WIDTH="23" VPOS="792" HPOS="1263"/>
                  <String HEIGHT="82"
                          WIDTH="159"
                          VPOS="792"
                          HPOS="1172"
                          CONTENT="Fran"
                          SUBS_TYPE="HypPart1"
                          SUBS_CONTENT="François,"/>
                  <HYP CONTENT="-"/>
               </TextLine>
               <TextLine ID="tl_11"
                         BASELINE="939"
                         HEIGHT="79"
                         WIDTH="1027"
                         VPOS="860"
                         HPOS="301">
                  <String HEIGHT="79"
                          WIDTH="215"
                          VPOS="860"
                          HPOS="277"
                          CONTENT="çois,"
                          SUBS_TYPE="HypPart2"
                          SUBS_CONTENT="François,"/>
                  <SP HEIGHT="79" WIDTH="24" VPOS="860" HPOS="492"/>
                  <String HEIGHT="79"
                          WIDTH="215"
                          VPOS="860"
                          HPOS="420"
                          CONTENT="ayant"/>
                  <SP HEIGHT="79" WIDTH="24" VPOS="860" HPOS="635"/>
                  <String HEIGHT="79"
                          WIDTH="263"
                          VPOS="860"
                          HPOS="564"
                          CONTENT="pénétré"/>
                  <SP HEIGHT="79" WIDTH="24" VPOS="860" HPOS="826"/>
                  <String HEIGHT="79"
                          WIDTH="191"
                          VPOS="860"
                          HPOS="755"
                          CONTENT="dans"/>
                  <SP HEIGHT="79" WIDTH="24" VPOS="860" HPOS="946"/>
                  <String HEIGHT="79" WIDTH="143" VPOS="860" HPOS="874" CONTENT="la"/>
                  <SP HEIGHT="79" WIDTH="24" VPOS="860" HPOS="1018"/>
                  <String HEIGHT="79"
                          WIDTH="239"
                          VPOS="860"
                          HPOS="946"
                          CONTENT="grande"/>
                  <SP HEIGHT="79" WIDTH="24" VPOS="860" HPOS="1185"/>
                  <String HEIGHT="79"
                          WIDTH="239"
                          VPOS="860"
                          HPOS="1089"
                          CONTENT="Mosquée,"/>
               </TextLine>
               <TextLine ID="tl_12"
                         BASELINE="1013"
                         HEIGHT="79"
                         WIDTH="1029"
                         VPOS="934"
                         HPOS="302">
                  <String HEIGHT="79"
                          WIDTH="307"
                          VPOS="934"
                          HPOS="280"
                          CONTENT="combattent"/>
                  <SP HEIGHT="79" WIDTH="22" VPOS="934" HPOS="587"/>
                  <String HEIGHT="79" WIDTH="131" VPOS="934" HPOS="521" CONTENT="et"/>
                  <SP HEIGHT="79" WIDTH="22" VPOS="934" HPOS="652"/>
                  <String HEIGHT="79"
                          WIDTH="241"
                          VPOS="934"
                          HPOS="587"
                          CONTENT="mettent"/>
                  <SP HEIGHT="79" WIDTH="22" VPOS="934" HPOS="827"/>
                  <String HEIGHT="79" WIDTH="131" VPOS="934" HPOS="762" CONTENT="en"/>
                  <SP HEIGHT="79" WIDTH="22" VPOS="934" HPOS="893"/>
                  <String HEIGHT="79"
                          WIDTH="197"
                          VPOS="934"
                          HPOS="827"
                          CONTENT="fuite"/>
                  <SP HEIGHT="79" WIDTH="22" VPOS="934" HPOS="1024"/>
                  <String HEIGHT="79" WIDTH="153" VPOS="934" HPOS="959" CONTENT="les"/>
                  <SP HEIGHT="79" WIDTH="22" VPOS="934" HPOS="1112"/>
                  <String HEIGHT="79"
                          WIDTH="263"
                          VPOS="934"
                          HPOS="1046"
                          CONTENT="rebelles"/>
                  <SP HEIGHT="79" WIDTH="22" VPOS="934" HPOS="1309"/>
                  <String HEIGHT="79"
                          WIDTH="109"
                          VPOS="934"
                          HPOS="1222"
                          CONTENT="qui"/>
               </TextLine>
               <TextLine ID="tl_13"
                         BASELINE="1062"
                         HEIGHT="65"
                         WIDTH="1031"
                         VPOS="997"
                         HPOS="300">
                  <String HEIGHT="65" WIDTH="150" VPOS="997" HPOS="279" CONTENT="s’y"/>
                  <SP HEIGHT="65" WIDTH="21" VPOS="997" HPOS="429"/>
                  <String HEIGHT="65"
                          WIDTH="236"
                          VPOS="997"
                          HPOS="364"
                          CONTENT="étoient"/>
                  <SP HEIGHT="65" WIDTH="21" VPOS="997" HPOS="601"/>
                  <String HEIGHT="65"
                          WIDTH="322"
                          VPOS="997"
                          HPOS="536"
                          CONTENT="retranchés."/>
                  <SP HEIGHT="65" WIDTH="21" VPOS="997" HPOS="858"/>
                  <String HEIGHT="65" WIDTH="107" VPOS="997" HPOS="794" CONTENT="A"/>
                  <SP HEIGHT="65" WIDTH="21" VPOS="997" HPOS="901"/>
                  <String HEIGHT="65"
                          WIDTH="236"
                          VPOS="997"
                          HPOS="837"
                          CONTENT="droite,"/>
                  <SP HEIGHT="65" WIDTH="21" VPOS="997" HPOS="1073"/>
                  <String HEIGHT="65"
                          WIDTH="150"
                          VPOS="997"
                          HPOS="1009"
                          CONTENT="sur"/>
                  <SP HEIGHT="65" WIDTH="21" VPOS="997" HPOS="1159"/>
                  <String HEIGHT="65" WIDTH="129" VPOS="997" HPOS="1095" CONTENT="le"/>
                  <SP HEIGHT="65" WIDTH="21" VPOS="997" HPOS="1224"/>
                  <String HEIGHT="65"
                          WIDTH="193"
                          VPOS="997"
                          HPOS="1138"
                          CONTENT="devant,"/>
               </TextLine>
               <TextLine ID="tl_14"
                         BASELINE="1154"
                         HEIGHT="82"
                         WIDTH="1032"
                         VPOS="1072"
                         HPOS="301">
                  <String HEIGHT="82"
                          WIDTH="168"
                          VPOS="1072"
                          HPOS="277"
                          CONTENT="est"/>
                  <SP HEIGHT="82" WIDTH="24" VPOS="1072" HPOS="445"/>
                  <String HEIGHT="82" WIDTH="144" VPOS="1072" HPOS="373" CONTENT="un"/>
                  <SP HEIGHT="82" WIDTH="24" VPOS="1072" HPOS="517"/>
                  <String HEIGHT="82"
                          WIDTH="264"
                          VPOS="1072"
                          HPOS="445"
                          CONTENT="mameluk"/>
                  <SP HEIGHT="82" WIDTH="24" VPOS="1072" HPOS="709"/>
                  <String HEIGHT="82"
                          WIDTH="312"
                          VPOS="1072"
                          HPOS="637"
                          CONTENT="soutenant"/>
                  <SP HEIGHT="82" WIDTH="24" VPOS="1072" HPOS="949"/>
                  <String HEIGHT="82" WIDTH="144" VPOS="1072" HPOS="877" CONTENT="un"/>
                  <SP HEIGHT="82" WIDTH="24" VPOS="1072" HPOS="1021"/>
                  <String HEIGHT="82"
                          WIDTH="408"
                          VPOS="1072"
                          HPOS="925"
                          CONTENT="jeuneTurcblessé"/>
               </TextLine>
               <TextLine ID="tl_15"
                         BASELINE="1211"
                         HEIGHT="75"
                         WIDTH="1029"
                         VPOS="1136"
                         HPOS="300">
                  <String HEIGHT="75" WIDTH="120" VPOS="1136" HPOS="276" CONTENT="à"/>
                  <SP HEIGHT="75" WIDTH="24" VPOS="1136" HPOS="396"/>
                  <String HEIGHT="75"
                          WIDTH="191"
                          VPOS="1136"
                          HPOS="324"
                          CONTENT="mort"/>
                  <SP HEIGHT="75" WIDTH="24" VPOS="1136" HPOS="515"/>
                  <String HEIGHT="75"
                          WIDTH="215"
                          VPOS="1136"
                          HPOS="444"
                          CONTENT="qu’il"/>
                  <SP HEIGHT="75" WIDTH="24" VPOS="1136" HPOS="659"/>
                  <String HEIGHT="75"
                          WIDTH="239"
                          VPOS="1136"
                          HPOS="587"
                          CONTENT="défend"/>
                  <SP HEIGHT="75" WIDTH="24" VPOS="1136" HPOS="826"/>
                  <String HEIGHT="75"
                          WIDTH="239"
                          VPOS="1136"
                          HPOS="755"
                          CONTENT="encore"/>
                  <SP HEIGHT="75" WIDTH="24" VPOS="1136" HPOS="994"/>
                  <String HEIGHT="75"
                          WIDTH="191"
                          VPOS="1136"
                          HPOS="922"
                          CONTENT="avec"/>
                  <SP HEIGHT="75" WIDTH="24" VPOS="1136" HPOS="1114"/>
                  <String HEIGHT="75"
                          WIDTH="287"
                          VPOS="1136"
                          HPOS="1042"
                          CONTENT="courage."/>
                  <SP HEIGHT="75" WIDTH="24" VPOS="1136" HPOS="1329"/>
                  <String HEIGHT="75" WIDTH="96" VPOS="1136" HPOS="1233" CONTENT="On"/>
               </TextLine>
               <TextLine ID="tl_16"
                         BASELINE="1291"
                         HEIGHT="85"
                         WIDTH="1034"
                         VPOS="1206"
                         HPOS="297">
                  <String HEIGHT="85"
                          WIDTH="295"
                          VPOS="1206"
                          HPOS="272"
                          CONTENT="remarque"/>
                  <SP HEIGHT="85" WIDTH="25" VPOS="1206" HPOS="568"/>
                  <String HEIGHT="85"
                          WIDTH="222"
                          VPOS="1206"
                          HPOS="494"
                          CONTENT="aussi"/>
                  <SP HEIGHT="85" WIDTH="25" VPOS="1206" HPOS="716"/>
                  <String HEIGHT="85" WIDTH="148" VPOS="1206" HPOS="642" CONTENT="un"/>
                  <SP HEIGHT="85" WIDTH="25" VPOS="1206" HPOS="789"/>
                  <String HEIGHT="85"
                          WIDTH="222"
                          VPOS="1206"
                          HPOS="716"
                          CONTENT="nègre"/>
                  <SP HEIGHT="85" WIDTH="25" VPOS="1206" HPOS="937"/>
                  <String HEIGHT="85"
                          WIDTH="172"
                          VPOS="1206"
                          HPOS="863"
                          CONTENT="qui"/>
                  <SP HEIGHT="85" WIDTH="25" VPOS="1206" HPOS="1036"/>
                  <String HEIGHT="85"
                          WIDTH="222"
                          VPOS="1206"
                          HPOS="962"
                          CONTENT="porte"/>
                  <SP HEIGHT="85" WIDTH="25" VPOS="1206" HPOS="1183"/>
                  <String HEIGHT="85"
                          WIDTH="172"
                          VPOS="1206"
                          HPOS="1109"
                          CONTENT="une"/>
                  <SP HEIGHT="85" WIDTH="25" VPOS="1206" HPOS="1282"/>
                  <String HEIGHT="85"
                          WIDTH="148"
                          VPOS="1206"
                          HPOS="1183"
                          CONTENT="tête"/>
               </TextLine>
               <TextLine ID="tl_17"
                         BASELINE="1355"
                         HEIGHT="84"
                         WIDTH="1029"
                         VPOS="1271"
                         HPOS="298">
                  <String HEIGHT="84"
                          WIDTH="297"
                          VPOS="1271"
                          HPOS="275"
                          CONTENT="sanglante"/>
                  <SP HEIGHT="84" WIDTH="23" VPOS="1271" HPOS="572"/>
                  <String HEIGHT="84"
                          WIDTH="183"
                          VPOS="1271"
                          HPOS="504"
                          CONTENT="d’un"/>
                  <SP HEIGHT="84" WIDTH="23" VPOS="1271" HPOS="687"/>
                  <String HEIGHT="84"
                          WIDTH="366"
                          VPOS="1271"
                          HPOS="618"
                          CONTENT="Françoismort"/>
                  <SP HEIGHT="84" WIDTH="23" VPOS="1271" HPOS="984"/>
                  <String HEIGHT="84"
                          WIDTH="252"
                          VPOS="1271"
                          HPOS="915"
                          CONTENT="pendant"/>
                  <SP HEIGHT="84" WIDTH="23" VPOS="1271" HPOS="1167"/>
                  <String HEIGHT="84"
                          WIDTH="252"
                          VPOS="1271"
                          HPOS="1075"
                          CONTENT="l’action."/>
               </TextLine>
            </TextBlock>
            <TextBlock ID="r_1_4" HEIGHT="113" WIDTH="1128" VPOS="1347" HPOS="196">
               <Shape>
                  <Polygon POINTS="196,1347 1324,1347 1324,1460 196,1460"/>
               </Shape>
               <TextLine ID="tl_18"
                         BASELINE="1424"
                         HEIGHT="96"
                         WIDTH="1083"
                         VPOS="1328"
                         HPOS="247">
                  <String HEIGHT="96" WIDTH="135" VPOS="1328" HPOS="224" CONTENT="La"/>
                  <SP HEIGHT="96" WIDTH="23" VPOS="1328" HPOS="360"/>
                  <String HEIGHT="96"
                          WIDTH="271"
                          VPOS="1328"
                          HPOS="292"
                          CONTENT="fidélité"/>
                  <SP HEIGHT="96" WIDTH="23" VPOS="1328" HPOS="563"/>
                  <String HEIGHT="96"
                          WIDTH="158"
                          VPOS="1328"
                          HPOS="495"
                          CONTENT="des"/>
                  <SP HEIGHT="96" WIDTH="23" VPOS="1328" HPOS="653"/>
                  <String HEIGHT="96"
                          WIDTH="271"
                          VPOS="1328"
                          HPOS="585"
                          CONTENT="costumes"/>
                  <SP HEIGHT="96" WIDTH="23" VPOS="1328" HPOS="856"/>
                  <String HEIGHT="96" WIDTH="135" VPOS="1328" HPOS="789" CONTENT="et"/>
                  <SP HEIGHT="96" WIDTH="23" VPOS="1328" HPOS="924"/>
                  <String HEIGHT="96"
                          WIDTH="158"
                          VPOS="1328"
                          HPOS="856"
                          CONTENT="des"/>
                  <SP HEIGHT="96" WIDTH="23" VPOS="1328" HPOS="1014"/>
                  <String HEIGHT="96"
                          WIDTH="248"
                          VPOS="1328"
                          HPOS="946"
                          CONTENT="armures"/>
                  <SP HEIGHT="96" WIDTH="23" VPOS="1328" HPOS="1195"/>
                  <String HEIGHT="96"
                          WIDTH="158"
                          VPOS="1328"
                          HPOS="1127"
                          CONTENT="est"/>
                  <SP HEIGHT="96" WIDTH="23" VPOS="1328" HPOS="1285"/>
                  <String HEIGHT="96"
                          WIDTH="135"
                          VPOS="1328"
                          HPOS="1195"
                          CONTENT="très"/>
               </TextLine>
               <TextLine ID="tl_19"
                         BASELINE="1490"
                         HEIGHT="90"
                         WIDTH="694"
                         VPOS="1400"
                         HPOS="190">
                  <String HEIGHT="90"
                          WIDTH="185"
                          VPOS="1400"
                          HPOS="167"
                          CONTENT="bien"/>
                  <SP HEIGHT="90" WIDTH="23" VPOS="1400" HPOS="352"/>
                  <String HEIGHT="90"
                          WIDTH="278"
                          VPOS="1400"
                          HPOS="283"
                          CONTENT="observée"/>
                  <SP HEIGHT="90" WIDTH="23" VPOS="1400" HPOS="560"/>
                  <String HEIGHT="90"
                          WIDTH="185"
                          VPOS="1400"
                          HPOS="491"
                          CONTENT="dans"/>
                  <SP HEIGHT="90" WIDTH="23" VPOS="1400" HPOS="676"/>
                  <String HEIGHT="90" WIDTH="139" VPOS="1400" HPOS="606" CONTENT="ce"/>
                  <SP HEIGHT="90" WIDTH="23" VPOS="1400" HPOS="745"/>
                  <String HEIGHT="90"
                          WIDTH="231"
                          VPOS="1400"
                          HPOS="653"
                          CONTENT="tableau."/>
               </TextLine>
            </TextBlock>
            <TextBlock ID="r_1_5" HEIGHT="70" WIDTH="794" VPOS="1524" HPOS="200">
               <Shape>
                  <Polygon POINTS="200,1524 994,1524 994,1594 200,1594"/>
               </Shape>
               <TextLine ID="tl_20"
                         BASELINE="1603"
                         HEIGHT="98"
                         WIDTH="805"
                         VPOS="1505"
                         HPOS="194">
                  <String HEIGHT="98"
                          WIDTH="217"
                          VPOS="1505"
                          HPOS="163"
                          CONTENT="32."/>
                  <SP HEIGHT="98" WIDTH="31" VPOS="1505" HPOS="380"/>
                  <String HEIGHT="98" WIDTH="186" VPOS="1505" HPOS="287" CONTENT="Le"/>
                  <SP HEIGHT="98" WIDTH="31" VPOS="1505" HPOS="473"/>
                  <String HEIGHT="98"
                          WIDTH="341"
                          VPOS="1505"
                          HPOS="380"
                          CONTENT="sommeil"/>
                  <SP HEIGHT="98" WIDTH="31" VPOS="1505" HPOS="720"/>
                  <String HEIGHT="98"
                          WIDTH="403"
                          VPOS="1505"
                          HPOS="597"
                          CONTENT="d’Endymion."/>
               </TextLine>
            </TextBlock>
            <TextBlock ID="r_1_6" HEIGHT="595" WIDTH="1025" VPOS="1632" HPOS="296">
               <Shape>
                  <Polygon POINTS="296,1632 1321,1632 1321,2227 296,2227"/>
               </Shape>
               <TextLine ID="tl_21"
                         BASELINE="1684"
                         HEIGHT="72"
                         WIDTH="976"
                         VPOS="1612"
                         HPOS="350">
                  <String HEIGHT="72"
                          WIDTH="309"
                          VPOS="1612"
                          HPOS="326"
                          CONTENT="Endymion,"/>
                  <SP HEIGHT="72" WIDTH="24" VPOS="1612" HPOS="636"/>
                  <String HEIGHT="72"
                          WIDTH="238"
                          VPOS="1612"
                          HPOS="564"
                          CONTENT="fameux"/>
                  <SP HEIGHT="72" WIDTH="24" VPOS="1612" HPOS="802"/>
                  <String HEIGHT="72"
                          WIDTH="309"
                          VPOS="1612"
                          HPOS="731"
                          CONTENT="chasseur,"/>
                  <SP HEIGHT="72" WIDTH="24" VPOS="1612" HPOS="1040"/>
                  <String HEIGHT="72"
                          WIDTH="262"
                          VPOS="1612"
                          HPOS="969"
                          CONTENT="s’étant"/>
                  <SP HEIGHT="72" WIDTH="24" VPOS="1612" HPOS="1231"/>
                  <String HEIGHT="72"
                          WIDTH="190"
                          VPOS="1612"
                          HPOS="1136"
                          CONTENT="attiré"/>
               </TextLine>
               <TextLine ID="tl_22"
                         BASELINE="1753"
                         HEIGHT="61"
                         WIDTH="1036"
                         VPOS="1692"
                         HPOS="290">
                  <String HEIGHT="61"
                          WIDTH="158"
                          VPOS="1692"
                          HPOS="267"
                          CONTENT="les"/>
                  <SP HEIGHT="61" WIDTH="23" VPOS="1692" HPOS="425"/>
                  <String HEIGHT="61"
                          WIDTH="225"
                          VPOS="1692"
                          HPOS="358"
                          CONTENT="bonnes"/>
                  <SP HEIGHT="61" WIDTH="23" VPOS="1692" HPOS="583"/>
                  <String HEIGHT="61"
                          WIDTH="225"
                          VPOS="1692"
                          HPOS="515"
                          CONTENT="graces"/>
                  <SP HEIGHT="61" WIDTH="23" VPOS="1692" HPOS="740"/>
                  <String HEIGHT="61" WIDTH="135" VPOS="1692" HPOS="673" CONTENT="de"/>
                  <SP HEIGHT="61" WIDTH="23" VPOS="1692" HPOS="808"/>
                  <String HEIGHT="61"
                          WIDTH="248"
                          VPOS="1692"
                          HPOS="740"
                          CONTENT="Jupiter"/>
                  <SP HEIGHT="61" WIDTH="23" VPOS="1692" HPOS="988"/>
                  <String HEIGHT="61"
                          WIDTH="158"
                          VPOS="1692"
                          HPOS="921"
                          CONTENT="par"/>
                  <SP HEIGHT="61" WIDTH="23" VPOS="1692" HPOS="1078"/>
                  <String HEIGHT="61"
                          WIDTH="135"
                          VPOS="1692"
                          HPOS="1011"
                          CONTENT="sa"/>
                  <SP HEIGHT="61" WIDTH="23" VPOS="1692" HPOS="1146"/>
                  <String HEIGHT="61"
                          WIDTH="248"
                          VPOS="1692"
                          HPOS="1078"
                          CONTENT="justice"/>
                  <SP HEIGHT="61" WIDTH="23" VPOS="1692" HPOS="1326"/>
                  <String HEIGHT="61" WIDTH="90" VPOS="1692" HPOS="1236" CONTENT="et"/>
               </TextLine>
               <TextLine ID="tl_23"
                         BASELINE="1831"
                         HEIGHT="59"
                         WIDTH="1030"
                         VPOS="1772"
                         HPOS="296">
                  <String HEIGHT="59" WIDTH="144" VPOS="1772" HPOS="272" CONTENT="sa"/>
                  <SP HEIGHT="59" WIDTH="24" VPOS="1772" HPOS="416"/>
                  <String HEIGHT="59"
                          WIDTH="287"
                          VPOS="1772"
                          HPOS="344"
                          CONTENT="probité,"/>
                  <SP HEIGHT="59" WIDTH="24" VPOS="1772" HPOS="631"/>
                  <String HEIGHT="59"
                          WIDTH="168"
                          VPOS="1772"
                          HPOS="559"
                          CONTENT="fut"/>
                  <SP HEIGHT="59" WIDTH="24" VPOS="1772" HPOS="727"/>
                  <String HEIGHT="59"
                          WIDTH="192"
                          VPOS="1772"
                          HPOS="655"
                          CONTENT="reçu"/>
                  <SP HEIGHT="59" WIDTH="24" VPOS="1772" HPOS="847"/>
                  <String HEIGHT="59"
                          WIDTH="192"
                          VPOS="1772"
                          HPOS="775"
                          CONTENT="dans"/>
                  <SP HEIGHT="59" WIDTH="24" VPOS="1772" HPOS="967"/>
                  <String HEIGHT="59" WIDTH="144" VPOS="1772" HPOS="895" CONTENT="le"/>
                  <SP HEIGHT="59" WIDTH="24" VPOS="1772" HPOS="1039"/>
                  <String HEIGHT="59"
                          WIDTH="192"
                          VPOS="1772"
                          HPOS="967"
                          CONTENT="ciel"/>
                  <SP HEIGHT="59" WIDTH="24" VPOS="1772" HPOS="1158"/>
                  <String HEIGHT="59"
                          WIDTH="144"
                          VPOS="1772"
                          HPOS="1086"
                          CONTENT="au"/>
                  <SP HEIGHT="59" WIDTH="24" VPOS="1772" HPOS="1230"/>
                  <String HEIGHT="59"
                          WIDTH="192"
                          VPOS="1772"
                          HPOS="1134"
                          CONTENT="nombre"/>
               </TextLine>
               <TextLine ID="tl_24"
                         BASELINE="1886"
                         HEIGHT="58"
                         WIDTH="1031"
                         VPOS="1828"
                         HPOS="294">
                  <String HEIGHT="58"
                          WIDTH="157"
                          VPOS="1828"
                          HPOS="272"
                          CONTENT="des"/>
                  <SP HEIGHT="58" WIDTH="22" VPOS="1828" HPOS="428"/>
                  <String HEIGHT="58"
                          WIDTH="224"
                          VPOS="1828"
                          HPOS="361"
                          CONTENT="dieux."/>
                  <SP HEIGHT="58" WIDTH="22" VPOS="1828" HPOS="585"/>
                  <String HEIGHT="58"
                          WIDTH="202"
                          VPOS="1828"
                          HPOS="518"
                          CONTENT="Mais,"/>
                  <SP HEIGHT="58" WIDTH="22" VPOS="1828" HPOS="720"/>
                  <String HEIGHT="58"
                          WIDTH="269"
                          VPOS="1828"
                          HPOS="653"
                          CONTENT="oubliant"/>
                  <SP HEIGHT="58" WIDTH="22" VPOS="1828" HPOS="922"/>
                  <String HEIGHT="58"
                          WIDTH="247"
                          VPOS="1828"
                          HPOS="854"
                          CONTENT="bientôt"/>
                  <SP HEIGHT="58" WIDTH="22" VPOS="1828" HPOS="1101"/>
                  <String HEIGHT="58"
                          WIDTH="157"
                          VPOS="1828"
                          HPOS="1034"
                          CONTENT="une"/>
                  <SP HEIGHT="58" WIDTH="22" VPOS="1828" HPOS="1191"/>
                  <String HEIGHT="58"
                          WIDTH="224"
                          VPOS="1828"
                          HPOS="1101"
                          CONTENT="pareille"/>
               </TextLine>
               <TextLine ID="tl_25"
                         BASELINE="1971"
                         HEIGHT="72"
                         WIDTH="1033"
                         VPOS="1899"
                         HPOS="292">
                  <String HEIGHT="72"
                          WIDTH="258"
                          VPOS="1899"
                          HPOS="269"
                          CONTENT="faveur,"/>
                  <SP HEIGHT="72" WIDTH="23" VPOS="1899" HPOS="527"/>
                  <String HEIGHT="72" WIDTH="141" VPOS="1899" HPOS="456" CONTENT="ce"/>
                  <SP HEIGHT="72" WIDTH="23" VPOS="1899" HPOS="597"/>
                  <String HEIGHT="72"
                          WIDTH="211"
                          VPOS="1899"
                          HPOS="527"
                          CONTENT="jeune"/>
                  <SP HEIGHT="72" WIDTH="23" VPOS="1899" HPOS="738"/>
                  <String HEIGHT="72"
                          WIDTH="211"
                          VPOS="1899"
                          HPOS="668"
                          CONTENT="homme"/>
                  <SP HEIGHT="72" WIDTH="23" VPOS="1899" HPOS="879"/>
                  <String HEIGHT="72"
                          WIDTH="164"
                          VPOS="1899"
                          HPOS="809"
                          CONTENT="osa"/>
                  <SP HEIGHT="72" WIDTH="23" VPOS="1899" HPOS="973"/>
                  <String HEIGHT="72"
                          WIDTH="235"
                          VPOS="1899"
                          HPOS="902"
                          CONTENT="brûler"/>
                  <SP HEIGHT="72" WIDTH="23" VPOS="1899" HPOS="1137"/>
                  <String HEIGHT="72"
                          WIDTH="188"
                          VPOS="1899"
                          HPOS="1067"
                          CONTENT="d’un"/>
                  <SP HEIGHT="72" WIDTH="23" VPOS="1899" HPOS="1255"/>
                  <String HEIGHT="72"
                          WIDTH="164"
                          VPOS="1899"
                          HPOS="1161"
                          CONTENT="amour"/>
               </TextLine>
               <TextLine ID="tl_26"
                         BASELINE="2030"
                         HEIGHT="59"
                         WIDTH="1029"
                         VPOS="1971"
                         HPOS="293">
                  <String HEIGHT="59"
                          WIDTH="311"
                          VPOS="1971"
                          HPOS="269"
                          CONTENT="téméraire"/>
                  <SP HEIGHT="59" WIDTH="24" VPOS="1971" HPOS="580"/>
                  <String HEIGHT="59"
                          WIDTH="191"
                          VPOS="1971"
                          HPOS="508"
                          CONTENT="pour"/>
                  <SP HEIGHT="59" WIDTH="24" VPOS="1971" HPOS="700"/>
                  <String HEIGHT="59"
                          WIDTH="239"
                          VPOS="1971"
                          HPOS="628"
                          CONTENT="Junon,"/>
                  <SP HEIGHT="59" WIDTH="24" VPOS="1971" HPOS="867"/>
                  <String HEIGHT="59"
                          WIDTH="287"
                          VPOS="1971"
                          HPOS="796"
                          CONTENT="l’épouse"/>
                  <SP HEIGHT="59" WIDTH="24" VPOS="1971" HPOS="1083"/>
                  <String HEIGHT="59"
                          WIDTH="144"
                          VPOS="1971"
                          HPOS="1011"
                          CONTENT="de"/>
                  <SP HEIGHT="59" WIDTH="24" VPOS="1971" HPOS="1154"/>
                  <String HEIGHT="59"
                          WIDTH="168"
                          VPOS="1971"
                          HPOS="1083"
                          CONTENT="son"/>
                  <SP HEIGHT="59" WIDTH="24" VPOS="1971" HPOS="1250"/>
                  <String HEIGHT="59"
                          WIDTH="168"
                          VPOS="1971"
                          HPOS="1154"
                          CONTENT="bien"
                          SUBS_TYPE="HypPart1"
                          SUBS_CONTENT="bienfaiteur."/>
                  <HYP CONTENT="-"/>
               </TextLine>
               <TextLine ID="tl_27"
                         BASELINE="2111"
                         HEIGHT="75"
                         WIDTH="1030"
                         VPOS="2036"
                         HPOS="291">
                  <String HEIGHT="75"
                          WIDTH="281"
                          VPOS="2036"
                          HPOS="268"
                          CONTENT="faiteur."
                          SUBS_TYPE="HypPart2"
                          SUBS_CONTENT="bienfaiteur."/>
                  <SP HEIGHT="75" WIDTH="23" VPOS="2036" HPOS="549"/>
                  <String HEIGHT="75"
                          WIDTH="281"
                          VPOS="2036"
                          HPOS="478"
                          CONTENT="Jupiter,"/>
                  <SP HEIGHT="75" WIDTH="23" VPOS="2036" HPOS="759"/>
                  <String HEIGHT="75"
                          WIDTH="187"
                          VPOS="2036"
                          HPOS="689"
                          CONTENT="pour"/>
                  <SP HEIGHT="75" WIDTH="23" VPOS="2036" HPOS="876"/>
                  <String HEIGHT="75" WIDTH="140" VPOS="2036" HPOS="806" CONTENT="le"/>
                  <SP HEIGHT="75" WIDTH="23" VPOS="2036" HPOS="946"/>
                  <String HEIGHT="75"
                          WIDTH="234"
                          VPOS="2036"
                          HPOS="876"
                          CONTENT="punir,"/>
                  <SP HEIGHT="75" WIDTH="23" VPOS="2036" HPOS="1110"/>
                  <String HEIGHT="75"
                          WIDTH="140"
                          VPOS="2036"
                          HPOS="1040"
                          CONTENT="le"/>
                  <SP HEIGHT="75" WIDTH="23" VPOS="2036" HPOS="1181"/>
                  <String HEIGHT="75"
                          WIDTH="234"
                          VPOS="2036"
                          HPOS="1087"
                          CONTENT="condamna"/>
               </TextLine>
               <TextLine ID="tl_28"
                         BASELINE="2181"
                         HEIGHT="80"
                         WIDTH="1026"
                         VPOS="2101"
                         HPOS="294">
                  <String HEIGHT="80" WIDTH="114" VPOS="2101" HPOS="271" CONTENT="à"/>
                  <SP HEIGHT="80" WIDTH="23" VPOS="2101" HPOS="385"/>
                  <String HEIGHT="80"
                          WIDTH="228"
                          VPOS="2101"
                          HPOS="317"
                          CONTENT="dormir"/>
                  <SP HEIGHT="80" WIDTH="23" VPOS="2101" HPOS="545"/>
                  <String HEIGHT="80"
                          WIDTH="182"
                          VPOS="2101"
                          HPOS="476"
                          CONTENT="d’un"/>
                  <SP HEIGHT="80" WIDTH="23" VPOS="2101" HPOS="659"/>
                  <String HEIGHT="80"
                          WIDTH="251"
                          VPOS="2101"
                          HPOS="590"
                          CONTENT="sommeil"/>
                  <SP HEIGHT="80" WIDTH="23" VPOS="2101" HPOS="841"/>
                  <String HEIGHT="80"
                          WIDTH="251"
                          VPOS="2101"
                          HPOS="773"
                          CONTENT="éternel"/>
                  <SP HEIGHT="80" WIDTH="23" VPOS="2101" HPOS="1024"/>
                  <String HEIGHT="80"
                          WIDTH="182"
                          VPOS="2101"
                          HPOS="955"
                          CONTENT="dans"/>
                  <SP HEIGHT="80" WIDTH="23" VPOS="2101" HPOS="1138"/>
                  <String HEIGHT="80"
                          WIDTH="160"
                          VPOS="2101"
                          HPOS="1069"
                          CONTENT="une"/>
                  <SP HEIGHT="80" WIDTH="23" VPOS="2101" HPOS="1229"/>
                  <String HEIGHT="80"
                          WIDTH="182"
                          VPOS="2101"
                          HPOS="1138"
                          CONTENT="grotte"/>
               </TextLine>
               <TextLine ID="tl_29"
                         BASELINE="2256"
                         HEIGHT="92"
                         WIDTH="1023"
                         VPOS="2164"
                         HPOS="294">
                  <String HEIGHT="92" WIDTH="150" VPOS="2164" HPOS="269" CONTENT="du"/>
                  <SP HEIGHT="92" WIDTH="25" VPOS="2164" HPOS="419"/>
                  <String HEIGHT="92"
                          WIDTH="200"
                          VPOS="2164"
                          HPOS="344"
                          CONTENT="mont"/>
                  <SP HEIGHT="92" WIDTH="25" VPOS="2164" HPOS="544"/>
                  <String HEIGHT="92"
                          WIDTH="299"
                          VPOS="2164"
                          HPOS="469"
                          CONTENT="Lathmos,"/>
                  <SP HEIGHT="92" WIDTH="25" VPOS="2164" HPOS="768"/>
                  <String HEIGHT="92" WIDTH="150" VPOS="2164" HPOS="693" CONTENT="en"/>
                  <SP HEIGHT="92" WIDTH="25" VPOS="2164" HPOS="843"/>
                  <String HEIGHT="92"
                          WIDTH="250"
                          VPOS="2164"
                          HPOS="768"
                          CONTENT="Carie."/>
                  <SP HEIGHT="92" WIDTH="25" VPOS="2164" HPOS="1018"/>
                  <String HEIGHT="92" WIDTH="150" VPOS="2164" HPOS="943" CONTENT="Sa"/>
                  <SP HEIGHT="92" WIDTH="25" VPOS="2164" HPOS="1092"/>
                  <String HEIGHT="92"
                          WIDTH="250"
                          VPOS="2164"
                          HPOS="1018"
                          CONTENT="beauté"/>
                  <SP HEIGHT="92" WIDTH="25" VPOS="2164" HPOS="1267"/>
                  <String HEIGHT="92"
                          WIDTH="150"
                          VPOS="2164"
                          HPOS="1167"
                          CONTENT="tou"/>
               </TextLine>
            </TextBlock>
            <GraphicalElement ID="r_2" HEIGHT="15" WIDTH="432" VPOS="43" HPOS="555"/>
            <GraphicalElement ID="r_3" HEIGHT="15" WIDTH="368" VPOS="49" HPOS="271"/>
            <GraphicalElement ID="r_4" HEIGHT="23" WIDTH="821" VPOS="59" HPOS="639"/>
            <GraphicalElement ID="r_5" HEIGHT="2128" WIDTH="52" VPOS="264" HPOS="54"/>
            <GraphicalElement ID="r_6" HEIGHT="131" WIDTH="7" VPOS="1564" HPOS="1503"/>
            <GraphicalElement ID="r_7" HEIGHT="259" WIDTH="19" VPOS="66" HPOS="1515"/>
            <GraphicalElement ID="r_8" HEIGHT="325" WIDTH="24" VPOS="1360" HPOS="1516"/>
            <GraphicalElement ID="r_9" HEIGHT="503" WIDTH="23" VPOS="857" HPOS="1525"/>
            <GraphicalElement ID="r_10" HEIGHT="108" WIDTH="5" VPOS="254" HPOS="1529"/>
            <GraphicalElement ID="r_11" HEIGHT="783" WIDTH="33" VPOS="70" HPOS="1530"/>
         </PrintSpace>
      </Page>
   </Layout>
</alto>
