2555.9055118110236 4360.629921259842
1083.4645669291338 253.54330708661416 240.9448818897638 171.6535433070866 (
1179.5275590551182 253.54330708661416 288.18897637795277 171.6535433070866 34
1275.5905511811025 253.54330708661416 144.88188976377953 171.6535433070866 )

503.93700787401576 415.748031496063 274.01574803149606 119.68503937007874 cha
659.8425196850394 415.748031496063 234.64566929133858 119.68503937007874 le
777.9527559055118 415.748031496063 311.81102362204723 119.68503937007874 cœur
973.2283464566929 415.748031496063 234.64566929133858 119.68503937007874 de
1089.763779527559 415.748031496063 390.5511811023622 119.68503937007874 Diane,
1363.7795275590552 415.748031496063 390.5511811023622 119.68503937007874 déesse
1637.7952755905512 415.748031496063 234.64566929133858 119.68503937007874 de
1754.3307086614172 415.748031496063 234.64566929133858 119.68503937007874 la
1833.0708661417323 415.748031496063 351.18110236220474 119.68503937007874 chasse,

508.66141732283467 541.7322834645669 280.31496062992125 110.23622047244095 qui,
683.4645669291339 541.7322834645669 209.4488188976378 110.23622047244095 la
788.9763779527559 541.7322834645669 314.96062992125985 110.23622047244095 nuit,
998.4251968503937 541.7322834645669 455.11811023622045 110.23622047244095 éclairoit
1348.0314960629921 541.7322834645669 209.4488188976378 110.23622047244095 la
1453.5433070866143 541.7322834645669 314.96062992125985 110.23622047244095 terre
1662.992125984252 541.7322834645669 280.31496062992125 110.23622047244095 sous
1839.3700787401574 541.7322834645669 209.4488188976378 110.23622047244095 la
1908.6614173228347 541.7322834645669 280.31496062992125 110.23622047244095 figure

513.3858267716536 637.7952755905512 218.89763779527559 111.81102362204724 de
622.0472440944882 637.7952755905512 218.89763779527559 111.81102362204724 la
732.2834645669292 637.7952755905512 327.5590551181102 111.81102362204724 lune.
951.1811023622047 637.7952755905512 327.5590551181102 111.81102362204724 Comme
1170.0787401574803 637.7952755905512 365.3543307086614 111.81102362204724 déesse
1425.1968503937007 637.7952755905512 218.89763779527559 111.81102362204724 de
1533.8582677165355 637.7952755905512 218.89763779527559 111.81102362204724 la
1644.0944881889764 637.7952755905512 474.01574803149606 111.81102362204724 chasteté,
1971.6535433070867 637.7952755905512 218.89763779527559 111.81102362204724 elle

508.66141732283467 737.007874015748 496.06299212598424 132.28346456692913 craignoit
889.7637795275591 737.007874015748 267.7165354330709 132.28346456692913 que
1042.5196850393702 737.007874015748 305.51181102362204 132.28346456692913 l’on
1234.6456692913387 737.007874015748 229.92125984251967 132.28346456692913 ne
1348.0314960629921 737.007874015748 496.06299212598424 132.28346456692913 découvrit
1730.708661417323 737.007874015748 267.7165354330709 132.28346456692913 ses
1845.6692913385828 737.007874015748 343.3070866141732 132.28346456692913 amours;

513.3858267716536 847.2440944881889 329.13385826771656 135.43307086614172 c’est
732.2834645669292 847.2440944881889 437.79527559055117 135.43307086614172 pourquoi
1061.4173228346456 847.2440944881889 292.9133858267717 135.43307086614172 elle
1244.0944881889764 847.2440944881889 475.59055118110234 135.43307086614172 attendoit
1609.4488188976377 847.2440944881889 255.11811023622047 135.43307086614172 que
1755.9055118110236 847.2440944881889 218.89763779527559 135.43307086614172 le
1864.5669291338584 847.2440944881889 292.9133858267717 135.43307086614172 jour
2011.023622047244 847.2440944881889 182.6771653543307 135.43307086614172 fût

513.3858267716536 968.503937007874 343.3070866141732 129.13385826771653 passé
741.7322834645669 968.503937007874 305.51181102362204 129.13385826771653 pour
932.2834645669292 968.503937007874 420.4724409448819 129.13385826771653 visiter
1237.7952755905512 968.503937007874 267.7165354330709 129.13385826771653 son
1390.5511811023623 968.503937007874 343.3070866141732 129.13385826771653 amant
1620.4724409448818 968.503937007874 228.3464566929134 129.13385826771653 et
1696.0629921259842 968.503937007874 496.06299212598424 129.13385826771653 l’embrasser

513.3858267716536 1066.1417322834645 420.4724409448819 152.75590551181102 pendant
818.8976377952756 1066.1417322834645 344.88188976377955 152.75590551181102 qu’il
1048.8188976377953 1066.1417322834645 458.26771653543307 152.75590551181102 dormoit.
1392.1259842519685 1066.1417322834645 344.88188976377955 152.75590551181102 C’est
1622.0472440944882 1066.1417322834645 229.92125984251967 152.75590551181102 ce
1737.007874015748 1066.1417322834645 420.4724409448819 152.75590551181102 dernier
2004.724409448819 1066.1417322834645 190.5511811023622 152.75590551181102 mo-

516.5354330708661 1203.1496062992126 321.25984251968504 110.23622047244095 ment
716.5354330708661 1203.1496062992126 280.31496062992125 110.23622047244095 que
877.1653543307086 1203.1496062992126 521.2598425196851 110.23622047244095 l’artiste
1277.1653543307086 1203.1496062992126 200.0 110.23622047244095 a
1357.4803149606298 1203.1496062992126 440.9448818897638 110.23622047244095 choisi.
1677.1653543307086 1203.1496062992126 321.25984251968504 110.23622047244095 Dans
1877.1653543307086 1203.1496062992126 240.9448818897638 110.23622047244095 un
1957.4803149606298 1203.1496062992126 240.9448818897638 110.23622047244095 bois

514.9606299212599 1308.6614173228347 240.9448818897638 103.93700787401575 de
634.6456692913385 1308.6614173228347 521.2598425196851 103.93700787401575 platanes,
1034.6456692913387 1308.6614173228347 480.31496062992125 103.93700787401575 Endymion
1395.275590551181 1308.6614173228347 400.0 103.93700787401575 couché
1675.5905511811025 1308.6614173228347 280.31496062992125 103.93700787401575 sur
1836.2204724409448 1308.6614173228347 280.31496062992125 103.93700787401575 son
1955.9055118110236 1308.6614173228347 240.9448818897638 103.93700787401575 man-

516.5354330708661 1404.724409448819 292.9133858267717 100.78740157480316 teau
699.2125984251968 1404.724409448819 218.89763779527559 100.78740157480316 et
809.4488188976378 1404.724409448819 256.6929133858268 100.78740157480316 une
954.3307086614174 1404.724409448819 292.9133858267717 100.78740157480316 peau
1138.5826771653544 1404.724409448819 218.89763779527559 100.78740157480316 de
1247.244094488189 1404.724409448819 365.3543307086614 100.78740157480316 tigre,
1503.9370078740158 1404.724409448819 365.3543307086614 100.78740157480316 paroît
1759.0551181102362 1404.724409448819 365.3543307086614 100.78740157480316 plongé
1979.5275590551182 1404.724409448819 218.89763779527559 100.78740157480316 dans

522.8346456692914 1499.2125984251968 223.6220472440945 132.28346456692913 le
634.6456692913385 1499.2125984251968 299.21259842519686 132.28346456692913 plus
822.0472440944882 1499.2125984251968 411.0236220472441 132.28346456692913 profond
1121.259842519685 1499.2125984251968 447.244094488189 132.28346456692913 sommeil.
1456.6929133858268 1499.2125984251968 299.21259842519686 132.28346456692913 Près
1642.5196850393702 1499.2125984251968 223.6220472440945 132.28346456692913 de
1755.9055118110236 1499.2125984251968 261.4173228346457 132.28346456692913 lui
1903.9370078740158 1499.2125984251968 223.6220472440945 132.28346456692913 on
1979.5275590551182 1499.2125984251968 223.6220472440945 132.28346456692913 voit

522.8346456692914 1628.3464566929133 428.34645669291336 100.78740157480316 voltiger
845.6692913385826 1628.3464566929133 393.7007874015748 100.78740157480316 Zéphire
1130.708661417323 1628.3464566929133 250.39370078740157 100.78740157480316 qui
1274.015748031496 1628.3464566929133 214.17322834645668 100.78740157480316 se
1381.1023622047244 1628.3464566929133 393.7007874015748 100.78740157480316 suspend
1667.716535433071 1628.3464566929133 177.95275590551182 100.78740157480316 à
1738.5826771653544 1628.3464566929133 250.39370078740157 100.78740157480316 des
1845.6692913385828 1628.3464566929133 357.4803149606299 100.78740157480316 branches

522.8346456692914 1724.4094488188975 436.2204724409449 118.11023622047244 d’arbres
850.3937007874016 1724.4094488188975 291.33858267716533 118.11023622047244 pour
1031.4960629921259 1724.4094488188975 400.0 118.11023622047244 laisser
1322.8346456692914 1724.4094488188975 436.2204724409449 118.11023622047244 pénêtrer
1650.3937007874015 1724.4094488188975 218.89763779527559 118.11023622047244 un
1760.6299212598426 1724.4094488188975 327.5590551181102 118.11023622047244 rayon
1977.9527559055118 1724.4094488188975 218.89763779527559 118.11023622047244 de
2051.968503937008 1724.4094488188975 144.88188976377953 118.11023622047244 la

519.6850393700787 1826.7716535433071 327.5590551181102 124.40944881889764 lune,
737.007874015748 1826.7716535433071 255.11811023622047 124.40944881889764 qui
883.4645669291339 1826.7716535433071 363.7795275590551 124.40944881889764 semble
1137.007874015748 1826.7716535433071 218.89763779527559 124.40944881889764 se
1247.244094488189 1826.7716535433071 327.5590551181102 124.40944881889764 fixer
1464.5669291338584 1826.7716535433071 255.11811023622047 124.40944881889764 sur
1611.023622047244 1826.7716535433071 218.89763779527559 124.40944881889764 la
1719.6850393700788 1826.7716535433071 363.7795275590551 124.40944881889764 bouche
1937.007874015748 1826.7716535433071 255.11811023622047 124.40944881889764 d’En-

521.2598425196851 1943.3070866141732 429.9212598425197 100.78740157480316 dymion:
834.6456692913385 1943.3070866141732 311.81102362204723 100.78740157480316 idée
1028.3464566929133 1943.3070866141732 546.4566929133858 100.78740157480316 ingénieuse
1458.267716535433 1943.3070866141732 234.64566929133858 100.78740157480316 du
1574.8031496062993 1943.3070866141732 429.9212598425197 100.78740157480316 peintre
1888.1889763779527 1943.3070866141732 274.01574803149606 100.78740157480316 qui
2004.724409448819 1943.3070866141732 195.2755905511811 100.78740157480316 in-

525.9842519685039 2053.5433070866143 327.5590551181102 113.38582677165354 dique
744.8818897637796 2053.5433070866143 218.89763779527559 113.38582677165354 le
853.5433070866142 2053.5433070866143 327.5590551181102 113.38582677165354 moyen
1072.4409448818897 2053.5433070866143 291.33858267716533 113.38582677165354 dont
1255.1181102362204 2053.5433070866143 218.89763779527559 113.38582677165354 se
1363.7795275590552 2053.5433070866143 401.5748031496063 113.38582677165354 servoit
1656.6929133858268 2053.5433070866143 218.89763779527559 113.38582677165354 la
1765.3543307086613 2053.5433070866143 365.3543307086614 113.38582677165354 déesse
1984.251968503937 2053.5433070866143 218.89763779527559 113.38582677165354 pour

522.8346456692914 2173.228346456693 409.4488188976378 97.63779527559055 donner
809.4488188976378 2173.228346456693 286.61417322834643 97.63779527559055 des
973.2283464566929 2173.228346456693 450.3937007874016 97.63779527559055 baisers
1300.7874015748032 2173.228346456693 204.7244094488189 97.63779527559055 à
1384.251968503937 2173.228346456693 245.66929133858267 97.63779527559055 ce
1507.0866141732283 2173.228346456693 368.503937007874 97.63779527559055 jeune
1711.8110236220473 2173.228346456693 491.33858267716533 97.63779527559055 demi

529.1338582677165 2270.8661417322833 365.3543307086614 111.81102362204724 L’arc,
784.2519685039371 2270.8661417322833 218.89763779527559 111.81102362204724 le
894.488188976378 2270.8661417322833 475.59055118110234 111.81102362204724 carquois,
1261.4173228346456 2270.8661417322833 218.89763779527559 111.81102362204724 et
1370.0787401574803 2270.8661417322833 218.89763779527559 111.81102362204724 le
1480.3149606299212 2270.8661417322833 329.13385826771656 111.81102362204724 chien
1700.7874015748032 2270.8661417322833 256.6929133858268 111.81102362204724 que
1847.244094488189 2270.8661417322833 292.9133858267717 111.81102362204724 l’on
1993.7007874015749 2270.8661417322833 218.89763779527559 111.81102362204724 voit

530.7086614173228 2379.527559055118 327.5590551181102 143.30708661417322 dans
735.4330708661417 2379.527559055118 451.9685039370079 143.30708661417322 l’ombre
1064.5669291338584 2379.527559055118 533.8582677165355 143.30708661417322 annoncent
1474.015748031496 2379.527559055118 615.7480314960629 143.30708661417322 qu’Endymion
1925.984251968504 2379.527559055118 286.61417322834643 143.30708661417322 étoit

529.1338582677165 2502.3622047244094 234.64566929133858 111.81102362204724 un
607.8740157480315 2502.3622047244094 429.9212598425197 111.81102362204724 chasseur.

453.54330708661416 2596.850393700787 206.29921259842519 133.85826771653544 Ce
557.4803149606299 2596.850393700787 379.5275590551181 133.85826771653544 tableau
833.0708661417323 2596.850393700787 171.6535433070866 133.85826771653544 a
902.3622047244095 2596.850393700787 240.9448818897638 133.85826771653544 été
1039.3700787401574 2596.850393700787 310.23622047244095 133.85826771653544 peint
1245.6692913385828 2596.850393700787 206.29921259842519 133.85826771653544 en
1314.9606299212599 2596.850393700787 310.23622047244095 133.85826771653544 Italie.

357.4803149606299 2829.9212598425197 335.43307086614175 195.2755905511811 33.
548.0314960629921 2829.9212598425197 431.496062992126 195.2755905511811 Atala
836.2204724409448 2829.9212598425197 288.18897637795277 195.2755905511811 au
932.2834645669292 2829.9212598425197 478.74015748031496 195.2755905511811 tombeau.

628.3464566929134 3031.496062992126 464.56692913385825 116.53543307086615 Chactas,
977.9527559055118 3031.496062992126 387.40157480314963 116.53543307086615 Indien
1248.8188976377953 3031.496062992126 231.49606299212599 116.53543307086615 de
1363.7795275590552 3031.496062992126 231.49606299212599 116.53543307086615 la
1480.3149606299212 3031.496062992126 387.40157480314963 116.53543307086615 nation
1751.1811023622047 3031.496062992126 231.49606299212599 116.53543307086615 de
1828.3464566929133 3031.496062992126 387.40157480314963 116.53543307086615 Natchez,

543.3070866141733 3146.4566929133857 335.43307086614175 116.53543307086615 avoit
766.9291338582677 3146.4566929133857 371.65354330708664 116.53543307086615 trouvé
1026.7716535433071 3146.4566929133857 631.496062992126 116.53543307086615 l’hospitalité
1548.0314960629921 3146.4566929133857 185.82677165354332 116.53543307086615 à
1585.8267716535433 3146.4566929133857 631.496062992126 116.53543307086615 Saint

543.3070866141733 3248.818897637795 335.43307086614175 107.08661417322834 ville
766.9291338582677 3248.818897637795 223.6220472440945 107.08661417322834 de
878.7401574803149 3248.818897637795 223.6220472440945 107.08661417322834 la
990.5511811023622 3248.818897637795 447.244094488189 107.08661417322834 Floride,
1325.984251968504 3248.818897637795 297.6377952755906 107.08661417322834 chez
1511.8110236220473 3248.818897637795 223.6220472440945 107.08661417322834 un
1623.6220472440946 3248.818897637795 335.43307086614175 107.08661417322834 vieux
1809.4488188976377 3248.818897637795 409.4488188976378 107.08661417322834 Castillan

551.1811023622047 3352.755905511811 319.68503937007875 137.00787401574803 nommé
765.3543307086615 3352.755905511811 355.90551181102364 137.00787401574803 Lopez,
1014.1732283464567 3352.755905511811 248.8188976377953 137.00787401574803 qui
1157.4803149606298 3352.755905511811 426.7716535433071 137.00787401574803 l’adopta
1477.1653543307086 3352.755905511811 285.03937007874015 137.00787401574803 pour
1655.1181102362204 3352.755905511811 248.8188976377953 137.00787401574803 son
1798.4251968503936 3352.755905511811 319.68503937007875 137.00787401574803 fils.
1976.3779527559054 3352.755905511811 248.8188976377953 137.00787401574803 L’at-

548.0314960629921 3494.488188976378 483.46456692913387 103.93700787401575 tachement
921.2598425196851 3494.488188976378 259.84251968503935 103.93700787401575 que
1069.291338582677 3494.488188976378 259.84251968503935 103.93700787401575 lui
1217.3228346456692 3494.488188976378 521.2598425196851 103.93700787401575 témoignoit
1626.7716535433071 3494.488188976378 259.84251968503935 103.93700787401575 cet
1776.3779527559054 3494.488188976378 445.6692913385827 103.93700787401575 étranger
2074.015748031496 3494.488188976378 148.03149606299212 103.93700787401575 ne
