1533 2691
588 147 149 103 (
648 147 179 103 35
708 147 90 103 )

227 223 153 100 put
315 223 197 100 fixer
446 223 131 100 le
512 223 197 100 jeune
643 223 241 100 sauvage
819 223 219 100 auprès
972 223 131 100 de
1038 223 175 100 lui:
1148 223 131 100 il
1191 223 88 100 se

225 320 245 78 sépara
397 320 147 78 de
471 320 221 78 Lopez
618 320 196 78 pour
740 320 319 78 retourner
986 320 196 78 dans
1108 320 147 78 sa
1157 320 123 78 pa-

227 390 206 73 trie,
364 390 206 73 qu’il
502 390 320 73 regrettoit
754 390 229 73 chaque
914 390 206 73 jour.
1051 390 137 73 En
1097 390 183 73 chemin

227 451 132 77 il
293 451 154 77 fut
381 451 176 77 fait
491 451 308 77 prisonnier
733 451 154 77 par
821 451 154 77 les
909 451 352 77 Muscohulges,
1173 451 110 77 en-

228 526 212 76 nemis
369 526 141 76 de
439 526 141 76 sa
510 526 259 76 nation,
698 526 141 76 et
768 526 282 76 condamné
980 526 118 76 à
1027 526 188 76 être
1121 526 165 76 brûlé

228 593 176 74 vif.
338 593 176 74 Déja
448 593 154 74 son
537 593 265 74 supplice
735 593 331 74 s’apprétoit
999 593 176 74 dans
1110 593 132 74 un
1154 593 132 74 bois

233 668 119 64 de
293 668 199 64 cyprès
432 668 199 64 appelé
571 668 179 64 <i>le
691 668 159 64 Bois
790 668 119 64 du
850 668 259 64 sang;</i>
1049 668 119 64 la
1089 668 199 64 jeunesse

232 730 140 69 et
302 730 140 69 la
372 730 234 69 beauté
536 730 140 69 du
606 730 328 69 prisonnier
864 730 351 69 inspirèrent
1145 730 140 69 un
1191 730 94 69 si

231 802 235 71 tendre
395 802 258 71 intérêt
583 802 117 71 à
630 802 235 71 Atala,
794 802 141 71 la
864 802 211 71 fille
1005 802 141 71 de
1052 802 235 71 Simaghan

233 865 184 64 chef
348 865 161 64 des
440 865 368 64 Muscohulges,
739 865 253 64 qu’elle
922 865 253 64 délivra
1083 865 207 64 Chactas

228 951 259 55 pendant
417 951 141 55 la
488 951 212 55 nuit,
629 951 141 55 et
700 951 283 55 s’enfuit
912 951 189 55 avec
1030 951 189 55 lui.
1124 951 165 55 Après

234 1014 198 66 avoir
366 1014 264 66 traversé
564 1014 154 66 les
652 1014 198 66 bois,
783 1014 198 66 Atala
915 1014 132 66 et
981 1014 242 66 Chactas
1135 1014 154 66 arri-

232 1084 240 62 vèrent
400 1084 192 62 dans
521 1084 168 62 une
617 1084 265 62 contrée
809 1084 265 62 habitée
1001 1084 168 62 par
1098 1084 168 62 des
1170 1084 120 62 In-

232 1140 222 76 diens
380 1140 173 76 que
479 1140 148 76 le
553 1140 148 76 P.
627 1140 247 76 Aubry,
800 1140 419 76 missionnaire,
1120 1140 173 76 avoit

234 1226 221 60 rendus
388 1226 110 60 à
433 1226 132 60 la
499 1226 265 60 religion
697 1226 331 60 catholique.
962 1226 199 60 Après
1094 1226 154 60 des
1161 1226 132 60 con-

235 1278 288 92 fidences
451 1278 360 92 réciproques
739 1278 264 92 Chactas
931 1278 264 92 apprend
1123 1278 168 92 que
1195 1278 96 92 sa

233 1348 222 76 jeune
381 1348 296 76 compagne
603 1348 173 76 est
702 1348 370 76 chrétienne,
997 1348 148 76 et
1071 1348 222 76 fille
1194 1348 99 76 de

236 1417 221 85 Lopez
384 1417 172 85 son
482 1417 392 85 bienfaiteur;
801 1417 172 85 que
899 1417 147 85 sa
972 1417 221 85 mère,
1119 1417 172 85 par
1193 1417 98 85 un

240 1498 269 70 concours
441 1498 292 70 singulier
666 1498 135 70 de
733 1498 404 70 circonstances,
1070 1498 202 70 étoit
1182 1498 112 70 de-

237 1562 222 76 venue
385 1562 295 76 l’épouse
607 1562 148 76 de
681 1562 320 76 Simaghan.
927 1562 222 76 Cette
1050 1562 246 76 nouvelle

239 1617 352 76 inattendue
515 1617 301 76 redouble
741 1617 176 76 son
842 1617 226 76 amour
993 1617 201 76 pour
1093 1617 201 76 Atala,

243 1685 192 66 dont
363 1685 144 66 la
435 1685 216 66 vertu
579 1685 240 66 auroit
747 1685 312 66 succombé,
987 1685 144 66 si
1059 1685 144 66 la
1107 1685 192 66 foudre

245 1756 140 68 au
315 1756 187 68 même
432 1756 258 68 instant
619 1756 140 68 ne
689 1756 140 68 se
760 1756 164 68 fût
853 1756 187 68 fait
970 1756 304 68 entendre.
1181 1756 117 68 Les

244 1838 219 48 amants
397 1838 219 48 fuient
551 1838 219 48 pleins
704 1838 351 48 d’épouvante:
989 1838 153 48 ils
1077 1838 175 48 sont
1165 1838 131 48 ren-

240 1877 270 73 contrés
437 1877 172 73 par
535 1877 147 73 un
609 1877 319 73 solitaire
854 1877 172 73 qui
952 1877 196 73 leur
1075 1877 221 73 donne
1198 1877 98 73 un

246 1949 199 92 asile
379 1949 177 92 dans
490 1949 133 92 sa
556 1949 244 92 grotte,
733 1949 133 92 et
800 1949 222 92 promet
955 1949 133 92 de
1021 1949 155 92 les
1088 1949 155 92 unir.

300 2014 249 85 Chactas
482 2014 136 85 se
550 2014 272 85 flattoit
753 2014 181 85 d’un
867 2014 204 85 aussi
1003 2014 181 85 doux
1093 2014 204 85 espoir,

244 2105 276 77 lorsque
445 2105 377 77 tout-à-coup
746 2105 151 77 la
822 2105 201 77 mort
947 2105 151 77 de
1023 2105 176 77 son
1098 2105 201 77 amante

248 2164 196 69 vient
379 2164 131 69 le
444 2164 240 69 plonger
619 2164 174 69 dans
728 2164 131 69 la
793 2164 174 69 plus
902 2164 262 69 affreuse
1077 2164 218 69 douleur.
