2414.1732283464567 4237.795275590551
925.9842519685039 231.49606299212599 234.64566929133858 162.20472440944883 (
1020.4724409448819 231.49606299212599 281.8897637795276 162.20472440944883 35
1114.9606299212599 231.49606299212599 141.73228346456693 162.20472440944883 )

357.4803149606299 351.18110236220474 240.9448818897638 157.48031496062993 put
496.06299212598424 351.18110236220474 310.23622047244095 157.48031496062993 fixer
702.3622047244095 351.18110236220474 206.29921259842519 157.48031496062993 le
806.2992125984252 351.18110236220474 310.23622047244095 157.48031496062993 jeune
1012.5984251968504 351.18110236220474 379.5275590551181 157.48031496062993 sauvage
1289.763779527559 351.18110236220474 344.88188976377955 157.48031496062993 auprès
1530.708661417323 351.18110236220474 206.29921259842519 157.48031496062993 de
1634.6456692913387 351.18110236220474 275.59055118110234 157.48031496062993 lui:
1807.8740157480315 351.18110236220474 206.29921259842519 157.48031496062993 il
1875.5905511811025 351.18110236220474 138.58267716535434 157.48031496062993 se

354.3307086614173 503.93700787401576 385.8267716535433 122.83464566929133 sépara
625.1968503937007 503.93700787401576 231.49606299212599 122.83464566929133 de
741.7322834645669 503.93700787401576 348.0314960629921 122.83464566929133 Lopez
973.2283464566929 503.93700787401576 308.66141732283467 122.83464566929133 pour
1165.3543307086613 503.93700787401576 502.3622047244094 122.83464566929133 retourner
1552.755905511811 503.93700787401576 308.66141732283467 122.83464566929133 dans
1744.8818897637796 503.93700787401576 231.49606299212599 122.83464566929133 sa
1822.0472440944882 503.93700787401576 193.70078740157481 122.83464566929133 pa-

357.4803149606299 614.1732283464567 324.40944881889766 114.96062992125984 trie,
573.2283464566929 614.1732283464567 324.40944881889766 114.96062992125984 qu’il
790.5511811023622 614.1732283464567 503.93700787401576 114.96062992125984 regrettoit
1187.4015748031495 614.1732283464567 360.62992125984255 114.96062992125984 chaque
1439.3700787401574 614.1732283464567 324.40944881889766 114.96062992125984 jour.
1655.1181102362204 614.1732283464567 215.748031496063 114.96062992125984 En
1727.5590551181103 614.1732283464567 288.18897637795277 114.96062992125984 chemin

357.4803149606299 710.2362204724409 207.8740157480315 121.25984251968504 il
461.4173228346457 710.2362204724409 242.51968503937007 121.25984251968504 fut
600.0 710.2362204724409 277.1653543307087 121.25984251968504 fait
773.2283464566929 710.2362204724409 485.03937007874015 121.25984251968504 prisonnier
1154.3307086614172 710.2362204724409 242.51968503937007 121.25984251968504 par
1292.9133858267717 710.2362204724409 242.51968503937007 121.25984251968504 les
1431.4960629921259 710.2362204724409 554.3307086614174 121.25984251968504 Muscohulges,
1847.244094488189 710.2362204724409 173.22834645669292 121.25984251968504 en-

359.0551181102362 828.3464566929134 333.8582677165354 119.68503937007874 nemis
581.1023622047244 828.3464566929134 222.04724409448818 119.68503937007874 de
691.3385826771654 828.3464566929134 222.04724409448818 119.68503937007874 sa
803.1496062992126 828.3464566929134 407.87401574803147 119.68503937007874 nation,
1099.2125984251968 828.3464566929134 222.04724409448818 119.68503937007874 et
1209.4488188976377 828.3464566929134 444.09448818897636 119.68503937007874 condamné
1543.3070866141732 828.3464566929134 185.82677165354332 119.68503937007874 à
1617.3228346456692 828.3464566929134 296.06299212598424 119.68503937007874 être
1765.3543307086613 828.3464566929134 259.84251968503935 119.68503937007874 brûlé

359.0551181102362 933.8582677165355 277.1653543307087 116.53543307086615 vif.
532.2834645669292 933.8582677165355 277.1653543307087 116.53543307086615 Déja
705.511811023622 933.8582677165355 242.51968503937007 116.53543307086615 son
845.6692913385826 933.8582677165355 417.3228346456693 116.53543307086615 supplice
1157.4803149606298 933.8582677165355 521.2598425196851 116.53543307086615 s’apprétoit
1573.2283464566929 933.8582677165355 277.1653543307087 116.53543307086615 dans
1748.0314960629921 933.8582677165355 207.8740157480315 116.53543307086615 un
1817.3228346456692 933.8582677165355 207.8740157480315 116.53543307086615 bois

366.92913385826773 1051.9685039370079 187.4015748031496 100.78740157480316 de
461.4173228346457 1051.9685039370079 313.38582677165357 100.78740157480316 cyprès
680.3149606299213 1051.9685039370079 313.38582677165357 100.78740157480316 appelé
899.2125984251968 1051.9685039370079 281.8897637795276 100.78740157480316 le
1088.1889763779527 1051.9685039370079 250.39370078740157 100.78740157480316 Bois
1244.0944881889764 1051.9685039370079 187.4015748031496 100.78740157480316 du
1338.5826771653544 1051.9685039370079 407.87401574803147 100.78740157480316 sang;
1651.9685039370079 1051.9685039370079 187.4015748031496 100.78740157480316 la
1714.9606299212599 1051.9685039370079 313.38582677165357 100.78740157480316 jeunesse

365.3543307086614 1149.6062992125985 220.4724409448819 108.66141732283465 et
475.59055118110234 1149.6062992125985 220.4724409448819 108.66141732283465 la
585.8267716535433 1149.6062992125985 368.503937007874 108.66141732283465 beauté
844.0944881889764 1149.6062992125985 220.4724409448819 108.66141732283465 du
954.3307086614174 1149.6062992125985 516.5354330708661 108.66141732283465 prisonnier
1360.6299212598426 1149.6062992125985 552.7559055118111 108.66141732283465 inspirèrent
1803.1496062992126 1149.6062992125985 220.4724409448819 108.66141732283465 un
1875.5905511811025 1149.6062992125985 148.03149606299212 108.66141732283465 si

363.7795275590551 1262.992125984252 370.0787401574803 111.81102362204724 tendre
622.0472440944882 1262.992125984252 406.2992125984252 111.81102362204724 intérêt
918.1102362204724 1262.992125984252 184.251968503937 111.81102362204724 à
992.1259842519685 1262.992125984252 370.0787401574803 111.81102362204724 Atala,
1250.3937007874015 1262.992125984252 222.04724409448818 111.81102362204724 la
1360.6299212598426 1262.992125984252 332.2834645669291 111.81102362204724 fille
1582.6771653543308 1262.992125984252 222.04724409448818 111.81102362204724 de
1656.6929133858268 1262.992125984252 370.0787401574803 111.81102362204724 Simaghan

366.92913385826773 1362.2047244094488 289.76377952755905 100.78740157480316 chef
548.0314960629921 1362.2047244094488 253.54330708661416 100.78740157480316 des
692.9133858267717 1362.2047244094488 579.5275590551181 100.78740157480316 Muscohulges,
1163.7795275590552 1362.2047244094488 398.4251968503937 100.78740157480316 qu’elle
1451.9685039370079 1362.2047244094488 398.4251968503937 100.78740157480316 délivra
1705.5118110236222 1362.2047244094488 325.98425196850394 100.78740157480316 Chactas

359.0551181102362 1497.6377952755906 407.87401574803147 86.61417322834646 pendant
656.6929133858267 1497.6377952755906 222.04724409448818 86.61417322834646 la
768.503937007874 1497.6377952755906 333.8582677165354 86.61417322834646 nuit,
990.5511811023622 1497.6377952755906 222.04724409448818 86.61417322834646 et
1102.3622047244094 1497.6377952755906 445.6692913385827 86.61417322834646 s’enfuit
1436.2204724409448 1497.6377952755906 297.6377952755906 86.61417322834646 avec
1622.0472440944882 1497.6377952755906 297.6377952755906 86.61417322834646 lui.
1770.0787401574803 1497.6377952755906 259.84251968503935 86.61417322834646 Après

368.503937007874 1596.8503937007874 311.81102362204723 103.93700787401575 avoir
576.3779527559055 1596.8503937007874 415.748031496063 103.93700787401575 traversé
888.1889763779527 1596.8503937007874 242.51968503937007 103.93700787401575 les
1026.7716535433071 1596.8503937007874 311.81102362204723 103.93700787401575 bois,
1233.0708661417323 1596.8503937007874 311.81102362204723 103.93700787401575 Atala
1440.9448818897638 1596.8503937007874 207.8740157480315 103.93700787401575 et
1544.8818897637796 1596.8503937007874 381.1023622047244 103.93700787401575 Chactas
1787.4015748031495 1596.8503937007874 242.51968503937007 103.93700787401575 arri-

365.3543307086614 1707.0866141732283 377.9527559055118 97.63779527559055 vèrent
629.9212598425197 1707.0866141732283 302.3622047244094 97.63779527559055 dans
820.4724409448819 1707.0866141732283 264.56692913385825 97.63779527559055 une
971.6535433070866 1707.0866141732283 417.3228346456693 97.63779527559055 contrée
1274.015748031496 1707.0866141732283 417.3228346456693 97.63779527559055 habitée
1576.3779527559054 1707.0866141732283 264.56692913385825 97.63779527559055 par
1729.1338582677165 1707.0866141732283 264.56692913385825 97.63779527559055 des
1842.5196850393702 1707.0866141732283 188.9763779527559 97.63779527559055 In-

365.3543307086614 1795.275590551181 349.6062992125984 119.68503937007874 diens
598.4251968503937 1795.275590551181 272.4409448818898 119.68503937007874 que
754.3307086614174 1795.275590551181 233.0708661417323 119.68503937007874 le
870.8661417322835 1795.275590551181 233.0708661417323 119.68503937007874 P.
987.4015748031496 1795.275590551181 388.9763779527559 119.68503937007874 Aubry,
1259.8425196850394 1795.275590551181 659.8425196850394 119.68503937007874 missionnaire,
1763.7795275590552 1795.275590551181 272.4409448818898 119.68503937007874 avoit

368.503937007874 1930.708661417323 348.0314960629921 94.48818897637796 rendus
611.0236220472441 1930.708661417323 173.22834645669292 94.48818897637796 à
681.8897637795276 1930.708661417323 207.8740157480315 94.48818897637796 la
785.8267716535433 1930.708661417323 417.3228346456693 94.48818897637796 religion
1097.6377952755906 1930.708661417323 521.2598425196851 94.48818897637796 catholique.
1514.9606299212599 1930.708661417323 313.38582677165357 94.48818897637796 Après
1722.8346456692914 1930.708661417323 242.51968503937007 94.48818897637796 des
1828.3464566929133 1930.708661417323 207.8740157480315 94.48818897637796 con-

370.0787401574803 2012.5984251968505 453.54330708661416 144.88188976377953 fidences
710.2362204724409 2012.5984251968505 566.9291338582677 144.88188976377953 réciproques
1163.7795275590552 2012.5984251968505 415.748031496063 144.88188976377953 Chactas
1466.1417322834645 2012.5984251968505 415.748031496063 144.88188976377953 apprend
1768.5039370078741 2012.5984251968505 264.56692913385825 144.88188976377953 que
1881.8897637795276 2012.5984251968505 151.1811023622047 144.88188976377953 sa

366.92913385826773 2122.834645669291 349.6062992125984 119.68503937007874 jeune
600.0 2122.834645669291 466.1417322834646 119.68503937007874 compagne
949.6062992125984 2122.834645669291 272.4409448818898 119.68503937007874 est
1105.5118110236222 2122.834645669291 582.6771653543307 119.68503937007874 chrétienne,
1570.0787401574803 2122.834645669291 233.0708661417323 119.68503937007874 et
1686.6141732283465 2122.834645669291 349.6062992125984 119.68503937007874 fille
1880.3149606299212 2122.834645669291 155.90551181102362 119.68503937007874 de

371.65354330708664 2231.496062992126 348.0314960629921 133.85826771653544 Lopez
604.7244094488188 2231.496062992126 270.86614173228344 133.85826771653544 son
759.0551181102362 2231.496062992126 617.3228346456693 133.85826771653544 bienfaiteur;
1261.4173228346456 2231.496062992126 270.86614173228344 133.85826771653544 que
1415.748031496063 2231.496062992126 231.49606299212599 133.85826771653544 sa
1530.708661417323 2231.496062992126 348.0314960629921 133.85826771653544 mère,
1762.2047244094488 2231.496062992126 270.86614173228344 133.85826771653544 par
1878.740157480315 2231.496062992126 154.33070866141733 133.85826771653544 un

377.9527559055118 2359.0551181102364 423.62204724409446 110.23622047244095 concours
694.488188976378 2359.0551181102364 459.84251968503935 110.23622047244095 singulier
1048.8188976377953 2359.0551181102364 212.5984251968504 110.23622047244095 de
1154.3307086614172 2359.0551181102364 636.2204724409448 110.23622047244095 circonstances,
1685.0393700787401 2359.0551181102364 318.1102362204724 110.23622047244095 étoit
1861.4173228346456 2359.0551181102364 176.3779527559055 110.23622047244095 de-

373.2283464566929 2459.8425196850394 349.6062992125984 119.68503937007874 venue
606.2992125984252 2459.8425196850394 464.56692913385825 119.68503937007874 l’épouse
955.9055118110236 2459.8425196850394 233.0708661417323 119.68503937007874 de
1072.4409448818897 2459.8425196850394 503.93700787401576 119.68503937007874 Simaghan.
1459.8425196850394 2459.8425196850394 349.6062992125984 119.68503937007874 Cette
1653.5433070866143 2459.8425196850394 387.40157480314963 119.68503937007874 nouvelle

376.37795275590554 2546.4566929133857 554.3307086614174 119.68503937007874 inattendue
811.0236220472441 2546.4566929133857 474.01574803149606 119.68503937007874 redouble
1166.9291338582677 2546.4566929133857 277.1653543307087 119.68503937007874 son
1325.984251968504 2546.4566929133857 355.90551181102364 119.68503937007874 amour
1563.7795275590552 2546.4566929133857 316.53543307086613 119.68503937007874 pour
1721.259842519685 2546.4566929133857 316.53543307086613 119.68503937007874 Atala,

382.6771653543307 2653.5433070866143 302.3622047244094 103.93700787401575 dont
571.6535433070866 2653.5433070866143 226.77165354330708 103.93700787401575 la
685.0393700787401 2653.5433070866143 340.15748031496065 103.93700787401575 vertu
911.8110236220473 2653.5433070866143 377.9527559055118 103.93700787401575 auroit
1176.3779527559054 2653.5433070866143 491.33858267716533 103.93700787401575 succombé,
1554.3307086614172 2653.5433070866143 226.77165354330708 103.93700787401575 si
1667.716535433071 2653.5433070866143 226.77165354330708 103.93700787401575 la
1743.3070866141732 2653.5433070866143 302.3622047244094 103.93700787401575 foudre

385.8267716535433 2765.3543307086616 220.4724409448819 107.08661417322834 au
496.06299212598424 2765.3543307086616 294.48818897637796 107.08661417322834 même
680.3149606299213 2765.3543307086616 406.2992125984252 107.08661417322834 instant
974.8031496062993 2765.3543307086616 220.4724409448819 107.08661417322834 ne
1085.0393700787401 2765.3543307086616 220.4724409448819 107.08661417322834 se
1196.8503937007874 2765.3543307086616 258.26771653543307 107.08661417322834 fût
1343.3070866141732 2765.3543307086616 294.48818897637796 107.08661417322834 fait
1527.5590551181103 2765.3543307086616 478.74015748031496 107.08661417322834 entendre.
1859.8425196850394 2765.3543307086616 184.251968503937 107.08661417322834 Les

384.251968503937 2894.488188976378 344.88188976377955 75.59055118110236 amants
625.1968503937007 2894.488188976378 344.88188976377955 75.59055118110236 fuient
867.7165354330708 2894.488188976378 344.88188976377955 75.59055118110236 pleins
1108.6614173228347 2894.488188976378 552.7559055118111 75.59055118110236 d’épouvante:
1557.4803149606298 2894.488188976378 240.9448818897638 75.59055118110236 ils
1696.0629921259842 2894.488188976378 275.59055118110234 75.59055118110236 sont
1834.6456692913387 2894.488188976378 206.29921259842519 75.59055118110236 ren-

377.9527559055118 2955.9055118110236 425.1968503937008 114.96062992125984 contrés
688.1889763779527 2955.9055118110236 270.86614173228344 114.96062992125984 par
842.5196850393701 2955.9055118110236 231.49606299212599 114.96062992125984 un
959.0551181102362 2955.9055118110236 502.3622047244094 114.96062992125984 solitaire
1344.8818897637796 2955.9055118110236 270.86614173228344 114.96062992125984 qui
1499.2125984251968 2955.9055118110236 308.66141732283467 114.96062992125984 leur
1692.9133858267717 2955.9055118110236 348.0314960629921 114.96062992125984 donne
1886.6141732283465 2955.9055118110236 154.33070866141733 114.96062992125984 un

387.40157480314963 3069.2913385826773 313.38582677165357 144.88188976377953 asile
596.8503937007874 3069.2913385826773 278.74015748031496 144.88188976377953 dans
771.6535433070866 3069.2913385826773 209.4488188976378 144.88188976377953 sa
875.5905511811023 3069.2913385826773 384.251968503937 144.88188976377953 grotte,
1154.3307086614172 3069.2913385826773 209.4488188976378 144.88188976377953 et
1259.8425196850394 3069.2913385826773 349.6062992125984 144.88188976377953 promet
1503.9370078740158 3069.2913385826773 209.4488188976378 144.88188976377953 de
1607.8740157480315 3069.2913385826773 244.09448818897638 144.88188976377953 les
1713.3858267716535 3069.2913385826773 244.09448818897638 144.88188976377953 unir.

472.4409448818898 3171.6535433070867 392.12598425196853 133.85826771653544 Chactas
759.0551181102362 3171.6535433070867 214.17322834645668 133.85826771653544 se
866.1417322834645 3171.6535433070867 428.34645669291336 133.85826771653544 flattoit
1185.8267716535433 3171.6535433070867 285.03937007874015 133.85826771653544 d’un
1365.3543307086613 3171.6535433070867 321.25984251968504 133.85826771653544 aussi
1579.5275590551182 3171.6535433070867 285.03937007874015 133.85826771653544 doux
1721.259842519685 3171.6535433070867 321.25984251968504 133.85826771653544 espoir,

384.251968503937 3314.9606299212596 434.6456692913386 121.25984251968504 lorsque
700.7874015748032 3314.9606299212596 593.7007874015748 121.25984251968504 tout-à-coup
1174.8031496062993 3314.9606299212596 237.79527559055117 121.25984251968504 la
1294.4881889763778 3314.9606299212596 316.53543307086613 121.25984251968504 mort
1491.3385826771653 3314.9606299212596 237.79527559055117 121.25984251968504 de
1611.023622047244 3314.9606299212596 277.1653543307087 121.25984251968504 son
1729.1338582677165 3314.9606299212596 316.53543307086613 121.25984251968504 amante

390.5511811023622 3407.8740157480315 308.66141732283467 108.66141732283465 vient
596.8503937007874 3407.8740157480315 206.29921259842519 108.66141732283465 le
699.2125984251968 3407.8740157480315 377.9527559055118 108.66141732283465 plonger
974.8031496062993 3407.8740157480315 274.01574803149606 108.66141732283465 dans
1146.4566929133857 3407.8740157480315 206.29921259842519 108.66141732283465 la
1248.8188976377953 3407.8740157480315 274.01574803149606 108.66141732283465 plus
1420.4724409448818 3407.8740157480315 412.59842519685037 108.66141732283465 affreuse
1696.0629921259842 3407.8740157480315 343.3070866141732 108.66141732283465 douleur.
