1554 2748
695 163 151 102 (
755 163 181 102 36
816 163 91 102 )

322 243 224 95 Avant
471 243 348 95 d’expirer,
745 243 224 95 Atala
894 243 249 95 reçoit
1068 243 149 95 la
1118 243 273 95 communion

324 337 166 65 des
419 337 214 65 mains
562 337 143 65 du
633 337 143 65 P.
705 337 238 65 Aubry,
871 337 143 65 et
942 337 214 65 avoue
1085 337 119 65 à
1133 337 262 65 Chactas
1299 337 95 65 et

323 404 137 77 au
392 404 364 77 missionnaire
687 404 250 77 qu’elle
870 404 205 77 s’est
1006 404 341 77 empoisonnée
1256 404 137 77 pour

323 480 323 64 accomplir
572 480 149 64 le
646 480 174 64 vœu
745 480 149 64 de
820 480 298 64 chasteté
1043 480 174 64 que
1143 480 149 64 sa
1217 480 199 64 mère
1317 480 75 64 a

324 540 200 73 exigé
457 540 245 73 d’elle.
635 540 133 73 Le
702 540 133 73 P.
768 540 200 73 Aubry
902 540 133 73 et
969 540 267 73 l’Indien
1146 540 245 73 transpor-

323 604 233 84 tèrent
486 604 140 84 le
555 604 209 84 corps
695 604 256 84 d’Atala
881 604 186 84 dans
997 604 140 84 la
1067 604 233 84 ravine
1207 604 186 84 dessé-

322 674 199 80 chée
446 674 199 80 d’un
571 674 273 80 torrent
769 674 149 80 où
844 674 174 80 ils
943 674 273 80 avoient
1142 674 248 80 creusé
1291 674 99 80 sa

286 756 229 62 tombe.

377 806 207 116 C’est
515 806 138 116 ce
584 806 230 116 moment
745 806 161 116 que
837 806 299 116 l’artiste
1066 806 115 116 a
1089 806 299 116 représenté.

320 890 139 85 On
389 890 186 85 voit
506 890 256 85 Chactas
692 890 139 85 et
761 890 139 85 le
831 890 139 85 P.
901 890 209 85 Aubry
1040 890 256 85 portant
1203 890 186 85 Atala,

319 960 160 76 qui
410 960 205 76 tient
547 960 160 76 une
638 960 205 76 croix
775 960 182 76 dans
889 960 160 76 ses
981 960 205 76 mains
1117 960 251 76 jointes
1277 960 114 76 sur

319 1047 136 62 sa
387 1047 296 62 poitrine.
615 1047 136 62 Ce
683 1047 205 62 jeune
820 1047 227 62 Indien
979 1047 227 62 presse
1138 1047 227 62 contre
1274 1047 114 62 son

315 1107 255 89 visage
494 1107 255 89 baigné
673 1107 153 89 de
749 1107 255 89 larmes
928 1107 179 89 les
1030 1107 255 89 genoux
1208 1107 153 89 de
1259 1107 128 89 son

319 1172 245 69 amante,
497 1172 178 69 dont
608 1172 134 69 il
675 1172 223 69 semble
831 1172 134 69 ne
898 1172 245 69 vouloir
1076 1172 178 69 plus
1188 1172 134 69 se
1232 1172 156 69 sépa-

319 1240 175 68 rer,
428 1240 218 68 tandis
581 1240 153 68 que
668 1240 131 68 le
734 1240 131 68 P.
799 1240 218 68 Aubry,
952 1240 175 68 dont
1061 1240 131 68 la
1126 1240 240 68 douleur
1279 1240 109 68 est

317 1307 179 83 plus
428 1307 224 83 calme,
585 1307 179 83 fixe
697 1307 157 83 des
786 1307 246 83 regards
965 1307 157 83 sur
1055 1307 157 83 ces
1122 1307 268 83 jeunes,in-

314 1381 310 66 fortunés.
553 1381 167 66 Sur
648 1381 143 66 la
720 1381 239 66 droite
887 1381 143 66 de
958 1381 143 66 ce
1030 1381 263 66 tableau
1221 1381 143 66 on
1269 1381 119 66 re-

314 1445 234 64 marque
477 1445 140 64 la
547 1445 210 64 bêche
687 1445 163 64 qui
781 1445 117 64 a
827 1445 210 64 servi
968 1445 117 64 à
1014 1445 257 64 creuser
1201 1445 140 64 le
1248 1445 140 64 tom-

312 1519 225 71 beau,
462 1519 200 71 plus
587 1519 200 71 haut
712 1519 150 71 on
787 1519 175 71 lit
886 1519 175 71 sur
986 1519 150 71 un
1061 1519 250 71 rocher
1211 1519 175 71 cette

316 1589 288 67 inscription
546 1589 173 67 tirée
662 1589 135 67 des
739 1589 211 67 poésies
892 1589 115 67 de
950 1589 154 67 Job:
1046 1589 211 67 <i>J’ai
1181 1589 211 67 passe</i>

315 1646 247 84 <i>comme
501 1646 123 84 la
562 1646 206 84 fleur,
706 1646 165 84 j’ai
809 1646 185 84 séché
932 1646 185 84 comme
1056 1646 226 84 l’herbe
1200 1646 185 84 des</i>

309 1713 229 89 <i>champs</i>.

259 1805 137 76 Le
328 1805 206 76 sujet
465 1805 137 76 de
534 1805 137 76 ce
603 1805 275 76 tableau,
809 1805 229 76 exposé
969 1805 137 76 au
1038 1805 206 76 Salon
1175 1805 137 76 de
1221 1805 160 76 1808,

204 1885 118 85 a
252 1885 165 85 été
346 1885 236 85 fourni
511 1885 165 85 par
605 1885 142 85 un
676 1885 260 85 épisode
865 1885 142 85 du
936 1885 212 85 Génie
1077 1885 142 85 du
1124 1885 260 85 Christia-

205 1969 240 75 nisme,
373 1969 192 75 l’un
493 1969 168 75 des
589 1969 192 75 plus
709 1969 216 75 beaux
852 1969 288 75 ouvrages
1068 1969 144 75 de
1140 1969 144 75 M.
1212 1969 144 75 le
1260 1969 120 75 vi-

200 2014 224 115 comte
350 2014 150 115 de
424 2014 449 115 Chateaubriand,
798 2014 199 115 pair
923 2014 150 115 de
973 2014 224 115 France.
