2447.244094488189 4327.55905511811
1094.4881889763778 256.6929133858268 237.79527559055117 160.62992125984252 (
1188.976377952756 256.6929133858268 285.03937007874015 160.62992125984252 36
1285.0393700787401 256.6929133858268 143.30708661417322 160.62992125984252 )

507.0866141732283 382.6771653543307 352.755905511811 149.60629921259843 Avant
741.7322834645669 382.6771653543307 548.0314960629921 149.60629921259843 d’expirer,
1173.2283464566929 382.6771653543307 352.755905511811 149.60629921259843 Atala
1407.8740157480315 382.6771653543307 392.12598425196853 149.60629921259843 reçoit
1681.8897637795276 382.6771653543307 234.64566929133858 149.60629921259843 la
1760.6299212598426 382.6771653543307 429.9212598425197 149.60629921259843 communion

510.23622047244095 530.7086614173228 261.4173228346457 102.36220472440945 des
659.8425196850394 530.7086614173228 337.00787401574803 102.36220472440945 mains
885.0393700787401 530.7086614173228 225.1968503937008 102.36220472440945 du
996.8503937007874 530.7086614173228 225.1968503937008 102.36220472440945 P.
1110.236220472441 530.7086614173228 374.8031496062992 102.36220472440945 Aubry,
1371.6535433070867 530.7086614173228 225.1968503937008 102.36220472440945 et
1483.4645669291338 530.7086614173228 337.00787401574803 102.36220472440945 avoue
1708.6614173228347 530.7086614173228 187.4015748031496 102.36220472440945 à
1784.251968503937 530.7086614173228 412.59842519685037 102.36220472440945 Chactas
2045.6692913385828 530.7086614173228 149.60629921259843 102.36220472440945 et

508.66141732283467 636.2204724409448 215.748031496063 121.25984251968504 au
617.3228346456693 636.2204724409448 573.2283464566929 121.25984251968504 missionnaire
1081.8897637795276 636.2204724409448 393.7007874015748 121.25984251968504 qu’elle
1370.0787401574803 636.2204724409448 322.8346456692913 121.25984251968504 s’est
1584.251968503937 636.2204724409448 537.007874015748 121.25984251968504 empoisonnée
1977.9527559055118 636.2204724409448 215.748031496063 121.25984251968504 pour

508.66141732283467 755.9055118110236 508.66141732283467 100.78740157480316 accomplir
900.7874015748032 755.9055118110236 234.64566929133858 100.78740157480316 le
1017.3228346456693 755.9055118110236 274.01574803149606 100.78740157480316 vœu
1173.2283464566929 755.9055118110236 234.64566929133858 100.78740157480316 de
1291.3385826771653 755.9055118110236 469.29133858267716 100.78740157480316 chasteté
1642.5196850393702 755.9055118110236 274.01574803149606 100.78740157480316 que
1800.0 755.9055118110236 234.64566929133858 100.78740157480316 sa
1916.5354330708662 755.9055118110236 313.38582677165357 100.78740157480316 mère
2074.015748031496 755.9055118110236 118.11023622047244 100.78740157480316 a

510.23622047244095 850.3937007874016 314.96062992125985 114.96062992125984 exigé
719.6850393700787 850.3937007874016 385.8267716535433 114.96062992125984 d’elle.
1000.0 850.3937007874016 209.4488188976378 114.96062992125984 Le
1105.5118110236222 850.3937007874016 209.4488188976378 114.96062992125984 P.
1209.4488188976377 850.3937007874016 314.96062992125985 114.96062992125984 Aubry
1420.4724409448818 850.3937007874016 209.4488188976378 114.96062992125984 et
1525.984251968504 850.3937007874016 420.4724409448819 114.96062992125984 l’Indien
1804.724409448819 850.3937007874016 385.8267716535433 114.96062992125984 transpor-

508.66141732283467 951.1811023622047 366.92913385826773 132.28346456692913 tèrent
765.3543307086615 951.1811023622047 220.4724409448819 132.28346456692913 le
874.0157480314961 951.1811023622047 329.13385826771656 132.28346456692913 corps
1094.4881889763778 951.1811023622047 403.1496062992126 132.28346456692913 d’Atala
1387.4015748031495 951.1811023622047 292.9133858267717 132.28346456692913 dans
1570.0787401574803 951.1811023622047 220.4724409448819 132.28346456692913 la
1680.3149606299212 951.1811023622047 366.92913385826773 132.28346456692913 ravine
1900.7874015748032 951.1811023622047 292.9133858267717 132.28346456692913 dessé-

507.0866141732283 1061.4173228346456 313.38582677165357 125.98425196850394 chée
702.3622047244095 1061.4173228346456 313.38582677165357 125.98425196850394 d’un
899.2125984251968 1061.4173228346456 429.9212598425197 125.98425196850394 torrent
1211.023622047244 1061.4173228346456 234.64566929133858 125.98425196850394 où
1329.1338582677165 1061.4173228346456 274.01574803149606 125.98425196850394 ils
1485.0393700787401 1061.4173228346456 429.9212598425197 125.98425196850394 avoient
1798.4251968503936 1061.4173228346456 390.5511811023622 125.98425196850394 creusé
2033.0708661417323 1061.4173228346456 155.90551181102362 125.98425196850394 sa

450.3937007874016 1190.5511811023623 360.62992125984255 97.63779527559055 tombe.

593.7007874015748 1269.291338582677 325.98425196850394 182.6771653543307 C’est
811.0236220472441 1269.291338582677 217.3228346456693 182.6771653543307 ce
919.6850393700787 1269.291338582677 362.20472440944883 182.6771653543307 moment
1173.2283464566929 1269.291338582677 253.54330708661416 182.6771653543307 que
1318.1102362204724 1269.291338582677 470.86614173228344 182.6771653543307 l’artiste
1678.740157480315 1269.291338582677 181.10236220472441 182.6771653543307 a
1714.9606299212599 1269.291338582677 470.86614173228344 182.6771653543307 représenté.

503.93700787401576 1401.5748031496064 218.89763779527559 133.85826771653544 On
612.5984251968504 1401.5748031496064 292.9133858267717 133.85826771653544 voit
796.8503937007874 1401.5748031496064 403.1496062992126 133.85826771653544 Chactas
1089.763779527559 1401.5748031496064 218.89763779527559 133.85826771653544 et
1198.4251968503936 1401.5748031496064 218.89763779527559 133.85826771653544 le
1308.6614173228347 1401.5748031496064 218.89763779527559 133.85826771653544 P.
1418.8976377952756 1401.5748031496064 329.13385826771656 133.85826771653544 Aubry
1637.7952755905512 1401.5748031496064 403.1496062992126 133.85826771653544 portant
1894.4881889763778 1401.5748031496064 292.9133858267717 133.85826771653544 Atala,

502.3622047244094 1511.8110236220473 251.96850393700788 119.68503937007874 qui
645.6692913385826 1511.8110236220473 322.8346456692913 119.68503937007874 tient
861.4173228346457 1511.8110236220473 251.96850393700788 119.68503937007874 une
1004.7244094488188 1511.8110236220473 322.8346456692913 119.68503937007874 croix
1220.4724409448818 1511.8110236220473 286.61417322834643 119.68503937007874 dans
1400.0 1511.8110236220473 251.96850393700788 119.68503937007874 ses
1544.8818897637796 1511.8110236220473 322.8346456692913 119.68503937007874 mains
1759.0551181102362 1511.8110236220473 395.2755905511811 119.68503937007874 jointes
2011.023622047244 1511.8110236220473 179.5275590551181 119.68503937007874 sur

502.3622047244094 1648.8188976377953 214.17322834645668 97.63779527559055 sa
609.4488188976378 1648.8188976377953 466.1417322834646 97.63779527559055 poitrine.
968.503937007874 1648.8188976377953 214.17322834645668 97.63779527559055 Ce
1075.5905511811025 1648.8188976377953 322.8346456692913 97.63779527559055 jeune
1291.3385826771653 1648.8188976377953 357.4803149606299 97.63779527559055 Indien
1541.732283464567 1648.8188976377953 357.4803149606299 97.63779527559055 presse
1792.1259842519685 1648.8188976377953 357.4803149606299 97.63779527559055 contre
2006.2992125984251 1648.8188976377953 179.5275590551181 97.63779527559055 son

496.06299212598424 1743.3070866141732 401.5748031496063 140.15748031496062 visage
777.9527559055118 1743.3070866141732 401.5748031496063 140.15748031496062 baigné
1059.8425196850394 1743.3070866141732 240.9448818897638 140.15748031496062 de
1179.5275590551182 1743.3070866141732 401.5748031496063 140.15748031496062 larmes
1461.4173228346456 1743.3070866141732 281.8897637795276 140.15748031496062 les
1622.0472440944882 1743.3070866141732 401.5748031496063 140.15748031496062 genoux
1902.3622047244094 1743.3070866141732 240.9448818897638 140.15748031496062 de
1982.6771653543308 1743.3070866141732 201.5748031496063 140.15748031496062 son

502.3622047244094 1845.6692913385828 385.8267716535433 108.66141732283465 amante,
782.6771653543307 1845.6692913385828 280.31496062992125 108.66141732283465 dont
957.4803149606299 1845.6692913385828 211.0236220472441 108.66141732283465 il
1062.992125984252 1845.6692913385828 351.18110236220474 108.66141732283465 semble
1308.6614173228347 1845.6692913385828 211.0236220472441 108.66141732283465 ne
1414.1732283464567 1845.6692913385828 385.8267716535433 108.66141732283465 vouloir
1694.4881889763778 1845.6692913385828 280.31496062992125 108.66141732283465 plus
1870.8661417322835 1845.6692913385828 211.0236220472441 108.66141732283465 se
1940.1574803149606 1845.6692913385828 245.66929133858267 108.66141732283465 sépa-

502.3622047244094 1952.755905511811 275.59055118110234 107.08661417322834 rer,
674.0157480314961 1952.755905511811 343.3070866141732 107.08661417322834 tandis
914.9606299212599 1952.755905511811 240.9448818897638 107.08661417322834 que
1051.9685039370079 1952.755905511811 206.29921259842519 107.08661417322834 le
1155.9055118110236 1952.755905511811 206.29921259842519 107.08661417322834 P.
1258.267716535433 1952.755905511811 343.3070866141732 107.08661417322834 Aubry,
1499.2125984251968 1952.755905511811 275.59055118110234 107.08661417322834 dont
1670.8661417322835 1952.755905511811 206.29921259842519 107.08661417322834 la
1773.2283464566929 1952.755905511811 377.9527559055118 107.08661417322834 douleur
2014.1732283464567 1952.755905511811 171.6535433070866 107.08661417322834 est

499.21259842519686 2058.267716535433 281.8897637795276 130.70866141732284 plus
674.0157480314961 2058.267716535433 352.755905511811 130.70866141732284 calme,
921.2598425196851 2058.267716535433 281.8897637795276 130.70866141732284 fixe
1097.6377952755906 2058.267716535433 247.24409448818898 130.70866141732284 des
1237.7952755905512 2058.267716535433 387.40157480314963 130.70866141732284 regards
1519.6850393700788 2058.267716535433 247.24409448818898 130.70866141732284 sur
1661.4173228346456 2058.267716535433 247.24409448818898 130.70866141732284 ces
1766.9291338582677 2058.267716535433 422.0472440944882 130.70866141732284 jeunes,in-

494.48818897637796 2174.803149606299 488.18897637795277 103.93700787401575 fortunés.
870.8661417322835 2174.803149606299 262.99212598425197 103.93700787401575 Sur
1020.4724409448819 2174.803149606299 225.1968503937008 103.93700787401575 la
1133.8582677165355 2174.803149606299 376.37795275590554 103.93700787401575 droite
1396.8503937007874 2174.803149606299 225.1968503937008 103.93700787401575 de
1508.6614173228347 2174.803149606299 225.1968503937008 103.93700787401575 ce
1622.0472440944882 2174.803149606299 414.1732283464567 103.93700787401575 tableau
1922.8346456692914 2174.803149606299 225.1968503937008 103.93700787401575 on
1998.4251968503936 2174.803149606299 187.4015748031496 103.93700787401575 re-

494.48818897637796 2275.5905511811025 368.503937007874 100.78740157480316 marque
751.1811023622047 2275.5905511811025 220.4724409448819 100.78740157480316 la
861.4173228346457 2275.5905511811025 330.70866141732284 100.78740157480316 bêche
1081.8897637795276 2275.5905511811025 256.6929133858268 100.78740157480316 qui
1229.9212598425197 2275.5905511811025 184.251968503937 100.78740157480316 a
1302.3622047244094 2275.5905511811025 330.70866141732284 100.78740157480316 servi
1524.4094488188975 2275.5905511811025 184.251968503937 100.78740157480316 à
1596.8503937007874 2275.5905511811025 404.7244094488189 100.78740157480316 creuser
1891.3385826771653 2275.5905511811025 220.4724409448819 100.78740157480316 le
1965.3543307086613 2275.5905511811025 220.4724409448819 100.78740157480316 tom-

491.33858267716533 2392.1259842519685 354.3307086614173 111.81102362204724 beau,
727.5590551181102 2392.1259842519685 314.96062992125985 111.81102362204724 plus
924.4094488188977 2392.1259842519685 314.96062992125985 111.81102362204724 haut
1121.259842519685 2392.1259842519685 236.2204724409449 111.81102362204724 on
1239.3700787401574 2392.1259842519685 275.59055118110234 111.81102362204724 lit
1395.275590551181 2392.1259842519685 275.59055118110234 111.81102362204724 sur
1552.755905511811 2392.1259842519685 236.2204724409449 111.81102362204724 un
1670.8661417322835 2392.1259842519685 393.7007874015748 111.81102362204724 rocher
1907.0866141732283 2392.1259842519685 275.59055118110234 111.81102362204724 cette

497.6377952755906 2502.3622047244094 453.54330708661416 105.51181102362204 inscription
859.8425196850394 2502.3622047244094 272.4409448818898 105.51181102362204 tirée
1042.5196850393702 2502.3622047244094 212.5984251968504 105.51181102362204 des
1163.7795275590552 2502.3622047244094 332.2834645669291 105.51181102362204 poésies
1404.724409448819 2502.3622047244094 181.10236220472441 105.51181102362204 de
1496.0629921259842 2502.3622047244094 242.51968503937007 105.51181102362204 Job:
1647.244094488189 2502.3622047244094 332.2834645669291 105.51181102362204 <i>J’ai
1859.8425196850394 2502.3622047244094 332.2834645669291 105.51181102362204 passe</i>

496.06299212598424 2592.1259842519685 388.9763779527559 132.28346456692913 <i>comme
788.9763779527559 2592.1259842519685 193.70078740157481 132.28346456692913 la
885.0393700787401 2592.1259842519685 324.40944881889766 132.28346456692913 fleur,
1111.8110236220473 2592.1259842519685 259.84251968503935 132.28346456692913 j’ai
1274.015748031496 2592.1259842519685 291.33858267716533 132.28346456692913 séché
1467.716535433071 2592.1259842519685 291.33858267716533 132.28346456692913 comme
1662.992125984252 2592.1259842519685 355.90551181102364 132.28346456692913 l’herbe
1889.763779527559 2592.1259842519685 291.33858267716533 132.28346456692913 des</i>

486.61417322834643 2697.6377952755906 360.62992125984255 140.15748031496062 <i>champs</i>

407.87401574803147 2842.51968503937 215.748031496063 119.68503937007874 Le
516.5354330708661 2842.51968503937 324.40944881889766 119.68503937007874 sujet
732.2834645669292 2842.51968503937 215.748031496063 119.68503937007874 de
840.9448818897638 2842.51968503937 215.748031496063 119.68503937007874 ce
949.6062992125984 2842.51968503937 433.07086614173227 119.68503937007874 tableau,
1274.015748031496 2842.51968503937 360.62992125984255 119.68503937007874 exposé
1525.984251968504 2842.51968503937 215.748031496063 119.68503937007874 au
1634.6456692913387 2842.51968503937 324.40944881889766 119.68503937007874 Salon
1850.3937007874015 2842.51968503937 215.748031496063 119.68503937007874 de
1922.8346456692914 2842.51968503937 251.96850393700788 119.68503937007874 1808,

321.25984251968504 2968.503937007874 185.82677165354332 133.85826771653544 a
396.8503937007874 2968.503937007874 259.84251968503935 133.85826771653544 été
544.8818897637796 2968.503937007874 371.65354330708664 133.85826771653544 fourni
804.7244094488188 2968.503937007874 259.84251968503935 133.85826771653544 par
952.7559055118111 2968.503937007874 223.6220472440945 133.85826771653544 un
1064.5669291338584 2968.503937007874 409.4488188976378 133.85826771653544 épisode
1362.2047244094488 2968.503937007874 223.6220472440945 133.85826771653544 du
1474.015748031496 2968.503937007874 333.8582677165354 133.85826771653544 Génie
1696.0629921259842 2968.503937007874 223.6220472440945 133.85826771653544 du
1770.0787401574803 2968.503937007874 409.4488188976378 133.85826771653544 Christia-

322.8346456692913 3100.787401574803 377.9527559055118 118.11023622047244 nisme,
587.4015748031496 3100.787401574803 302.3622047244094 118.11023622047244 l’un
776.3779527559055 3100.787401574803 264.56692913385825 118.11023622047244 des
927.5590551181102 3100.787401574803 302.3622047244094 118.11023622047244 plus
1116.5354330708662 3100.787401574803 340.15748031496065 118.11023622047244 beaux
1341.732283464567 3100.787401574803 453.54330708661416 118.11023622047244 ouvrages
1681.8897637795276 3100.787401574803 226.77165354330708 118.11023622047244 de
1795.275590551181 3100.787401574803 226.77165354330708 118.11023622047244 M.
1908.6614173228347 3100.787401574803 226.77165354330708 118.11023622047244 le
1984.251968503937 3100.787401574803 188.9763779527559 118.11023622047244 vi-

314.96062992125985 3171.6535433070867 352.755905511811 181.10236220472441 comte
551.1811023622047 3171.6535433070867 236.2204724409449 181.10236220472441 de
667.7165354330708 3171.6535433070867 707.0866141732283 181.10236220472441 Chateaubriand,
1256.6929133858268 3171.6535433070867 313.38582677165357 181.10236220472441 pair
1453.5433070866143 3171.6535433070867 236.2204724409449 181.10236220472441 de
1532.283464566929 3171.6535433070867 352.755905511811 181.10236220472441 France.
