1554 2703
79 272 286 72 GRANET,
287 272 156 72 né
365 272 130 72 à
417 272 208 72 Aix,
547 272 390 72 département
859 272 182 72 des
937 272 260 72 Bouches-

109 353 336 91 du-Rhône,
367 353 258 91 membre
548 353 155 91 de
626 353 155 91 la
703 353 258 91 Légion
858 353 310 91 d’Honneur.

58 488 195 78 34.
170 488 195 78 Vue
281 488 390 78 intérieure
587 488 167 78 de
671 488 334 78 l’église
922 488 167 78 du
977 488 251 78 couvent

122 569 179 91 de
212 569 536 91 San-Benedetto,
658 569 238 91 près
777 569 298 91 Subiaco.

225 685 131 99 On
291 685 175 99 voit
400 685 131 99 un
465 685 197 99 moine
597 685 131 99 en
662 685 240 99 prière,
837 685 131 99 et
902 685 153 99 ses
968 685 262 99 disciples.

64 955 218 67 GROS
200 955 518 67 (Antoine-Jean),
637 955 164 67 né
719 955 136 67 à
773 955 273 67 Paris,
964 955 273 67 membre
1128 955 109 67 de

123 1028 328 72 l’Institut,
385 1028 284 72 chevalier
604 1028 153 72 des
691 1028 218 72 ordres
844 1028 131 72 du
909 1028 175 72 Roi,
1019 1028 131 72 de
1062 1028 175 72 Saint-

120 1106 264 93 Michel,
312 1106 144 93 et
384 1106 144 93 de
456 1106 144 93 la
528 1106 240 93 Légion
672 1106 288 93 d’Honneur.

62 1222 211 86 35.
182 1222 181 86 S.
273 1222 181 86 A.
363 1222 181 86 R.
453 1222 331 86 MADAME,
694 1222 361 86 duchesse
935 1222 301 86 d’Angou-

125 1304 277 73 lême,
310 1304 493 73 s’embarquant
711 1304 154 73 à
773 1304 401 73 Pouillac,
1050 1304 185 73 près

132 1386 356 73 Bordeaux,
405 1386 164 73 le
487 1386 192 73 1er
597 1386 246 73 avril
734 1386 192 73 1815.

269 1508 202 76 Littora
416 1508 147 76 quum
508 1508 184 76 patriæ
636 1508 239 76 lacrymans
820 1508 239 76 portusque
986 1508 202 76 relinquo.

825 1569 195 87 (VIRG.)

234 1703 147 68 S.
307 1703 147 68 A.
381 1703 147 68 R.
454 1703 245 68 devant
626 1703 343 68 s’éloigner
871 1703 368 68 momentanément

178 1773 148 63 du
252 1773 173 63 sol
351 1773 148 63 de
425 1773 148 63 la
499 1773 271 63 France,
696 1773 197 63 tous
819 1773 197 63 ceux
942 1773 173 63 qui
1016 1773 222 63 avoient

178 1833 212 91 formé
320 1833 306 91 l’escorte
555 1833 141 91 de
625 1833 282 91 Bordeaux
837 1833 118 91 à
884 1833 282 91 Pouillac
1072 1833 165 91 s’em-

180 1918 322 76 pressoient
433 1918 138 76 de
502 1918 299 76 témoigner
732 1918 207 76 leurs
870 1918 253 76 regrets
1054 1918 138 76 et
1100 1918 138 76 leur

182 1972 384 81 attachement,
494 1972 144 81 en
566 1972 360 81 recueillant
854 1972 144 81 et
926 1972 144 81 se
974 1972 264 81 disputant

182 2042 168 68 les
278 2042 240 68 rubans
446 2042 240 68 blancs
614 2042 168 68 que
710 2042 192 68 leur
831 2042 216 68 avoit
951 2042 288 68 distribués

186 2118 138 65 S.
255 2118 138 65 A.
324 2118 138 65 R.
392 2118 183 65 Mais
507 2118 161 65 les
599 2118 275 65 demandes
805 2118 138 65 se
874 2118 367 65 multipliant,
1149 2118 92 65 et

186 2187 160 109 les
278 2187 229 109 rubans
438 2187 206 109 étant
575 2187 275 109 épuisés,
781 2187 137 109 la
850 2187 298 109 princesse
1056 2187 183 109 saisit

944 2267 114 79 4
