2447.244094488189 4256.692913385827
124.40944881889764 428.34645669291336 450.3937007874016 113.38582677165354 GRANET,
451.9685039370079 428.34645669291336 245.66929133858267 113.38582677165354 né
574.8031496062993 428.34645669291336 204.7244094488189 113.38582677165354 à
656.6929133858267 428.34645669291336 327.5590551181102 113.38582677165354 Aix,
861.4173228346457 428.34645669291336 614.1732283464567 113.38582677165354 département
1352.755905511811 428.34645669291336 286.61417322834643 113.38582677165354 des
1475.5905511811025 428.34645669291336 409.4488188976378 113.38582677165354 Bouches-

171.6535433070866 555.9055118110236 529.1338582677165 143.30708661417322 du-Rhône,
577.9527559055118 555.9055118110236 406.2992125984252 143.30708661417322 membre
862.992125984252 555.9055118110236 244.09448818897638 143.30708661417322 de
985.8267716535433 555.9055118110236 244.09448818897638 143.30708661417322 la
1107.0866141732283 555.9055118110236 406.2992125984252 143.30708661417322 Légion
1351.1811023622047 555.9055118110236 488.18897637795277 143.30708661417322 d’Honneur.

91.33858267716535 768.503937007874 307.0866141732283 122.83464566929133 34.
267.7165354330709 768.503937007874 307.0866141732283 122.83464566929133 Vue
442.5196850393701 768.503937007874 614.1732283464567 122.83464566929133 intérieure
924.4094488188977 768.503937007874 262.99212598425197 122.83464566929133 de
1056.6929133858268 768.503937007874 525.9842519685039 122.83464566929133 l’église
1451.9685039370079 768.503937007874 262.99212598425197 122.83464566929133 du
1538.5826771653544 768.503937007874 395.2755905511811 122.83464566929133 couvent

192.1259842519685 896.0629921259842 281.8897637795276 143.30708661417322 de
333.8582677165354 896.0629921259842 844.0944881889764 143.30708661417322 San-Benedetto,
1036.2204724409448 896.0629921259842 374.8031496062992 143.30708661417322 près
1223.6220472440946 896.0629921259842 469.29133858267716 143.30708661417322 Subiaco.

354.3307086614173 1078.740157480315 206.29921259842519 155.90551181102362 On
458.26771653543307 1078.740157480315 275.59055118110234 155.90551181102362 voit
629.9212598425197 1078.740157480315 206.29921259842519 155.90551181102362 un
732.2834645669292 1078.740157480315 310.23622047244095 155.90551181102362 moine
940.1574803149606 1078.740157480315 206.29921259842519 155.90551181102362 en
1042.5196850393702 1078.740157480315 377.9527559055118 155.90551181102362 prière,
1318.1102362204724 1078.740157480315 206.29921259842519 155.90551181102362 et
1420.4724409448818 1078.740157480315 240.9448818897638 155.90551181102362 ses
1524.4094488188975 1078.740157480315 412.59842519685037 155.90551181102362 disciples.

100.78740157480316 1503.9370078740158 343.3070866141732 105.51181102362204 GROS
314.96062992125985 1503.9370078740158 815.7480314960629 105.51181102362204 (Antoine-Jean),
1003.1496062992126 1503.9370078740158 258.26771653543307 105.51181102362204 né
1132.283464566929 1503.9370078740158 214.17322834645668 105.51181102362204 à
1217.3228346456692 1503.9370078740158 429.9212598425197 105.51181102362204 Paris,
1518.1102362204724 1503.9370078740158 429.9212598425197 105.51181102362204 membre
1776.3779527559054 1503.9370078740158 171.6535433070866 105.51181102362204 de

193.70078740157481 1618.8976377952756 516.5354330708661 113.38582677165354 l’Institut,
606.2992125984252 1618.8976377952756 447.244094488189 113.38582677165354 chevalier
951.1811023622047 1618.8976377952756 240.9448818897638 113.38582677165354 des
1088.1889763779527 1618.8976377952756 343.3070866141732 113.38582677165354 ordres
1329.1338582677165 1618.8976377952756 206.29921259842519 113.38582677165354 du
1431.4960629921259 1618.8976377952756 275.59055118110234 113.38582677165354 Roi,
1604.724409448819 1618.8976377952756 206.29921259842519 113.38582677165354 de
1672.4409448818897 1618.8976377952756 275.59055118110234 113.38582677165354 Saint-

188.9763779527559 1741.732283464567 415.748031496063 146.45669291338584 Michel,
491.33858267716533 1741.732283464567 226.77165354330708 146.45669291338584 et
604.7244094488188 1741.732283464567 226.77165354330708 146.45669291338584 de
718.1102362204724 1741.732283464567 226.77165354330708 146.45669291338584 la
831.496062992126 1741.732283464567 377.9527559055118 146.45669291338584 Légion
1058.267716535433 1741.732283464567 453.54330708661416 146.45669291338584 d’Honneur.

97.63779527559055 1924.4094488188975 332.2834645669291 135.43307086614172 35.
286.61417322834643 1924.4094488188975 285.03937007874015 135.43307086614172 S.
429.9212598425197 1924.4094488188975 285.03937007874015 135.43307086614172 A.
571.6535433070866 1924.4094488188975 285.03937007874015 135.43307086614172 R.
713.3858267716536 1924.4094488188975 521.2598425196851 135.43307086614172 MADAME,
1092.9133858267717 1924.4094488188975 568.503937007874 135.43307086614172 duchesse
1472.4409448818897 1924.4094488188975 474.01574803149606 135.43307086614172 d’Angou-

196.8503937007874 2053.5433070866143 436.2204724409449 114.96062992125984 lême,
488.18897637795277 2053.5433070866143 776.3779527559055 114.96062992125984 s’embarquant
1119.6850393700788 2053.5433070866143 242.51968503937007 114.96062992125984 à
1217.3228346456692 2053.5433070866143 631.496062992126 114.96062992125984 Pouillac,
1653.5433070866143 2053.5433070866143 291.33858267716533 114.96062992125984 près

207.8740157480315 2182.6771653543306 560.6299212598425 114.96062992125984 Bordeaux,
637.7952755905512 2182.6771653543306 258.26771653543307 114.96062992125984 le
766.9291338582677 2182.6771653543306 302.3622047244094 114.96062992125984 1er
940.1574803149606 2182.6771653543306 387.40157480314963 114.96062992125984 avril
1155.9055118110236 2182.6771653543306 302.3622047244094 114.96062992125984 1815.

423.62204724409446 2374.803149606299 318.1102362204724 119.68503937007874 Littora
655.1181102362204 2374.803149606299 231.49606299212599 119.68503937007874 quum
800.0 2374.803149606299 289.76377952755905 119.68503937007874 patriæ
1001.5748031496063 2374.803149606299 376.37795275590554 119.68503937007874 lacrymans
1291.3385826771653 2374.803149606299 376.37795275590554 119.68503937007874 portusque
1552.755905511811 2374.803149606299 318.1102362204724 119.68503937007874 relinquo.

1299.2125984251968 2470.8661417322833 307.0866141732283 137.00787401574803 (VIRG.)

368.503937007874 2681.8897637795276 231.49606299212599 107.08661417322834 S.
483.46456692913387 2681.8897637795276 231.49606299212599 107.08661417322834 A.
600.0 2681.8897637795276 231.49606299212599 107.08661417322834 R.
714.9606299212599 2681.8897637795276 385.8267716535433 107.08661417322834 devant
985.8267716535433 2681.8897637795276 540.1574803149606 107.08661417322834 s’éloigner
1371.6535433070867 2681.8897637795276 579.5275590551181 107.08661417322834 momentanément

280.31496062992125 2792.1259842519685 233.0708661417323 99.21259842519684 du
396.8503937007874 2792.1259842519685 272.4409448818898 99.21259842519684 sol
552.7559055118111 2792.1259842519685 233.0708661417323 99.21259842519684 de
669.2913385826772 2792.1259842519685 233.0708661417323 99.21259842519684 la
785.8267716535433 2792.1259842519685 426.7716535433071 99.21259842519684 France,
1096.0629921259842 2792.1259842519685 310.23622047244095 99.21259842519684 tous
1289.763779527559 2792.1259842519685 310.23622047244095 99.21259842519684 ceux
1483.4645669291338 2792.1259842519685 272.4409448818898 99.21259842519684 qui
1600.0 2792.1259842519685 349.6062992125984 99.21259842519684 avoient

280.31496062992125 2886.6141732283463 333.8582677165354 143.30708661417322 formé
503.93700787401576 2886.6141732283463 481.8897637795276 143.30708661417322 l’escorte
874.0157480314961 2886.6141732283463 222.04724409448818 143.30708661417322 de
984.2519685039371 2886.6141732283463 444.09448818897636 143.30708661417322 Bordeaux
1318.1102362204724 2886.6141732283463 185.82677165354332 143.30708661417322 à
1392.1259842519685 2886.6141732283463 444.09448818897636 143.30708661417322 Pouillac
1688.1889763779527 2886.6141732283463 259.84251968503935 143.30708661417322 s’em-

283.46456692913387 3020.472440944882 507.0866141732283 119.68503937007874 pressoient
681.8897637795276 3020.472440944882 217.3228346456693 119.68503937007874 de
790.5511811023622 3020.472440944882 470.86614173228344 119.68503937007874 témoigner
1152.755905511811 3020.472440944882 325.98425196850394 119.68503937007874 leurs
1370.0787401574803 3020.472440944882 398.4251968503937 119.68503937007874 regrets
1659.8425196850394 3020.472440944882 217.3228346456693 119.68503937007874 et
1732.283464566929 3020.472440944882 217.3228346456693 119.68503937007874 leur

286.61417322834643 3105.511811023622 604.7244094488188 127.55905511811024 attachement,
777.9527559055118 3105.511811023622 226.77165354330708 127.55905511811024 en
891.3385826771654 3105.511811023622 566.9291338582677 127.55905511811024 recueillant
1344.8818897637796 3105.511811023622 226.77165354330708 127.55905511811024 et
1458.267716535433 3105.511811023622 226.77165354330708 127.55905511811024 se
1533.8582677165355 3105.511811023622 415.748031496063 127.55905511811024 disputant

286.61417322834643 3215.748031496063 264.56692913385825 107.08661417322834 les
437.79527559055117 3215.748031496063 377.9527559055118 107.08661417322834 rubans
702.3622047244095 3215.748031496063 377.9527559055118 107.08661417322834 blancs
966.9291338582677 3215.748031496063 264.56692913385825 107.08661417322834 que
1118.1102362204724 3215.748031496063 302.3622047244094 107.08661417322834 leur
1308.6614173228347 3215.748031496063 340.15748031496065 107.08661417322834 avoit
1497.6377952755906 3215.748031496063 453.54330708661416 107.08661417322834 distribués

292.9133858267717 3335.433070866142 217.3228346456693 102.36220472440945 S.
401.5748031496063 3335.433070866142 217.3228346456693 102.36220472440945 A.
510.23622047244095 3335.433070866142 217.3228346456693 102.36220472440945 R.
617.3228346456693 3335.433070866142 288.18897637795277 102.36220472440945 Mais
798.4251968503937 3335.433070866142 253.54330708661416 102.36220472440945 les
943.3070866141733 3335.433070866142 433.07086614173227 102.36220472440945 demandes
1267.716535433071 3335.433070866142 217.3228346456693 102.36220472440945 se
1376.3779527559054 3335.433070866142 577.9527559055118 102.36220472440945 multipliant,
1809.4488188976377 3335.433070866142 144.88188976377953 102.36220472440945 et

292.9133858267717 3444.0944881889764 251.96850393700788 171.6535433070866 les
437.79527559055117 3444.0944881889764 360.62992125984255 171.6535433070866 rubans
689.7637795275591 3444.0944881889764 324.40944881889766 171.6535433070866 étant
905.511811023622 3444.0944881889764 433.07086614173227 171.6535433070866 épuisés,
1229.9212598425197 3444.0944881889764 215.748031496063 171.6535433070866 la
1338.5826771653544 3444.0944881889764 469.29133858267716 171.6535433070866 princesse
1662.992125984252 3444.0944881889764 288.18897637795277 171.6535433070866 saisit

1486.6141732283465 3570.0787401574803 179.5275590551181 124.40944881889764 4
