1575 2724
794 150 153 110 (
856 150 184 110 38
917 150 92 110 )

422 254 163 89 son
515 254 279 89 panache,
724 254 163 89 et,
818 254 140 89 le
887 254 256 89 livrant
1074 254 116 89 à
1120 254 140 89 la
1190 254 210 89 foule
1330 254 140 89 de
1377 254 116 89 ces

423 334 235 101 fidèles
594 334 321 101 serviteurs,
850 334 128 101 le
915 334 214 101 répand
1064 334 150 101 sur
1150 334 128 101 le
1214 334 150 101 sol
1300 334 192 101 qu’il
1406 334 86 101 ne

420 410 179 76 doit
531 410 179 76 plus
621 410 223 76 quitter.

472 470 153 84 S.
548 470 153 84 A.
624 470 153 84 R.
700 470 178 84 est
802 470 382 84 accompagnée
1107 470 153 84 de
1184 470 178 84 MM.
1286 470 178 84 les
1362 470 127 84 vi-

415 554 250 70 comtes
590 554 275 70 Mathieu
790 554 150 70 de
865 554 375 70 Montmorency
1165 554 150 70 et
1215 554 275 70 d’Agoult,

414 617 153 68 de
491 617 307 68 mesdames
721 617 179 68 les
823 617 332 68 duchesses
1079 617 153 68 de
1156 617 256 68 Serent
1335 617 153 68 et
1386 617 102 68 de

408 693 284 66 Damas,
606 693 256 66 ainsi
777 693 199 66 que
890 693 284 66 madame
1089 693 170 66 la
1146 693 341 66 vicomtesse

387 752 273 93 d’Agoult.

357 958 272 109 GUÉRIN
547 958 354 109 (Pierre),
820 958 272 109 membre
1010 958 163 109 de
1065 958 354 109 l’Institut,

751 1052 140 84 né
821 1052 117 84 à
844 1052 187 84 Paris.

293 1163 207 109 36.
412 1163 237 109 Enée
560 1163 385 109 racontant
856 1163 148 109 à
915 1163 266 109 Didon
1092 1163 207 109 les
1181 1163 296 109 malheurs

593 1252 158 92 de
672 1252 158 92 la
751 1252 237 92 ville
909 1252 158 92 de
962 1252 211 92 Troie.

464 1373 207 87 Après
602 1373 138 87 la
671 1373 207 87 prise
809 1373 138 87 de
878 1373 230 87 Troie,
1039 1373 207 87 Enée,
1177 1373 230 87 prince
1338 1373 138 87 de
1384 1373 92 87 la

400 1449 275 73 famille
600 1449 150 73 de
675 1449 250 73 Priam,
850 1449 250 73 aborda
1024 1449 200 73 avec
1149 1449 150 73 sa
1224 1449 250 73 flotte
1374 1449 100 73 en

401 1515 293 89 Afrique,
620 1515 244 89 auprès
791 1515 147 89 de
865 1515 147 89 la
938 1515 220 89 ville
1084 1515 147 89 de
1158 1515 317 89 Carthage,
1377 1515 98 89 où

402 1580 237 82 Didon,
568 1580 214 82 fille
711 1580 142 82 du
782 1580 166 82 roi
877 1580 142 82 de
948 1580 190 82 Tyr,
1067 1580 214 82 avoit
1209 1580 237 82 établi
1351 1580 119 82 son

402 1663 262 67 empire.
592 1663 214 67 Cette
735 1663 214 67 reine
878 1663 214 67 reçut
1020 1663 119 67 à
1068 1663 143 67 sa
1139 1663 190 67 cour
1258 1663 143 67 le
1306 1663 166 67 héros

401 1721 261 96 troyen,
591 1721 143 96 et
663 1721 143 96 en
734 1721 238 96 devint
900 1721 261 96 bientôt
1090 1721 261 96 éprise.
1280 1721 190 96 Elle
1375 1721 95 96 se

401 1811 267 68 plaisoit
601 1811 111 68 à
645 1811 155 68 lui
734 1811 267 68 entendre
934 1811 267 68 raconter
1134 1811 155 68 ses
1223 1811 244 68 voyages
1378 1811 89 68 et

397 1867 160 87 les
488 1867 274 87 malheurs
694 1867 137 87 de
762 1867 137 87 la
831 1867 205 87 ville
968 1867 137 87 de
1036 1867 228 87 Troie.
1196 1867 228 87 Vénus,
1333 1867 137 87 pour

397 1930 317 74 augmenter
640 1930 243 74 encore
811 1930 146 74 la
884 1930 243 74 flamme
1054 1930 195 74 dont
1176 1930 146 74 la
1249 1930 219 74 reine
1371 1930 97 74 de

400 2000 291 90 Carthage
618 2000 267 90 brûloit
812 2000 194 90 pour
933 2000 218 90 Enée,
1079 2000 170 90 lui
1176 2000 243 90 envoya
1321 2000 146 90 l’A-

401 2072 181 80 mour
514 2072 181 80 sous
627 2072 136 80 la
695 2072 226 80 figure
854 2072 317 80 d’Ascagne,
1102 2072 181 80 fils
1215 2072 136 80 de
1283 2072 136 80 ce
1328 2072 136 80 der-

397 2141 213 83 nier.
540 2141 213 83 Didon
682 2141 237 83 aimoit
848 2141 119 83 à
895 2141 284 83 caresser
1108 2141 166 83 cet
1203 2141 261 83 enfant,
1369 2141 95 83 ne

388 2210 383 94 soupçonnant
695 2210 179 94 pas
797 2210 153 94 sa
874 2210 434 94 métamorphose,
1231 2210 153 94 et
1282 2210 179 94 Cupi
