2480.314960629921 4289.763779527559
1250.3937007874015 236.2204724409449 240.9448818897638 173.22834645669292 (
1348.0314960629921 236.2204724409449 289.76377952755905 173.22834645669292 38
1444.0944881889764 236.2204724409449 144.88188976377953 173.22834645669292 )

664.5669291338583 400.0 256.6929133858268 140.15748031496062 son
811.0236220472441 400.0 439.37007874015745 140.15748031496062 panache,
1140.1574803149606 400.0 256.6929133858268 140.15748031496062 et,
1288.1889763779527 400.0 220.4724409448819 140.15748031496062 le
1396.8503937007874 400.0 403.1496062992126 140.15748031496062 livrant
1691.3385826771653 400.0 182.6771653543307 140.15748031496062 à
1763.7795275590552 400.0 220.4724409448819 140.15748031496062 la
1874.015748031496 400.0 330.70866141732284 140.15748031496062 foule
2094.488188976378 400.0 220.4724409448819 140.15748031496062 de
2168.503937007874 400.0 182.6771653543307 140.15748031496062 ces

666.1417322834645 525.9842519685039 370.0787401574803 159.0551181102362 fidèles
935.4330708661417 525.9842519685039 505.51181102362204 159.0551181102362 serviteurs,
1338.5826771653544 525.9842519685039 201.5748031496063 159.0551181102362 le
1440.9448818897638 525.9842519685039 337.00787401574803 159.0551181102362 répand
1675.5905511811025 525.9842519685039 236.2204724409449 159.0551181102362 sur
1811.023622047244 525.9842519685039 201.5748031496063 159.0551181102362 le
1911.8110236220473 525.9842519685039 236.2204724409449 159.0551181102362 sol
2047.244094488189 525.9842519685039 302.3622047244094 159.0551181102362 qu’il
2214.1732283464567 525.9842519685039 135.43307086614172 159.0551181102362 ne

661.4173228346457 645.6692913385826 281.8897637795276 119.68503937007874 doit
836.2204724409448 645.6692913385826 281.8897637795276 119.68503937007874 plus
977.9527559055118 645.6692913385826 351.18110236220474 119.68503937007874 quitter.

743.3070866141733 740.1574803149606 240.9448818897638 132.28346456692913 S.
862.992125984252 740.1574803149606 240.9448818897638 132.28346456692913 A.
982.6771653543307 740.1574803149606 240.9448818897638 132.28346456692913 R.
1102.3622047244094 740.1574803149606 280.31496062992125 132.28346456692913 est
1262.992125984252 740.1574803149606 601.5748031496063 132.28346456692913 accompagnée
1743.3070866141732 740.1574803149606 240.9448818897638 132.28346456692913 de
1864.5669291338584 740.1574803149606 280.31496062992125 132.28346456692913 MM.
2025.1968503937007 740.1574803149606 280.31496062992125 132.28346456692913 les
2144.8818897637793 740.1574803149606 200.0 132.28346456692913 vi-

653.5433070866142 872.4409448818898 393.7007874015748 110.23622047244095 comtes
929.1338582677165 872.4409448818898 433.07086614173227 110.23622047244095 Mathieu
1244.0944881889764 872.4409448818898 236.2204724409449 110.23622047244095 de
1362.2047244094488 872.4409448818898 590.5511811023622 110.23622047244095 Montmorency
1834.6456692913387 872.4409448818898 236.2204724409449 110.23622047244095 et
1913.3858267716535 872.4409448818898 433.07086614173227 110.23622047244095 d’Agoult,

651.9685039370079 971.6535433070866 240.9448818897638 107.08661417322834 de
773.2283464566929 971.6535433070866 483.46456692913387 107.08661417322834 mesdames
1135.4330708661416 971.6535433070866 281.8897637795276 107.08661417322834 les
1296.0629921259842 971.6535433070866 522.8346456692914 107.08661417322834 duchesses
1699.2125984251968 971.6535433070866 240.9448818897638 107.08661417322834 de
1820.4724409448818 971.6535433070866 403.1496062992126 107.08661417322834 Serent
2102.3622047244094 971.6535433070866 240.9448818897638 107.08661417322834 et
2182.6771653543306 971.6535433070866 160.62992125984252 107.08661417322834 de

642.5196850393701 1091.3385826771653 447.244094488189 103.93700787401575 Damas,
954.3307086614174 1091.3385826771653 403.1496062992126 103.93700787401575 ainsi
1223.6220472440946 1091.3385826771653 313.38582677165357 103.93700787401575 que
1401.5748031496064 1091.3385826771653 447.244094488189 103.93700787401575 madame
1714.9606299212599 1091.3385826771653 267.7165354330709 103.93700787401575 la
1804.724409448819 1091.3385826771653 537.007874015748 103.93700787401575 vicomtesse

609.4488188976378 1184.251968503937 429.9212598425197 146.45669291338584 d’Agoult.

562.2047244094488 1508.6614173228347 428.34645669291336 171.6535433070866 GUÉRIN
861.4173228346457 1508.6614173228347 557.4803149606299 171.6535433070866 (Pierre),
1291.3385826771653 1508.6614173228347 428.34645669291336 171.6535433070866 membre
1590.5511811023623 1508.6614173228347 256.6929133858268 171.6535433070866 de
1677.1653543307086 1508.6614173228347 557.4803149606299 171.6535433070866 l’Institut,

1182.6771653543308 1656.6929133858268 220.4724409448819 132.28346456692913 né
1292.9133858267717 1656.6929133858268 184.251968503937 132.28346456692913 à
1329.1338582677165 1656.6929133858268 294.48818897637796 132.28346456692913 Paris.

461.4173228346457 1831.4960629921259 325.98425196850394 171.6535433070866 36.
648.8188976377953 1831.4960629921259 373.2283464566929 171.6535433070866 Enée
881.8897637795276 1831.4960629921259 606.2992125984252 171.6535433070866 racontant
1348.0314960629921 1831.4960629921259 233.0708661417323 171.6535433070866 à
1440.9448818897638 1831.4960629921259 418.8976377952756 171.6535433070866 Didon
1719.6850393700788 1831.4960629921259 325.98425196850394 171.6535433070866 les
1859.8425196850394 1831.4960629921259 466.1417322834646 171.6535433070866 malheurs

933.8582677165355 1971.6535433070867 248.8188976377953 144.88188976377953 de
1058.267716535433 1971.6535433070867 248.8188976377953 144.88188976377953 la
1182.6771653543308 1971.6535433070867 373.2283464566929 144.88188976377953 ville
1431.4960629921259 1971.6535433070867 248.8188976377953 144.88188976377953 de
1514.9606299212599 1971.6535433070867 332.2834645669291 144.88188976377953 Troie.

730.7086614173228 2162.2047244094488 325.98425196850394 137.00787401574803 Après
948.0314960629921 2162.2047244094488 217.3228346456693 137.00787401574803 la
1056.6929133858268 2162.2047244094488 325.98425196850394 137.00787401574803 prise
1274.015748031496 2162.2047244094488 217.3228346456693 137.00787401574803 de
1382.6771653543308 2162.2047244094488 362.20472440944883 137.00787401574803 Troie,
1636.2204724409448 2162.2047244094488 325.98425196850394 137.00787401574803 Enée,
1853.5433070866143 2162.2047244094488 362.20472440944883 137.00787401574803 prince
2107.0866141732286 2162.2047244094488 217.3228346456693 137.00787401574803 de
2179.527559055118 2162.2047244094488 144.88188976377953 137.00787401574803 la

629.9212598425197 2281.8897637795276 433.07086614173227 114.96062992125984 famille
944.8818897637796 2281.8897637795276 236.2204724409449 114.96062992125984 de
1062.992125984252 2281.8897637795276 393.7007874015748 114.96062992125984 Priam,
1338.5826771653544 2281.8897637795276 393.7007874015748 114.96062992125984 aborda
1612.5984251968505 2281.8897637795276 314.96062992125985 114.96062992125984 avec
1809.4488188976377 2281.8897637795276 236.2204724409449 114.96062992125984 sa
1927.5590551181103 2281.8897637795276 393.7007874015748 114.96062992125984 flotte
2163.779527559055 2281.8897637795276 157.48031496062993 114.96062992125984 en

631.496062992126 2385.8267716535433 461.4173228346457 140.15748031496062 Afrique,
976.3779527559055 2385.8267716535433 384.251968503937 140.15748031496062 auprès
1245.6692913385828 2385.8267716535433 231.49606299212599 140.15748031496062 de
1362.2047244094488 2385.8267716535433 231.49606299212599 140.15748031496062 la
1477.1653543307086 2385.8267716535433 346.45669291338584 140.15748031496062 ville
1707.0866141732283 2385.8267716535433 231.49606299212599 140.15748031496062 de
1823.6220472440946 2385.8267716535433 499.21259842519686 140.15748031496062 Carthage,
2168.503937007874 2385.8267716535433 154.33070866141733 140.15748031496062 où

633.0708661417323 2488.1889763779527 373.2283464566929 129.13385826771653 Didon,
894.488188976378 2488.1889763779527 337.00787401574803 129.13385826771653 fille
1119.6850393700788 2488.1889763779527 223.6220472440945 129.13385826771653 du
1231.4960629921259 2488.1889763779527 261.4173228346457 129.13385826771653 roi
1381.1023622047244 2488.1889763779527 223.6220472440945 129.13385826771653 de
1492.9133858267717 2488.1889763779527 299.21259842519686 129.13385826771653 Tyr,
1680.3149606299212 2488.1889763779527 337.00787401574803 129.13385826771653 avoit
1903.9370078740158 2488.1889763779527 373.2283464566929 129.13385826771653 établi
2127.5590551181103 2488.1889763779527 187.4015748031496 129.13385826771653 son

633.0708661417323 2618.8976377952754 412.59842519685037 105.51181102362204 empire.
932.2834645669292 2618.8976377952754 337.00787401574803 105.51181102362204 Cette
1157.4803149606298 2618.8976377952754 337.00787401574803 105.51181102362204 reine
1382.6771653543308 2618.8976377952754 337.00787401574803 105.51181102362204 reçut
1606.2992125984251 2618.8976377952754 187.4015748031496 105.51181102362204 à
1681.8897637795276 2618.8976377952754 225.1968503937008 105.51181102362204 sa
1793.7007874015749 2618.8976377952754 299.21259842519686 105.51181102362204 cour
1981.1023622047244 2618.8976377952754 225.1968503937008 105.51181102362204 le
2056.6929133858266 2618.8976377952754 261.4173228346457 105.51181102362204 héros

631.496062992126 2710.236220472441 411.0236220472441 151.1811023622047 troyen,
930.7086614173228 2710.236220472441 225.1968503937008 151.1811023622047 et
1044.0944881889764 2710.236220472441 225.1968503937008 151.1811023622047 en
1155.9055118110236 2710.236220472441 374.8031496062992 151.1811023622047 devint
1417.3228346456692 2710.236220472441 411.0236220472441 151.1811023622047 bientôt
1716.5354330708662 2710.236220472441 411.0236220472441 151.1811023622047 éprise.
2015.748031496063 2710.236220472441 299.21259842519686 151.1811023622047 Elle
2165.3543307086616 2710.236220472441 149.60629921259843 151.1811023622047 se

631.496062992126 2851.968503937008 420.4724409448819 107.08661417322834 plaisoit
946.4566929133858 2851.968503937008 174.8031496062992 107.08661417322834 à
1015.7480314960629 2851.968503937008 244.09448818897638 107.08661417322834 lui
1155.9055118110236 2851.968503937008 420.4724409448819 107.08661417322834 entendre
1470.8661417322835 2851.968503937008 420.4724409448819 107.08661417322834 raconter
1785.8267716535433 2851.968503937008 244.09448818897638 107.08661417322834 ses
1925.984251968504 2851.968503937008 384.251968503937 107.08661417322834 voyages
2170.0787401574803 2851.968503937008 140.15748031496062 107.08661417322834 et

625.1968503937007 2940.1574803149606 251.96850393700788 137.00787401574803 les
768.503937007874 2940.1574803149606 431.496062992126 137.00787401574803 malheurs
1092.9133858267717 2940.1574803149606 215.748031496063 137.00787401574803 de
1200.0 2940.1574803149606 215.748031496063 137.00787401574803 la
1308.6614173228347 2940.1574803149606 322.8346456692913 137.00787401574803 ville
1524.4094488188975 2940.1574803149606 215.748031496063 137.00787401574803 de
1631.4960629921259 2940.1574803149606 359.0551181102362 137.00787401574803 Troie.
1883.4645669291338 2940.1574803149606 359.0551181102362 137.00787401574803 Vénus,
2099.212598425197 2940.1574803149606 215.748031496063 137.00787401574803 pour

625.1968503937007 3039.3700787401576 499.21259842519686 116.53543307086615 augmenter
1007.8740157480315 3039.3700787401576 382.6771653543307 116.53543307086615 encore
1277.1653543307086 3039.3700787401576 229.92125984251967 116.53543307086615 la
1392.1259842519685 3039.3700787401576 382.6771653543307 116.53543307086615 flamme
1659.8425196850394 3039.3700787401576 307.0866141732283 116.53543307086615 dont
1851.9685039370079 3039.3700787401576 229.92125984251967 116.53543307086615 la
1966.9291338582677 3039.3700787401576 344.88188976377955 116.53543307086615 reine
2159.0551181102364 3039.3700787401576 152.75590551181102 116.53543307086615 de

629.9212598425197 3149.6062992125985 458.26771653543307 141.73228346456693 Carthage
973.2283464566929 3149.6062992125985 420.4724409448819 141.73228346456693 brûloit
1278.740157480315 3149.6062992125985 305.51181102362204 141.73228346456693 pour
1469.291338582677 3149.6062992125985 343.3070866141732 141.73228346456693 Enée,
1699.2125984251968 3149.6062992125985 267.7165354330709 141.73228346456693 lui
1851.9685039370079 3149.6062992125985 382.6771653543307 141.73228346456693 envoya
2080.314960629921 3149.6062992125985 229.92125984251967 141.73228346456693 l’A-

631.496062992126 3262.9921259842517 285.03937007874015 125.98425196850394 mour
809.4488188976378 3262.9921259842517 285.03937007874015 125.98425196850394 sous
987.4015748031496 3262.9921259842517 214.17322834645668 125.98425196850394 la
1094.4881889763778 3262.9921259842517 355.90551181102364 125.98425196850394 figure
1344.8818897637796 3262.9921259842517 499.21259842519686 125.98425196850394 d’Ascagne,
1735.4330708661416 3262.9921259842517 285.03937007874015 125.98425196850394 fils
1913.3858267716535 3262.9921259842517 214.17322834645668 125.98425196850394 de
2020.4724409448818 3262.9921259842517 214.17322834645668 125.98425196850394 ce
2091.3385826771655 3262.9921259842517 214.17322834645668 125.98425196850394 der-

625.1968503937007 3371.6535433070867 335.43307086614175 130.70866141732284 nier.
850.3937007874016 3371.6535433070867 335.43307086614175 130.70866141732284 Didon
1074.015748031496 3371.6535433070867 373.2283464566929 130.70866141732284 aimoit
1335.4330708661416 3371.6535433070867 187.4015748031496 130.70866141732284 à
1409.4488188976377 3371.6535433070867 447.244094488189 130.70866141732284 caresser
1744.8818897637796 3371.6535433070867 261.4173228346457 130.70866141732284 cet
1894.4881889763778 3371.6535433070867 411.0236220472441 130.70866141732284 enfant,
2155.9055118110236 3371.6535433070867 149.60629921259843 130.70866141732284 ne

611.0236220472441 3480.314960629921 603.1496062992126 148.03149606299212 soupçonnant
1094.4881889763778 3480.314960629921 281.8897637795276 148.03149606299212 pas
1255.1181102362204 3480.314960629921 240.9448818897638 148.03149606299212 sa
1376.3779527559054 3480.314960629921 683.4645669291339 148.03149606299212 métamorphose,
1938.5826771653544 3480.314960629921 240.9448818897638 148.03149606299212 et
2018.8976377952756 3480.314960629921 281.8897637795276 148.03149606299212 Cupi
