1545 2715
541 151 220 120 (
585 151 220 120 39)

201 259 157 77 don
290 259 291 77 profitoit
514 259 134 77 de
582 259 134 77 la
649 259 291 77 confiance
873 259 134 77 de
940 259 134 77 la
1007 259 202 77 reine
1120 259 134 77 pour

193 343 337 71 enflammer
453 343 182 71 son
530 343 182 71 cœur.

248 397 179 93 Enée
359 397 156 93 est
449 397 156 93 ici
538 397 313 93 représenté
784 397 134 93 au
851 397 223 93 moment
1007 397 134 93 où
1074 397 134 93 il
1119 397 134 93 fait

195 470 117 84 à
241 470 211 84 Didon
382 470 141 84 le
453 470 211 84 récit
594 470 141 84 de
664 470 141 84 la
735 470 235 84 guerre
899 470 141 84 de
969 470 235 84 Troie.
1110 470 141 84 Cou-

193 541 184 67 chée
308 541 161 67 sur
400 541 138 67 un
469 541 184 67 beau
584 541 161 67 lit
676 541 138 67 de
746 541 230 67 repos,
907 541 207 67 Didon
1022 541 230 67 l’écoute

192 620 184 56 avec
307 620 277 56 intérêt,
515 620 138 56 et
584 620 138 56 le
653 620 253 56 regarde
837 620 346 56 tendrement.
1091 620 161 56 Cupi-

188 681 185 66 don,
303 681 185 66 sous
419 681 162 66 les
511 681 231 66 traits
673 681 323 66 d’Ascagne,
927 681 231 66 tenant
1088 681 139 66 un
1135 681 115 66 des

188 752 184 60 bras
303 752 138 60 de
372 752 138 60 la
441 752 230 60 reine,
603 752 161 60 lui
695 752 161 60 ôte
787 752 138 60 du
856 752 207 60 doigt
995 752 161 60 son
1064 752 184 60 anneau

184 827 305 82 nuptial,
412 827 203 82 pour
539 827 279 82 marquer
742 827 178 82 ses
844 827 279 82 progrès
1047 827 203 82 dans
1148 827 102 82 le

183 885 208 71 cœur
313 885 156 71 de
391 885 260 71 Didon,
573 885 182 71 qui
677 885 312 71 commence
911 885 130 71 à
963 885 286 71 oublier
1145 885 104 71 la

187 963 276 79 fidélité
394 963 253 79 qu’elle
578 963 207 79 avoit
716 963 207 79 jurée
855 963 161 79 aux
947 963 207 79 mânes
1085 963 138 79 de
1131 963 115 79 son

192 1042 225 61 époux.
349 1042 113 61 A
394 1042 225 61 droite
552 1042 158 61 est
642 1042 203 61 Anne,
777 1042 135 61 sa
844 1042 203 61 sœur,
979 1042 158 61 qui
1047 1042 203 61 regarde

183 1097 421 65 attentivement
530 1097 297 65 Ascagne,
753 1097 149 65 et
827 1097 248 65 semble
976 1097 272 65 s’étonner

188 1171 132 63 de
254 1171 243 63 trouver
431 1171 177 63 dans
541 1171 132 63 la
607 1171 221 63 figure
762 1171 132 63 de
828 1171 154 63 cet
916 1171 221 63 enfant
1048 1171 199 63 quelque

187 1239 212 81 chose
329 1239 142 81 de
376 1239 307 81 surnaturel.

245 1312 134 74 La
312 1312 200 74 scène
445 1312 134 74 se
512 1312 200 74 passe
645 1312 156 74 sur
734 1312 156 74 une
823 1312 267 74 terrasse
1024 1312 223 74 située
1157 1312 89 74 au

190 1377 192 70 haut
310 1377 144 70 du
382 1377 240 70 palais
550 1377 144 70 de
622 1377 240 70 Didon,
790 1377 192 70 d’où
910 1377 192 70 l’on
1006 1377 240 70 découvre

189 1441 141 87 le
259 1441 353 87 promontoire
541 1441 141 87 où
612 1441 188 87 tout
729 1441 165 87 est
823 1441 141 87 en
894 1441 306 87 mouvement
1105 1441 141 87 pour

187 1506 211 81 bâtir
327 1506 141 81 la
398 1506 282 81 nouvelle
609 1506 235 81 ville,
773 1506 141 81 et
844 1506 141 81 la
914 1506 211 81 vaste
1055 1506 164 81 mer
1126 1506 117 81 qui

188 1575 264 59 séparera
386 1575 264 59 Carthage
584 1575 154 59 des
672 1575 198 59 côtes
804 1575 286 59 d’Italie;
1024 1575 132 59 en
1068 1575 176 59 avant-

193 1649 201 65 corps
327 1649 134 65 de
394 1649 134 65 la
461 1649 268 65 terrasse
662 1649 246 65 s’élève
841 1649 134 65 un
908 1649 224 65 temple
1065 1649 134 65 de
1110 1649 134 65 Nep-

190 1719 181 57 tune
303 1719 136 57 où
371 1719 181 57 l’on
484 1719 271 57 remarque
688 1719 136 57 la
756 1719 226 57 statue
914 1719 136 57 de
982 1719 136 57 ce
1027 1719 158 57 dieu.

75 1821 205 96 37.
163 1821 439 96 Clytemnestre.

234 1913 327 84 Agamemnon
485 1913 176 84 est
586 1913 251 84 revenu
762 1913 327 84 vainqueur
988 1913 251 84 d’Ilion.

186 1994 187 81 Pour
303 1994 140 81 la
373 1994 281 81 première
583 1994 210 81 fois,
724 1994 234 81 depuis
887 1994 164 81 dix
981 1994 257 81 années,
1144 1994 94 81 il

186 2069 252 69 repose,
370 2069 252 69 entouré
553 2069 138 69 de
622 2069 321 69 dépouilles
874 2069 321 69 troyennes,
1103 2069 138 69 dans

187 2131 129 82 le
251 2131 215 82 palais
401 2131 150 82 des
487 2131 258 82 Atrides.
681 2131 172 82 Mais
788 2131 129 82 le
852 2131 193 82 crime
981 2131 215 82 veille
1110 2131 129 82 dans

185 2206 140 87 ce
255 2206 187 87 même
372 2206 258 87 palais.
559 2206 258 87 Pendant
746 2206 164 87 son
840 2206 281 87 absence,
1051 2206 140 87 le
1098 2206 140 87 fils
