2433.0708661417325 4275.5905511811025
851.9685039370079 237.79527559055117 346.45669291338584 188.9763779527559 (
921.2598425196851 237.79527559055117 346.45669291338584 188.9763779527559 39)

316.53543307086613 407.87401574803147 247.24409448818898 121.25984251968504 don
456.6929133858268 407.87401574803147 458.26771653543307 121.25984251968504 profitoit
809.4488188976378 407.87401574803147 211.0236220472441 121.25984251968504 de
916.5354330708661 407.87401574803147 211.0236220472441 121.25984251968504 la
1022.0472440944882 407.87401574803147 458.26771653543307 121.25984251968504 confiance
1374.8031496062993 407.87401574803147 211.0236220472441 121.25984251968504 de
1480.3149606299212 407.87401574803147 211.0236220472441 121.25984251968504 la
1585.8267716535433 407.87401574803147 318.1102362204724 121.25984251968504 reine
1763.7795275590552 407.87401574803147 211.0236220472441 121.25984251968504 pour

303.93700787401576 540.1574803149606 530.7086614173228 111.81102362204724 enflammer
713.3858267716536 540.1574803149606 286.61417322834643 111.81102362204724 son
834.6456692913385 540.1574803149606 286.61417322834643 111.81102362204724 cœur.

390.5511811023622 625.1968503937007 281.8897637795276 146.45669291338584 Enée
565.3543307086615 625.1968503937007 245.66929133858267 146.45669291338584 est
707.0866141732283 625.1968503937007 245.66929133858267 146.45669291338584 ici
847.2440944881889 625.1968503937007 492.9133858267717 146.45669291338584 représenté
1234.6456692913387 625.1968503937007 211.0236220472441 146.45669291338584 au
1340.1574803149606 625.1968503937007 351.18110236220474 146.45669291338584 moment
1585.8267716535433 625.1968503937007 211.0236220472441 146.45669291338584 où
1691.3385826771653 625.1968503937007 211.0236220472441 146.45669291338584 il
1762.2047244094488 625.1968503937007 211.0236220472441 146.45669291338584 fait

307.0866141732283 740.1574803149606 184.251968503937 132.28346456692913 à
379.5275590551181 740.1574803149606 332.2834645669291 132.28346456692913 Didon
601.5748031496063 740.1574803149606 222.04724409448818 132.28346456692913 le
713.3858267716536 740.1574803149606 332.2834645669291 132.28346456692913 récit
935.4330708661417 740.1574803149606 222.04724409448818 132.28346456692913 de
1045.6692913385828 740.1574803149606 222.04724409448818 132.28346456692913 la
1157.4803149606298 740.1574803149606 370.0787401574803 132.28346456692913 guerre
1415.748031496063 740.1574803149606 222.04724409448818 132.28346456692913 de
1525.984251968504 740.1574803149606 370.0787401574803 132.28346456692913 Troie.
1748.0314960629921 740.1574803149606 222.04724409448818 132.28346456692913 Cou-

303.93700787401576 851.9685039370079 289.76377952755905 105.51181102362204 chée
485.03937007874015 851.9685039370079 253.54330708661416 105.51181102362204 sur
629.9212598425197 851.9685039370079 217.3228346456693 105.51181102362204 un
738.5826771653543 851.9685039370079 289.76377952755905 105.51181102362204 beau
919.6850393700787 851.9685039370079 253.54330708661416 105.51181102362204 lit
1064.5669291338584 851.9685039370079 217.3228346456693 105.51181102362204 de
1174.8031496062993 851.9685039370079 362.20472440944883 105.51181102362204 repos,
1428.3464566929133 851.9685039370079 325.98425196850394 105.51181102362204 Didon
1609.4488188976377 851.9685039370079 362.20472440944883 105.51181102362204 l’écoute

302.3622047244094 976.3779527559055 289.76377952755905 88.18897637795276 avec
483.46456692913387 976.3779527559055 436.2204724409449 88.18897637795276 intérêt,
811.0236220472441 976.3779527559055 217.3228346456693 88.18897637795276 et
919.6850393700787 976.3779527559055 217.3228346456693 88.18897637795276 le
1028.3464566929133 976.3779527559055 398.4251968503937 88.18897637795276 regarde
1318.1102362204724 976.3779527559055 544.8818897637796 88.18897637795276 tendrement.
1718.1102362204724 976.3779527559055 253.54330708661416 88.18897637795276 Cupi-

296.06299212598424 1072.4409448818897 291.33858267716533 103.93700787401575 don,
477.1653543307087 1072.4409448818897 291.33858267716533 103.93700787401575 sous
659.8425196850394 1072.4409448818897 255.11811023622047 103.93700787401575 les
804.7244094488188 1072.4409448818897 363.7795275590551 103.93700787401575 traits
1059.8425196850394 1072.4409448818897 508.66141732283467 103.93700787401575 d’Ascagne,
1459.8425196850394 1072.4409448818897 363.7795275590551 103.93700787401575 tenant
1713.3858267716535 1072.4409448818897 218.89763779527559 103.93700787401575 un
1787.4015748031495 1072.4409448818897 181.10236220472441 103.93700787401575 des

296.06299212598424 1184.251968503937 289.76377952755905 94.48818897637796 bras
477.1653543307087 1184.251968503937 217.3228346456693 94.48818897637796 de
585.8267716535433 1184.251968503937 217.3228346456693 94.48818897637796 la
694.488188976378 1184.251968503937 362.20472440944883 94.48818897637796 reine,
949.6062992125984 1184.251968503937 253.54330708661416 94.48818897637796 lui
1094.4881889763778 1184.251968503937 253.54330708661416 94.48818897637796 ôte
1239.3700787401574 1184.251968503937 217.3228346456693 94.48818897637796 du
1348.0314960629921 1184.251968503937 325.98425196850394 94.48818897637796 doigt
1566.9291338582677 1184.251968503937 253.54330708661416 94.48818897637796 son
1675.5905511811025 1184.251968503937 289.76377952755905 94.48818897637796 anneau

289.76377952755905 1302.3622047244094 480.31496062992125 129.13385826771653 nuptial,
648.8188976377953 1302.3622047244094 319.68503937007875 129.13385826771653 pour
848.8188976377953 1302.3622047244094 439.37007874015745 129.13385826771653 marquer
1168.5039370078741 1302.3622047244094 280.31496062992125 129.13385826771653 ses
1329.1338582677165 1302.3622047244094 439.37007874015745 129.13385826771653 progrès
1648.8188976377953 1302.3622047244094 319.68503937007875 129.13385826771653 dans
1807.8740157480315 1302.3622047244094 160.62992125984252 129.13385826771653 le

288.18897637795277 1393.7007874015749 327.5590551181102 111.81102362204724 cœur
492.9133858267717 1393.7007874015749 245.66929133858267 111.81102362204724 de
615.7480314960629 1393.7007874015749 409.4488188976378 111.81102362204724 Didon,
902.3622047244095 1393.7007874015749 286.61417322834643 111.81102362204724 qui
1066.1417322834645 1393.7007874015749 491.33858267716533 111.81102362204724 commence
1434.6456692913387 1393.7007874015749 204.7244094488189 111.81102362204724 à
1516.5354330708662 1393.7007874015749 450.3937007874016 111.81102362204724 oublier
1803.1496062992126 1393.7007874015749 163.7795275590551 111.81102362204724 la

294.48818897637796 1516.5354330708662 434.6456692913386 124.40944881889764 fidélité
620.4724409448819 1516.5354330708662 398.4251968503937 124.40944881889764 qu’elle
910.2362204724409 1516.5354330708662 325.98425196850394 124.40944881889764 avoit
1127.5590551181103 1516.5354330708662 325.98425196850394 124.40944881889764 jurée
1346.4566929133857 1516.5354330708662 253.54330708661416 124.40944881889764 aux
1491.3385826771653 1516.5354330708662 325.98425196850394 124.40944881889764 mânes
1708.6614173228347 1516.5354330708662 217.3228346456693 124.40944881889764 de
1781.1023622047244 1516.5354330708662 181.10236220472441 124.40944881889764 son

302.3622047244094 1640.9448818897638 354.3307086614173 96.06299212598425 époux.
549.6062992125984 1640.9448818897638 177.95275590551182 96.06299212598425 A
620.4724409448819 1640.9448818897638 354.3307086614173 96.06299212598425 droite
869.2913385826772 1640.9448818897638 248.8188976377953 96.06299212598425 est
1011.0236220472441 1640.9448818897638 319.68503937007875 96.06299212598425 Anne,
1223.6220472440946 1640.9448818897638 212.5984251968504 96.06299212598425 sa
1329.1338582677165 1640.9448818897638 319.68503937007875 96.06299212598425 sœur,
1541.732283464567 1640.9448818897638 248.8188976377953 96.06299212598425 qui
1648.8188976377953 1640.9448818897638 319.68503937007875 96.06299212598425 regarde

288.18897637795277 1727.5590551181103 662.992125984252 102.36220472440945 attentivement
834.6456692913385 1727.5590551181103 467.7165354330709 102.36220472440945 Ascagne,
1185.8267716535433 1727.5590551181103 234.64566929133858 102.36220472440945 et
1302.3622047244094 1727.5590551181103 390.5511811023622 102.36220472440945 semble
1537.007874015748 1727.5590551181103 428.34645669291336 102.36220472440945 s’étonner

296.06299212598424 1844.0944881889764 207.8740157480315 99.21259842519684 de
400.0 1844.0944881889764 382.6771653543307 99.21259842519684 trouver
678.7401574803149 1844.0944881889764 278.74015748031496 99.21259842519684 dans
851.9685039370079 1844.0944881889764 207.8740157480315 99.21259842519684 la
955.9055118110236 1844.0944881889764 348.0314960629921 99.21259842519684 figure
1200.0 1844.0944881889764 207.8740157480315 99.21259842519684 de
1303.9370078740158 1844.0944881889764 242.51968503937007 99.21259842519684 cet
1442.5196850393702 1844.0944881889764 348.0314960629921 99.21259842519684 enfant
1650.3937007874015 1844.0944881889764 313.38582677165357 99.21259842519684 quelque

294.48818897637796 1951.1811023622047 333.8582677165354 127.55905511811024 chose
518.1102362204724 1951.1811023622047 223.6220472440945 127.55905511811024 de
592.1259842519685 1951.1811023622047 483.46456692913387 127.55905511811024 surnaturel.

385.8267716535433 2066.1417322834645 211.0236220472441 116.53543307086615 La
491.33858267716533 2066.1417322834645 314.96062992125985 116.53543307086615 scène
700.7874015748032 2066.1417322834645 211.0236220472441 116.53543307086615 se
806.2992125984252 2066.1417322834645 314.96062992125985 116.53543307086615 passe
1015.7480314960629 2066.1417322834645 245.66929133858267 116.53543307086615 sur
1155.9055118110236 2066.1417322834645 245.66929133858267 116.53543307086615 une
1296.0629921259842 2066.1417322834645 420.4724409448819 116.53543307086615 terrasse
1612.5984251968505 2066.1417322834645 351.18110236220474 116.53543307086615 située
1822.0472440944882 2066.1417322834645 140.15748031496062 116.53543307086615 au

299.21259842519686 2168.503937007874 302.3622047244094 110.23622047244095 haut
488.18897637795277 2168.503937007874 226.77165354330708 110.23622047244095 du
601.5748031496063 2168.503937007874 377.9527559055118 110.23622047244095 palais
866.1417322834645 2168.503937007874 226.77165354330708 110.23622047244095 de
979.5275590551181 2168.503937007874 377.9527559055118 110.23622047244095 Didon,
1244.0944881889764 2168.503937007874 302.3622047244094 110.23622047244095 d’où
1433.0708661417323 2168.503937007874 302.3622047244094 110.23622047244095 l’on
1584.251968503937 2168.503937007874 377.9527559055118 110.23622047244095 découvre

297.6377952755906 2269.2913385826773 222.04724409448818 137.00787401574803 le
407.87401574803147 2269.2913385826773 555.9055118110236 137.00787401574803 promontoire
851.9685039370079 2269.2913385826773 222.04724409448818 137.00787401574803 où
963.7795275590552 2269.2913385826773 296.06299212598424 137.00787401574803 tout
1148.0314960629921 2269.2913385826773 259.84251968503935 137.00787401574803 est
1296.0629921259842 2269.2913385826773 222.04724409448818 137.00787401574803 en
1407.8740157480315 2269.2913385826773 481.8897637795276 137.00787401574803 mouvement
1740.1574803149606 2269.2913385826773 222.04724409448818 137.00787401574803 pour

294.48818897637796 2371.6535433070867 332.2834645669291 127.55905511811024 bâtir
514.9606299212599 2371.6535433070867 222.04724409448818 127.55905511811024 la
626.7716535433071 2371.6535433070867 444.09448818897636 127.55905511811024 nouvelle
959.0551181102362 2371.6535433070867 370.0787401574803 127.55905511811024 ville,
1217.3228346456692 2371.6535433070867 222.04724409448818 127.55905511811024 et
1329.1338582677165 2371.6535433070867 222.04724409448818 127.55905511811024 la
1439.3700787401574 2371.6535433070867 332.2834645669291 127.55905511811024 vaste
1661.4173228346456 2371.6535433070867 258.26771653543307 127.55905511811024 mer
1773.2283464566929 2371.6535433070867 184.251968503937 127.55905511811024 qui

296.06299212598424 2480.314960629921 415.748031496063 92.91338582677166 séparera
607.8740157480315 2480.314960629921 415.748031496063 92.91338582677166 Carthage
919.6850393700787 2480.314960629921 242.51968503937007 92.91338582677166 des
1058.267716535433 2480.314960629921 311.81102362204723 92.91338582677166 côtes
1266.1417322834645 2480.314960629921 450.3937007874016 92.91338582677166 d’Italie;
1612.5984251968505 2480.314960629921 207.8740157480315 92.91338582677166 en
1681.8897637795276 2480.314960629921 277.1653543307087 92.91338582677166 avant-

303.93700787401576 2596.850393700787 316.53543307086613 102.36220472440945 corps
514.9606299212599 2596.850393700787 211.0236220472441 102.36220472440945 de
620.4724409448819 2596.850393700787 211.0236220472441 102.36220472440945 la
725.9842519685039 2596.850393700787 422.0472440944882 102.36220472440945 terrasse
1042.5196850393702 2596.850393700787 387.40157480314963 102.36220472440945 s’élève
1324.4094488188975 2596.850393700787 211.0236220472441 102.36220472440945 un
1429.9212598425197 2596.850393700787 352.755905511811 102.36220472440945 temple
1677.1653543307086 2596.850393700787 211.0236220472441 102.36220472440945 de
1748.0314960629921 2596.850393700787 211.0236220472441 102.36220472440945 Nep-

299.21259842519686 2707.0866141732286 285.03937007874015 89.76377952755905 tune
477.1653543307087 2707.0866141732286 214.17322834645668 89.76377952755905 où
584.2519685039371 2707.0866141732286 285.03937007874015 89.76377952755905 l’on
762.2047244094488 2707.0866141732286 426.7716535433071 89.76377952755905 remarque
1083.4645669291338 2707.0866141732286 214.17322834645668 89.76377952755905 la
1190.5511811023623 2707.0866141732286 355.90551181102364 89.76377952755905 statue
1439.3700787401574 2707.0866141732286 214.17322834645668 89.76377952755905 de
1546.4566929133857 2707.0866141732286 214.17322834645668 89.76377952755905 ce
1617.3228346456692 2707.0866141732286 248.8188976377953 89.76377952755905 dieu.

118.11023622047244 2867.716535433071 322.8346456692913 151.1811023622047 37.
256.6929133858268 2867.716535433071 691.3385826771654 151.1811023622047 Clytemnestre.

368.503937007874 3012.5984251968503 514.9606299212599 132.28346456692913 Agamemnon
763.7795275590552 3012.5984251968503 277.1653543307087 132.28346456692913 est
922.8346456692914 3012.5984251968503 395.2755905511811 132.28346456692913 revenu
1200.0 3012.5984251968503 514.9606299212599 132.28346456692913 vainqueur
1555.9055118110236 3012.5984251968503 395.2755905511811 132.28346456692913 d’Ilion.

292.9133858267717 3140.1574803149606 294.48818897637796 127.55905511811024 Pour
477.1653543307087 3140.1574803149606 220.4724409448819 127.55905511811024 la
587.4015748031496 3140.1574803149606 442.5196850393701 127.55905511811024 première
918.1102362204724 3140.1574803149606 330.70866141732284 127.55905511811024 fois,
1140.1574803149606 3140.1574803149606 368.503937007874 127.55905511811024 depuis
1396.8503937007874 3140.1574803149606 258.26771653543307 127.55905511811024 dix
1544.8818897637796 3140.1574803149606 404.7244094488189 127.55905511811024 années,
1801.5748031496064 3140.1574803149606 148.03149606299212 127.55905511811024 il

292.9133858267717 3258.267716535433 396.8503937007874 108.66141732283465 repose,
582.6771653543307 3258.267716535433 396.8503937007874 108.66141732283465 entouré
870.8661417322835 3258.267716535433 217.3228346456693 108.66141732283465 de
979.5275590551181 3258.267716535433 505.51181102362204 108.66141732283465 dépouilles
1376.3779527559054 3258.267716535433 505.51181102362204 108.66141732283465 troyennes,
1737.007874015748 3258.267716535433 217.3228346456693 108.66141732283465 dans

294.48818897637796 3355.9055118110236 203.1496062992126 129.13385826771653 le
395.2755905511811 3355.9055118110236 338.5826771653543 129.13385826771653 palais
631.496062992126 3355.9055118110236 236.2204724409449 129.13385826771653 des
766.9291338582677 3355.9055118110236 406.2992125984252 129.13385826771653 Atrides.
1072.4409448818897 3355.9055118110236 270.86614173228344 129.13385826771653 Mais
1240.9448818897638 3355.9055118110236 203.1496062992126 129.13385826771653 le
1341.732283464567 3355.9055118110236 303.93700787401576 129.13385826771653 crime
1544.8818897637796 3355.9055118110236 338.5826771653543 129.13385826771653 veille
1748.0314960629921 3355.9055118110236 203.1496062992126 129.13385826771653 dans

291.33858267716533 3474.015748031496 220.4724409448819 137.00787401574803 ce
401.5748031496063 3474.015748031496 294.48818897637796 137.00787401574803 même
585.8267716535433 3474.015748031496 406.2992125984252 137.00787401574803 palais.
880.3149606299213 3474.015748031496 406.2992125984252 137.00787401574803 Pendant
1174.8031496062993 3474.015748031496 258.26771653543307 137.00787401574803 son
1322.8346456692914 3474.015748031496 442.5196850393701 137.00787401574803 absence,
1655.1181102362204 3474.015748031496 220.4724409448819 137.00787401574803 le
1729.1338582677165 3474.015748031496 220.4724409448819 137.00787401574803 fils
