2541.732283464567 4351.181102362205
1149.6062992125985 308.66141732283467 292.9133858267717 160.62992125984252 (
1207.8740157480315 308.66141732283467 292.9133858267717 160.62992125984252 40)

587.4015748031496 458.26771653543307 225.1968503937008 146.45669291338584 de
700.7874015748032 458.26771653543307 448.81889763779526 146.45669291338584 Thyeste,
1036.2204724409448 458.26771653543307 411.0236220472441 146.45669291338584 Egiste,
1335.4330708661416 458.26771653543307 187.4015748031496 146.45669291338584 a
1411.023622047244 458.26771653543307 448.81889763779526 146.45669291338584 subjugué
1748.0314960629921 458.26771653543307 225.1968503937008 146.45669291338584 le
1859.8425196850394 458.26771653543307 299.21259842519686 146.45669291338584 cœur
2047.244094488189 458.26771653543307 225.1968503937008 146.45669291338584 de
2121.259842519685 458.26771653543307 149.60629921259843 146.45669291338584 la

587.4015748031496 562.2047244094488 381.1023622047244 140.15748031496062 fière
840.9448818897638 562.2047244094488 718.1102362204724 140.15748031496062 Clytemnestre,
1433.0708661417323 562.2047244094488 422.0472440944882 140.15748031496062 épouse
1686.6141732283465 562.2047244094488 592.1259842519685 140.15748031496062 d’Agamemnon.

592.1259842519685 674.0157480314961 288.18897637795277 114.96062992125984 Déja
771.6535433070866 674.0157480314961 288.18897637795277 114.96062992125984 elle
951.1811023622047 674.0157480314961 251.96850393700788 114.96062992125984 lui
1096.0629921259842 674.0157480314961 503.93700787401576 114.96062992125984 appartient
1491.3385826771653 674.0157480314961 251.96850393700788 114.96062992125984 par
1634.6456692913387 674.0157480314961 215.748031496063 114.96062992125984 le
1743.3070866141732 674.0157480314961 359.0551181102362 114.96062992125984 crime,
1993.7007874015749 674.0157480314961 288.18897637795277 114.96062992125984 déja
2138.582677165354 674.0157480314961 143.30708661417322 114.96062992125984 il

592.1259842519685 787.4015748031496 346.45669291338584 108.66141732283465 règne
822.0472440944882 787.4015748031496 269.29133858267716 108.66141732283465 par
976.3779527559055 787.4015748031496 308.66141732283467 108.66141732283465 elle
1170.0787401574803 787.4015748031496 308.66141732283467 108.66141732283465 dans
1362.2047244094488 787.4015748031496 385.8267716535433 108.66141732283465 Argos.
1631.4960629921259 787.4015748031496 231.49606299212599 108.66141732283465 En
1746.4566929133857 787.4015748031496 231.49606299212599 108.66141732283465 ce
1862.992125984252 787.4015748031496 385.8267716535433 108.66141732283465 moment
2094.488188976378 787.4015748031496 192.1259842519685 108.66141732283465 que

600.0 900.7874015748032 351.18110236220474 107.08661417322834 laisse
845.6692913385826 900.7874015748032 245.66929133858267 107.08661417322834 aux
985.8267716535433 900.7874015748032 456.6929133858268 107.08661417322834 coupables
1338.5826771653544 900.7874015748032 211.0236220472441 107.08661417322834 le
1444.0944881889764 900.7874015748032 387.40157480314963 107.08661417322834 sommeil
1725.984251968504 900.7874015748032 211.0236220472441 107.08661417322834 du
1831.4960629921259 900.7874015748032 281.8897637795276 107.08661417322834 roi,
1971.6535433070867 900.7874015748032 316.53543307086613 107.08661417322834 Egisthe

601.5748031496063 1020.4724409448819 395.2755905511811 107.08661417322834 rallume
889.7637795275591 1020.4724409448819 288.18897637795277 107.08661417322834 dans
1069.291338582677 1020.4724409448819 215.748031496063 107.08661417322834 le
1176.3779527559054 1020.4724409448819 288.18897637795277 107.08661417322834 cœur
1357.4803149606298 1020.4724409448819 215.748031496063 107.08661417322834 de
1464.5669291338584 1020.4724409448819 215.748031496063 107.08661417322834 sa
1571.6535433070867 1020.4724409448819 431.496062992126 107.08661417322834 complice
1896.0629921259842 1020.4724409448819 215.748031496063 107.08661417322834 le
1968.5039370078741 1020.4724409448819 322.8346456692913 107.08661417322834 ressen-

604.7244094488188 1124.4094488188975 382.6771653543307 113.38582677165354 timent
872.4409448818898 1124.4094488188975 229.92125984251967 113.38582677165354 du
987.4015748031496 1124.4094488188975 422.0472440944882 113.38582677165354 meurtre
1294.4881889763778 1124.4094488188975 229.92125984251967 113.38582677165354 de
1409.4488188976377 1124.4094488188975 229.92125984251967 113.38582677165354 sa
1524.4094488188975 1124.4094488188975 344.88188976377955 113.38582677165354 fille
1754.3307086614172 1124.4094488188975 537.007874015748 113.38582677165354 Iphigénie;
2138.582677165354 1124.4094488188975 152.75590551181102 113.38582677165354 il

606.2992125984252 1251.9685039370079 374.8031496062992 89.76377952755905 excite
869.2913385826772 1251.9685039370079 225.1968503937008 89.76377952755905 en
982.6771653543307 1251.9685039370079 300.78740157480314 89.76377952755905 même
1170.0787401574803 1251.9685039370079 338.5826771653543 89.76377952755905 temps
1395.275590551181 1251.9685039370079 225.1968503937008 89.76377952755905 sa
1507.0866141732283 1251.9685039370079 450.3937007874016 89.76377952755905 jalousie
1845.6692913385828 1251.9685039370079 374.8031496062992 89.76377952755905 contre
2070.8661417322833 1251.9685039370079 225.1968503937008 89.76377952755905 Cas-

604.7244094488188 1332.283464566929 455.11811023622045 129.13385826771653 sandre,
935.4330708661417 1332.283464566929 414.1732283464567 129.13385826771653 amenée
1225.1968503937007 1332.283464566929 455.11811023622045 129.13385826771653 captive
1555.9055118110236 1332.283464566929 289.76377952755905 129.13385826771653 par
1721.259842519685 1332.283464566929 579.5275590551181 129.13385826771653 Agamemnon,
2133.8582677165355 1332.283464566929 165.35433070866142 129.13385826771653 et

607.8740157480315 1442.5196850393702 242.51968503937007 114.96062992125984 la
729.1338582677165 1442.5196850393702 524.4094488188977 114.96062992125984 détermine
1133.8582677165355 1442.5196850393702 363.7795275590551 114.96062992125984 enfin
1374.8031496062993 1442.5196850393702 201.5748031496063 114.96062992125984 à
1456.6929133858268 1442.5196850393702 242.51968503937007 114.96062992125984 un
1577.9527559055118 1442.5196850393702 403.1496062992126 114.96062992125984 second
1859.8425196850394 1442.5196850393702 363.7795275590551 114.96062992125984 crime
2061.417322834646 1442.5196850393702 242.51968503937007 114.96062992125984 pour

612.5984251968504 1552.755905511811 414.1732283464567 125.98425196850394 assurer
913.3858267716536 1552.755905511811 527.5590551181102 125.98425196850394 l’impunité
1327.5590551181103 1552.755905511811 225.1968503937008 125.98425196850394 du
1440.9448818897638 1552.755905511811 451.9685039370079 125.98425196850394 premier.
1779.5275590551182 1552.755905511811 300.78740157480314 125.98425196850394 Elle
1968.5039370078741 1552.755905511811 188.9763779527559 125.98425196850394 a
2044.0944881889764 1552.755905511811 300.78740157480314 125.98425196850394 cédé
2193.700787401575 1552.755905511811 113.38582677165354 125.98425196850394 à

618.8976377952756 1658.267716535433 251.96850393700788 121.25984251968504 ses
762.2047244094488 1658.267716535433 395.2755905511811 121.25984251968504 affreux
1050.3937007874015 1658.267716535433 467.7165354330709 121.25984251968504 conseils,
1409.4488188976377 1658.267716535433 215.748031496063 121.25984251968504 et
1518.1102362204724 1658.267716535433 359.0551181102362 121.25984251968504 dévoué
1770.0787401574803 1658.267716535433 251.96850393700788 121.25984251968504 son
1913.3858267716535 1658.267716535433 322.8346456692913 121.25984251968504 époux
2129.1338582677167 1658.267716535433 179.5275590551181 121.25984251968504 à
2165.3543307086616 1658.267716535433 143.30708661417322 121.25984251968504 la

620.4724409448819 1795.275590551181 337.00787401574803 94.48818897637796 mort.
845.6692913385826 1795.275590551181 524.4094488188977 94.48818897637796 Cependant,
1258.267716535433 1795.275590551181 337.00787401574803 94.48818897637796 prête
1483.4645669291338 1795.275590551181 187.4015748031496 94.48818897637796 à
1557.4803149606298 1795.275590551181 450.3937007874016 94.48818897637796 frapper,
1894.4881889763778 1795.275590551181 299.21259842519686 94.48818897637796 elle
2044.0944881889764 1795.275590551181 262.99212598425197 94.48818897637796 s’ar-

620.4724409448819 1902.3622047244094 338.5826771653543 88.18897637795276 rête.
845.6692913385826 1902.3622047244094 489.76377952755905 88.18897637795276 L’horreur
1222.0472440944882 1902.3622047244094 225.1968503937008 88.18897637795276 du
1335.4330708661416 1902.3622047244094 414.1732283464567 88.18897637795276 forfait
1636.2204724409448 1902.3622047244094 262.99212598425197 88.18897637795276 lui
1787.4015748031495 1902.3622047244094 451.9685039370079 88.18897637795276 apparoit
2088.1889763779527 1902.3622047244094 225.1968503937008 88.18897637795276 tout

629.9212598425197 2007.8740157480315 401.5748031496063 94.48818897637796 entière,
930.7086614173228 2007.8740157480315 201.5748031496063 94.48818897637796 et
1031.4960629921259 2007.8740157480315 335.43307086614175 94.48818897637796 semble
1266.1417322834645 2007.8740157480315 335.43307086614175 94.48818897637796 glacer
1500.7874015748032 2007.8740157480315 201.5748031496063 94.48818897637796 sa
1600.0 2007.8740157480315 368.503937007874 94.48818897637796 fureur.
1869.291338582677 2007.8740157480315 267.7165354330709 94.48818897637796 Elle
2003.1496062992126 2007.8740157480315 300.78740157480314 94.48818897637796 recule:

629.9212598425197 2116.535433070866 313.38582677165357 100.78740157480316 mais
825.1968503937007 2116.535433070866 469.29133858267716 100.78740157480316 Egisthe,
1177.9527559055118 2116.535433070866 508.66141732283467 100.78740157480316 impatient
1568.5039370078741 2116.535433070866 234.64566929133858 100.78740157480316 de
1686.6141732283465 2116.535433070866 313.38582677165357 100.78740157480316 voir
1881.8897637795276 2116.535433070866 429.9212598425197 100.78740157480316 expirer
2155.9055118110236 2116.535433070866 155.90551181102362 100.78740157480316 sa

631.496062992126 2200.0 412.59842519685037 148.03149606299212 victime,
941.7322834645669 2200.0 206.29921259842519 148.03149606299212 la
1044.0944881889764 2200.0 447.244094488189 148.03149606299212 soutient,
1388.976377952756 2200.0 206.29921259842519 148.03149606299212 la
1491.3385826771653 2200.0 344.88188976377955 148.03149606299212 pousse
1732.283464566929 2200.0 275.59055118110234 148.03149606299212 vers
1905.5118110236222 2200.0 206.29921259842519 148.03149606299212 le
2007.8740157480315 2200.0 240.9448818897638 148.03149606299212 lit
2111.8110236220473 2200.0 206.29921259842519 148.03149606299212 con-

625.1968503937007 2338.582677165354 355.90551181102364 125.98425196850394 jugal,
874.0157480314961 2338.582677165354 212.5984251968504 125.98425196850394 et
981.1023622047244 2338.582677165354 212.5984251968504 125.98425196850394 le
1088.1889763779527 2338.582677165354 319.68503937007875 125.98425196850394 crime
1300.7874015748032 2338.582677165354 212.5984251968504 125.98425196850394 va
1371.6535433070867 2338.582677165354 426.7716535433071 125.98425196850394 s’achever.

722.8346456692914 2428.3464566929133 313.38582677165357 138.58267716535434 C’est
930.7086614173228 2428.3464566929133 209.4488188976378 138.58267716535434 le
1036.2204724409448 2428.3464566929133 348.0314960629921 138.58267716535434 moment
1278.740157480315 2428.3464566929133 209.4488188976378 138.58267716535434 de
1384.251968503937 2428.3464566929133 555.9055118110236 138.58267716535434 l’hésitation
1836.2204724409448 2428.3464566929133 244.09448818897638 138.58267716535434 que
1940.1574803149606 2428.3464566929133 382.6771653543307 138.58267716535434 l’artiste

639.3700787401575 2535.433070866142 176.3779527559055 130.70866141732284 a
708.6614173228346 2535.433070866142 352.755905511811 130.70866141732284 choisi
955.9055118110236 2535.433070866142 281.8897637795276 130.70866141732284 pour
1133.8582677165355 2535.433070866142 212.5984251968504 130.70866141732284 le
1239.3700787401574 2535.433070866142 318.1102362204724 130.70866141732284 sujet
1451.9685039370079 2535.433070866142 212.5984251968504 130.70866141732284 de
1557.4803149606298 2535.433070866142 212.5984251968504 130.70866141732284 ce
1628.3464566929133 2535.433070866142 352.755905511811 130.70866141732284 tableau.

470.86614173228344 2944.8818897637793 412.59842519685037 111.81102362204724 GUÉRIN
759.0551181102362 2944.8818897637793 537.007874015748 111.81102362204724 (Paulin),
1173.2283464566929 2944.8818897637793 247.24409448818898 111.81102362204724 né
1296.0629921259842 2944.8818897637793 206.29921259842519 111.81102362204724 à
1379.5275590551182 2944.8818897637793 577.9527559055118 111.81102362204724 Marseille,
1792.1259842519685 2944.8818897637793 537.007874015748 111.81102362204724 département

965.3543307086615 3034.6456692913384 281.8897637795276 168.50393700787401 des
1086.6141732283465 3034.6456692913384 763.7795275590552 168.50393700787401 Bouches

483.46456692913387 3185.8267716535433 313.38582677165357 195.2755905511811 38.
661.4173228346457 3185.8267716535433 359.0551181102362 195.2755905511811 Caïn
886.6141732283464 3185.8267716535433 403.1496062992126 195.2755905511811 après
1155.9055118110236 3185.8267716535433 269.29133858267716 195.2755905511811 le
1289.763779527559 3185.8267716535433 492.9133858267717 195.2755905511811 meurtre
1604.724409448819 3185.8267716535433 403.1496062992126 195.2755905511811 d’Abel.

744.8818897637796 3396.850393700787 327.5590551181102 130.70866141732284 Dieu
949.6062992125984 3396.850393700787 411.0236220472441 130.70866141732284 voyant
1237.7952755905512 3396.850393700787 245.66929133858267 130.70866141732284 la
1360.6299212598426 3396.850393700787 492.9133858267717 130.70866141732284 mauvaise
1729.1338582677165 3396.850393700787 615.7480314960629 130.70866141732284 disposition
2181.1023622047246 3396.850393700787 163.7795275590551 130.70866141732284 du

661.4173228346457 3532.283464566929 321.25984251968504 105.51181102362204 cœur
861.4173228346457 3532.283464566929 240.9448818897638 105.51181102362204 de
981.1023622047244 3532.283464566929 360.62992125984255 105.51181102362204 Caïn,
1222.0472440944882 3532.283464566929 321.25984251968504 105.51181102362204 fils
1422.0472440944882 3532.283464566929 321.25984251968504 105.51181102362204 aîné
1622.0472440944882 3532.283464566929 240.9448818897638 105.51181102362204 du
1741.732283464567 3532.283464566929 440.9448818897638 105.51181102362204 premier
2022.0472440944882 3532.283464566929 321.25984251968504 105.51181102362204 homme,
