1548 2715
582 157 259 104 (41
693 157 111 104 )

227 244 282 69 dédaigna
439 244 165 69 ses
533 244 306 69 présents,
769 244 141 69 et
839 244 329 69 accueillit
1098 244 188 69 ceux
1192 244 94 69 de

229 313 157 73 son
318 313 202 73 frère
453 313 202 73 Abel,
588 313 180 73 dont
701 313 135 73 il
768 313 225 73 aimoit
925 313 157 73 les
1015 313 247 73 vertus.
1173 313 112 73 Ja-

230 376 188 71 loux
347 376 141 71 de
417 376 211 71 cette
558 376 352 71 préférence,
839 376 188 71 Caïn
957 376 164 71 tua
1050 376 164 71 son
1121 376 164 71 frère

229 453 169 83 dans
335 453 127 83 un
398 453 169 83 lieu
504 453 212 83 écarté
652 453 127 83 où
716 453 127 83 il
779 453 233 83 l’avoit
948 453 275 83 entraîné.
1139 453 148 83 Alors

221 536 189 56 Dieu
339 536 165 56 lui
434 536 213 56 ayant
576 536 260 56 demandé
765 536 142 56 où
835 536 213 56 étoit
977 536 213 56 Abel,
1119 536 142 56 il
1166 536 118 56 ré-

227 601 240 71 pondit
395 601 192 71 avec
515 601 312 71 insolence
755 601 216 71 qu’il
899 601 144 71 ne
971 601 240 71 savoit
1139 601 144 71 où
1187 601 96 71 il

229 660 199 70 étoit,
368 660 119 70 et
428 660 179 70 qu’il
547 660 219 70 n’étoit
706 660 139 70 pas
785 660 119 70 le
845 660 219 70 gardien
1004 660 119 70 de
1063 660 139 70 son
1123 660 159 70 frère:

225 730 192 88 mais
345 730 336 88 l’Eternel,
609 730 216 88 après
753 730 168 88 lui
849 730 216 88 avoir
993 730 288 88 reproché
1185 730 96 88 un

225 798 194 77 crime
355 798 194 77 aussi
484 798 237 77 atroce,
657 798 151 77 lui
743 798 151 77 dit
830 798 173 77 que,
938 798 173 77 pour
1046 798 151 77 son
1110 798 173 77 châti-

225 868 203 71 ment,
361 868 135 71 il
428 868 225 71 seroit
586 868 225 71 maudit
743 868 158 71 sur
834 868 135 71 la
901 868 225 71 terre,
1059 868 135 71 où
1126 868 135 71 il
1171 868 113 71 se-

226 933 173 77 roit
335 933 217 77 errant
486 933 130 77 et
551 933 260 77 vagabond
746 933 130 77 le
811 933 195 77 reste
941 933 130 77 de
1006 933 152 77 ses
1071 933 173 77 jours.

282 1007 136 67 Ce
350 1007 181 67 sont
464 1007 159 67 les
554 1007 227 67 effets
713 1007 136 67 du
781 1007 295 67 châtiment
1008 1007 227 67 auquel
1144 1007 136 67 Caïn

222 1090 159 62 est
313 1090 273 62 condamné
518 1090 159 62 que
609 1090 296 62 l’artiste
836 1090 114 62 a
859 1090 318 62 représentés.

281 1143 195 67 Suivi
412 1143 130 67 de
477 1143 130 67 sa
542 1143 195 67 femme
672 1143 130 67 et
737 1143 130 67 de
802 1143 152 67 ses
889 1143 261 67 enfants,
1085 1143 130 67 ce
1128 1143 152 67 frère

220 1227 299 65 dénaturé,
450 1227 230 65 fuyant
611 1227 161 65 les
703 1227 253 65 auteurs
888 1227 138 65 de
957 1227 161 65 ses
1049 1227 230 65 jours,
1187 1227 92 65 se

225 1291 229 57 trouve
386 1291 229 57 arrêté
546 1291 138 57 au
615 1291 183 57 bord
730 1291 183 57 d’un
844 1291 321 57 précipice.
1097 1291 138 57 Le
1142 1291 138 57 ton-

224 1369 206 59 nerre
362 1369 161 59 qui
453 1369 229 59 éclate
614 1369 298 59 au-dessus
843 1369 138 59 de
912 1369 138 59 sa
981 1369 183 59 tête
1096 1369 138 59 le
1141 1369 138 59 rem-

224 1428 172 75 plit
331 1428 322 75 d’épouvante
589 1428 129 75 et
653 1428 258 75 réveille
846 1428 150 75 ses
932 1428 258 75 remords.
1104 1428 172 75 Satan,

219 1500 161 72 qui
311 1500 161 72 l’a
403 1500 230 72 poussé
564 1500 138 72 au
633 1500 345 72 fratricide,
910 1500 299 72 s’attache
1140 1500 115 72 à
1163 1500 115 72 ses

220 1562 161 79 pas
312 1562 184 79 sous
427 1562 138 79 la
496 1562 207 79 forme
634 1562 184 79 d’un
749 1562 276 79 serpent:
955 1562 138 79 la
1024 1562 230 79 massue
1162 1562 115 79 en-

221 1640 344 56 sanglantée
491 1640 295 56 rappelle
712 1640 172 56 son
811 1640 245 56 crime.
982 1640 172 56 Ses
1056 1640 221 56 enfants

221 1704 275 71 pleurent
427 1704 183 71 dans
542 1704 160 71 les
633 1704 183 71 bras
748 1704 137 71 de
816 1704 183 71 leur
931 1704 206 71 mère,
1068 1704 160 71 qui
1137 1704 137 71 s’é-

220 1765 252 86 vanouit
404 1765 138 86 de
472 1765 252 86 fatigue
656 1765 138 86 et
725 1765 138 86 de
793 1765 252 86 douleur
977 1765 138 86 en
1023 1765 252 86 implorant

217 1826 140 115 la
287 1826 279 115 clémence
473 1826 209 115 divine.

961 2259 126 72 4.
