2437.7952755905512 4275.5905511811025
916.5354330708661 247.24409448818898 407.87401574803147 163.7795275590551 (41
1091.3385826771653 247.24409448818898 174.8031496062992 163.7795275590551 )

357.4803149606299 384.251968503937 444.09448818897636 108.66141732283465 dédaigna
691.3385826771654 384.251968503937 259.84251968503935 108.66141732283465 ses
839.3700787401575 384.251968503937 481.8897637795276 108.66141732283465 présents,
1211.023622047244 384.251968503937 222.04724409448818 108.66141732283465 et
1321.259842519685 384.251968503937 518.1102362204724 108.66141732283465 accueillit
1729.1338582677165 384.251968503937 296.06299212598424 108.66141732283465 ceux
1877.1653543307086 384.251968503937 148.03149606299212 108.66141732283465 de

360.62992125984255 492.9133858267717 247.24409448818898 114.96062992125984 son
500.78740157480314 492.9133858267717 318.1102362204724 114.96062992125984 frère
713.3858267716536 492.9133858267717 318.1102362204724 114.96062992125984 Abel,
925.9842519685039 492.9133858267717 283.46456692913387 114.96062992125984 dont
1103.9370078740158 492.9133858267717 212.5984251968504 114.96062992125984 il
1209.4488188976377 492.9133858267717 354.3307086614173 114.96062992125984 aimoit
1456.6929133858268 492.9133858267717 247.24409448818898 114.96062992125984 les
1598.4251968503936 492.9133858267717 388.9763779527559 114.96062992125984 vertus.
1847.244094488189 492.9133858267717 176.3779527559055 114.96062992125984 Ja-

362.20472440944883 592.1259842519685 296.06299212598424 111.81102362204724 loux
546.4566929133858 592.1259842519685 222.04724409448818 111.81102362204724 de
656.6929133858267 592.1259842519685 332.2834645669291 111.81102362204724 cette
878.7401574803149 592.1259842519685 554.3307086614174 111.81102362204724 préférence,
1321.259842519685 592.1259842519685 296.06299212598424 111.81102362204724 Caïn
1507.0866141732283 592.1259842519685 258.26771653543307 111.81102362204724 tua
1653.5433070866143 592.1259842519685 258.26771653543307 111.81102362204724 son
1765.3543307086613 592.1259842519685 258.26771653543307 111.81102362204724 frère

360.62992125984255 713.3858267716536 266.1417322834646 130.70866141732284 dans
527.5590551181102 713.3858267716536 200.0 130.70866141732284 un
626.7716535433071 713.3858267716536 266.1417322834646 130.70866141732284 lieu
793.7007874015748 713.3858267716536 333.8582677165354 130.70866141732284 écarté
1026.7716535433071 713.3858267716536 200.0 130.70866141732284 où
1127.5590551181103 713.3858267716536 200.0 130.70866141732284 il
1226.7716535433071 713.3858267716536 366.92913385826773 130.70866141732284 l’avoit
1492.9133858267717 713.3858267716536 433.07086614173227 130.70866141732284 entraîné.
1793.7007874015749 713.3858267716536 233.0708661417323 130.70866141732284 Alors

348.0314960629921 844.0944881889764 297.6377952755906 88.18897637795276 Dieu
533.8582677165355 844.0944881889764 259.84251968503935 88.18897637795276 lui
683.4645669291339 844.0944881889764 335.43307086614175 88.18897637795276 ayant
907.0866141732283 844.0944881889764 409.4488188976378 88.18897637795276 demandé
1204.724409448819 844.0944881889764 223.6220472440945 88.18897637795276 où
1314.9606299212599 844.0944881889764 335.43307086614175 88.18897637795276 étoit
1538.5826771653544 844.0944881889764 335.43307086614175 88.18897637795276 Abel,
1762.2047244094488 844.0944881889764 223.6220472440945 88.18897637795276 il
1836.2204724409448 844.0944881889764 185.82677165354332 88.18897637795276 ré-

357.4803149606299 946.4566929133858 377.9527559055118 111.81102362204724 pondit
622.0472440944882 946.4566929133858 302.3622047244094 111.81102362204724 avec
811.0236220472441 946.4566929133858 491.33858267716533 111.81102362204724 insolence
1188.976377952756 946.4566929133858 340.15748031496065 111.81102362204724 qu’il
1415.748031496063 946.4566929133858 226.77165354330708 111.81102362204724 ne
1529.1338582677165 946.4566929133858 377.9527559055118 111.81102362204724 savoit
1793.7007874015749 946.4566929133858 226.77165354330708 111.81102362204724 où
1869.291338582677 946.4566929133858 151.1811023622047 111.81102362204724 il

360.62992125984255 1039.3700787401574 313.38582677165357 110.23622047244095 étoit,
579.5275590551181 1039.3700787401574 187.4015748031496 110.23622047244095 et
674.0157480314961 1039.3700787401574 281.8897637795276 110.23622047244095 qu’il
861.4173228346457 1039.3700787401574 344.88188976377955 110.23622047244095 n’étoit
1111.8110236220473 1039.3700787401574 218.89763779527559 110.23622047244095 pas
1236.2204724409448 1039.3700787401574 187.4015748031496 110.23622047244095 le
1330.708661417323 1039.3700787401574 344.88188976377955 110.23622047244095 gardien
1581.1023622047244 1039.3700787401574 187.4015748031496 110.23622047244095 de
1674.015748031496 1039.3700787401574 218.89763779527559 110.23622047244095 son
1768.5039370078741 1039.3700787401574 250.39370078740157 110.23622047244095 frère:

354.3307086614173 1149.6062992125985 302.3622047244094 138.58267716535434 mais
543.3070866141733 1149.6062992125985 529.1338582677165 138.58267716535434 l’Eternel,
959.0551181102362 1149.6062992125985 340.15748031496065 138.58267716535434 après
1185.8267716535433 1149.6062992125985 264.56692913385825 138.58267716535434 lui
1337.007874015748 1149.6062992125985 340.15748031496065 138.58267716535434 avoir
1563.7795275590552 1149.6062992125985 453.54330708661416 138.58267716535434 reproché
1866.1417322834645 1149.6062992125985 151.1811023622047 138.58267716535434 un

354.3307086614173 1256.6929133858268 305.51181102362204 121.25984251968504 crime
559.0551181102362 1256.6929133858268 305.51181102362204 121.25984251968504 aussi
762.2047244094488 1256.6929133858268 373.2283464566929 121.25984251968504 atroce,
1034.6456692913387 1256.6929133858268 237.79527559055117 121.25984251968504 lui
1170.0787401574803 1256.6929133858268 237.79527559055117 121.25984251968504 dit
1307.0866141732283 1256.6929133858268 272.4409448818898 121.25984251968504 que,
1477.1653543307086 1256.6929133858268 272.4409448818898 121.25984251968504 pour
1647.244094488189 1256.6929133858268 237.79527559055117 121.25984251968504 son
1748.0314960629921 1256.6929133858268 272.4409448818898 121.25984251968504 châti-

354.3307086614173 1366.9291338582677 319.68503937007875 111.81102362204724 ment,
568.503937007874 1366.9291338582677 212.5984251968504 111.81102362204724 il
674.0157480314961 1366.9291338582677 354.3307086614173 111.81102362204724 seroit
922.8346456692914 1366.9291338582677 354.3307086614173 111.81102362204724 maudit
1170.0787401574803 1366.9291338582677 248.8188976377953 111.81102362204724 sur
1313.3858267716535 1366.9291338582677 212.5984251968504 111.81102362204724 la
1418.8976377952756 1366.9291338582677 354.3307086614173 111.81102362204724 terre,
1667.716535433071 1366.9291338582677 212.5984251968504 111.81102362204724 où
1773.2283464566929 1366.9291338582677 212.5984251968504 111.81102362204724 il
1844.0944881889764 1366.9291338582677 177.95275590551182 111.81102362204724 se-

355.90551181102364 1469.291338582677 272.4409448818898 121.25984251968504 roit
527.5590551181102 1469.291338582677 341.73228346456693 121.25984251968504 errant
765.3543307086615 1469.291338582677 204.7244094488189 121.25984251968504 et
867.7165354330708 1469.291338582677 409.4488188976378 121.25984251968504 vagabond
1174.8031496062993 1469.291338582677 204.7244094488189 121.25984251968504 le
1277.1653543307086 1469.291338582677 307.0866141732283 121.25984251968504 reste
1481.8897637795276 1469.291338582677 204.7244094488189 121.25984251968504 de
1584.251968503937 1469.291338582677 239.37007874015748 121.25984251968504 ses
1686.6141732283465 1469.291338582677 272.4409448818898 121.25984251968504 jours.

444.09448818897636 1585.8267716535433 214.17322834645668 105.51181102362204 Ce
551.1811023622047 1585.8267716535433 285.03937007874015 105.51181102362204 sont
730.7086614173228 1585.8267716535433 250.39370078740157 105.51181102362204 les
872.4409448818898 1585.8267716535433 357.4803149606299 105.51181102362204 effets
1122.8346456692914 1585.8267716535433 214.17322834645668 105.51181102362204 du
1229.9212598425197 1585.8267716535433 464.56692913385825 105.51181102362204 châtiment
1587.4015748031495 1585.8267716535433 357.4803149606299 105.51181102362204 auquel
1801.5748031496064 1585.8267716535433 214.17322834645668 105.51181102362204 Caïn

349.6062992125984 1716.5354330708662 250.39370078740157 97.63779527559055 est
492.9133858267717 1716.5354330708662 429.9212598425197 97.63779527559055 condamné
815.7480314960629 1716.5354330708662 250.39370078740157 97.63779527559055 que
959.0551181102362 1716.5354330708662 466.1417322834646 97.63779527559055 l’artiste
1316.5354330708662 1716.5354330708662 179.5275590551181 97.63779527559055 a
1352.755905511811 1716.5354330708662 500.78740157480314 97.63779527559055 représentés.

442.5196850393701 1800.0 307.0866141732283 105.51181102362204 Suivi
648.8188976377953 1800.0 204.7244094488189 105.51181102362204 de
751.1811023622047 1800.0 204.7244094488189 105.51181102362204 sa
853.5433070866142 1800.0 307.0866141732283 105.51181102362204 femme
1058.267716535433 1800.0 204.7244094488189 105.51181102362204 et
1160.6299212598426 1800.0 204.7244094488189 105.51181102362204 de
1262.992125984252 1800.0 239.37007874015748 105.51181102362204 ses
1400.0 1800.0 411.0236220472441 105.51181102362204 enfants,
1708.6614173228347 1800.0 204.7244094488189 105.51181102362204 ce
1776.3779527559054 1800.0 239.37007874015748 105.51181102362204 frère

346.45669291338584 1932.283464566929 470.86614173228344 102.36220472440945 dénaturé,
708.6614173228346 1932.283464566929 362.20472440944883 102.36220472440945 fuyant
962.2047244094488 1932.283464566929 253.54330708661416 102.36220472440945 les
1107.0866141732283 1932.283464566929 398.4251968503937 102.36220472440945 auteurs
1398.4251968503936 1932.283464566929 217.3228346456693 102.36220472440945 de
1507.0866141732283 1932.283464566929 253.54330708661416 102.36220472440945 ses
1651.9685039370079 1932.283464566929 362.20472440944883 102.36220472440945 jours,
1869.291338582677 1932.283464566929 144.88188976377953 102.36220472440945 se

354.3307086614173 2033.0708661417323 360.62992125984255 89.76377952755905 trouve
607.8740157480315 2033.0708661417323 360.62992125984255 89.76377952755905 arrêté
859.8425196850394 2033.0708661417323 217.3228346456693 89.76377952755905 au
968.503937007874 2033.0708661417323 288.18897637795277 89.76377952755905 bord
1149.6062992125985 2033.0708661417323 288.18897637795277 89.76377952755905 d’un
1329.1338582677165 2033.0708661417323 505.51181102362204 89.76377952755905 précipice.
1727.5590551181103 2033.0708661417323 217.3228346456693 89.76377952755905 Le
1798.4251968503936 2033.0708661417323 217.3228346456693 89.76377952755905 ton-

352.755905511811 2155.9055118110236 324.40944881889766 92.91338582677166 nerre
570.0787401574803 2155.9055118110236 253.54330708661416 92.91338582677166 qui
713.3858267716536 2155.9055118110236 360.62992125984255 92.91338582677166 éclate
966.9291338582677 2155.9055118110236 469.29133858267716 92.91338582677166 au-dessus
1327.5590551181103 2155.9055118110236 217.3228346456693 92.91338582677166 de
1436.2204724409448 2155.9055118110236 217.3228346456693 92.91338582677166 sa
1544.8818897637796 2155.9055118110236 288.18897637795277 92.91338582677166 tête
1725.984251968504 2155.9055118110236 217.3228346456693 92.91338582677166 le
1796.8503937007874 2155.9055118110236 217.3228346456693 92.91338582677166 rem-

352.755905511811 2248.818897637795 270.86614173228344 118.11023622047244 plit
521.2598425196851 2248.818897637795 507.0866141732283 118.11023622047244 d’épouvante
927.5590551181102 2248.818897637795 203.1496062992126 118.11023622047244 et
1028.3464566929133 2248.818897637795 406.2992125984252 118.11023622047244 réveille
1332.283464566929 2248.818897637795 236.2204724409449 118.11023622047244 ses
1467.716535433071 2248.818897637795 406.2992125984252 118.11023622047244 remords.
1738.5826771653544 2248.818897637795 270.86614173228344 118.11023622047244 Satan,

344.88188976377955 2362.2047244094488 253.54330708661416 113.38582677165354 qui
489.76377952755905 2362.2047244094488 253.54330708661416 113.38582677165354 l’a
634.6456692913385 2362.2047244094488 362.20472440944883 113.38582677165354 poussé
888.1889763779527 2362.2047244094488 217.3228346456693 113.38582677165354 au
996.8503937007874 2362.2047244094488 543.3070866141733 113.38582677165354 fratricide,
1433.0708661417323 2362.2047244094488 470.86614173228344 113.38582677165354 s’attache
1795.275590551181 2362.2047244094488 181.10236220472441 113.38582677165354 à
1831.4960629921259 2362.2047244094488 181.10236220472441 113.38582677165354 ses

346.45669291338584 2459.8425196850394 253.54330708661416 124.40944881889764 pas
491.33858267716533 2459.8425196850394 289.76377952755905 124.40944881889764 sous
672.4409448818898 2459.8425196850394 217.3228346456693 124.40944881889764 la
781.1023622047244 2459.8425196850394 325.98425196850394 124.40944881889764 forme
998.4251968503937 2459.8425196850394 289.76377952755905 124.40944881889764 d’un
1179.5275590551182 2459.8425196850394 434.6456692913386 124.40944881889764 serpent:
1503.9370078740158 2459.8425196850394 217.3228346456693 124.40944881889764 la
1612.5984251968505 2459.8425196850394 362.20472440944883 124.40944881889764 massue
1829.9212598425197 2459.8425196850394 181.10236220472441 124.40944881889764 en-

348.0314960629921 2582.6771653543306 541.7322834645669 88.18897637795276 sanglantée
773.2283464566929 2582.6771653543306 464.56692913385825 88.18897637795276 rappelle
1121.259842519685 2582.6771653543306 270.86614173228344 88.18897637795276 son
1277.1653543307086 2582.6771653543306 385.8267716535433 88.18897637795276 crime.
1546.4566929133857 2582.6771653543306 270.86614173228344 88.18897637795276 Ses
1662.992125984252 2582.6771653543306 348.0314960629921 88.18897637795276 enfants

348.0314960629921 2683.464566929134 433.07086614173227 111.81102362204724 pleurent
672.4409448818898 2683.464566929134 288.18897637795277 111.81102362204724 dans
853.5433070866142 2683.464566929134 251.96850393700788 111.81102362204724 les
996.8503937007874 2683.464566929134 288.18897637795277 111.81102362204724 bras
1177.9527559055118 2683.464566929134 215.748031496063 111.81102362204724 de
1285.0393700787401 2683.464566929134 288.18897637795277 111.81102362204724 leur
1466.1417322834645 2683.464566929134 324.40944881889766 111.81102362204724 mère,
1681.8897637795276 2683.464566929134 251.96850393700788 111.81102362204724 qui
1790.5511811023623 2683.464566929134 215.748031496063 111.81102362204724 s’é-

346.45669291338584 2779.527559055118 396.8503937007874 135.43307086614172 vanouit
636.2204724409448 2779.527559055118 217.3228346456693 135.43307086614172 de
743.3070866141733 2779.527559055118 396.8503937007874 135.43307086614172 fatigue
1033.0708661417323 2779.527559055118 217.3228346456693 135.43307086614172 et
1141.732283464567 2779.527559055118 217.3228346456693 135.43307086614172 de
1248.8188976377953 2779.527559055118 396.8503937007874 135.43307086614172 douleur
1538.5826771653544 2779.527559055118 217.3228346456693 135.43307086614172 en
1611.023622047244 2779.527559055118 396.8503937007874 135.43307086614172 implorant

341.73228346456693 2875.5905511811025 220.4724409448819 181.10236220472441 la
451.9685039370079 2875.5905511811025 439.37007874015745 181.10236220472441 clémence
744.8818897637796 2875.5905511811025 329.13385826771656 181.10236220472441 divine.

1513.3858267716535 3557.48031496063 198.4251968503937 113.38582677165354 4.
