2470.8661417322833 4341.7322834645665
1096.0629921259842 261.4173228346457 289.76377952755905 170.07874015748033 (
1154.3307086614172 261.4173228346457 289.76377952755905 170.07874015748033 42)

379.5275590551181 466.1417322834646 524.4094488188977 143.30708661417322 Madame
746.4566929133858 466.1417322834646 577.9527559055118 143.30708661417322 HUSSON,
1166.9291338582677 466.1417322834646 472.4409448818898 143.30708661417322 veuve
1481.8897637795276 466.1417322834646 629.9212598425197 143.30708661417322 CHAUDET,
1900.7874015748032 466.1417322834646 262.99212598425197 143.30708661417322 née

620.4724409448819 565.3543307086615 396.8503937007874 163.7795275590551 GABION
897.6377952755905 565.3543307086615 636.2204724409448 163.7795275590551 (Élisabeth),
1414.1732283464567 565.3543307086615 278.74015748031496 163.7795275590551 née
1573.2283464566929 565.3543307086615 198.4251968503937 163.7795275590551 à
1612.5984251968505 565.3543307086615 318.1102362204724 163.7795275590551 Paris.

333.8582677165354 735.4330708661417 373.2283464566929 149.60629921259843 39.
548.0314960629921 735.4330708661417 319.68503937007875 149.60629921259843 Un
707.0866141732283 735.4330708661417 533.8582677165355 149.60629921259843 enfant
1080.3149606299212 735.4330708661417 585.8267716535433 149.60629921259843 endormi
1507.0866141732283 735.4330708661417 480.31496062992125 149.60629921259843 gardé
1826.7716535433071 735.4330708661417 373.2283464566929 149.60629921259843 par
1987.4015748031495 735.4330708661417 212.5984251968504 149.60629921259843 un

403.1496062992126 883.4645669291339 371.65354330708664 125.98425196850394 chien.

601.5748031496063 1047.244094488189 234.64566929133858 122.83464566929133 Un
719.6850393700787 1047.244094488189 351.18110236220474 122.83464566929133 père,
952.7559055118111 1047.244094488189 351.18110236220474 122.83464566929133 forcé
1187.4015748031495 1047.244094488189 234.64566929133858 122.83464566929133 de
1305.5118110236222 1047.244094488189 546.4566929133858 122.83464566929133 s’absenter
1733.8582677165355 1047.244094488189 234.64566929133858 122.83464566929133 du
1851.9685039370079 1047.244094488189 390.5511811023622 122.83464566929133 logis,
2086.6141732283463 1047.244094488189 116.53543307086615 122.83464566929133 y

518.1102362204724 1159.0551181102362 329.13385826771656 127.55905511811024 avoit
737.007874015748 1159.0551181102362 366.92913385826773 127.55905511811024 laissé
993.7007874015748 1159.0551181102362 292.9133858267717 127.55905511811024 sous
1177.9527559055118 1159.0551181102362 220.4724409448819 127.55905511811024 la
1286.6141732283465 1159.0551181102362 329.13385826771656 127.55905511811024 garde
1507.0866141732283 1159.0551181102362 292.9133858267717 127.55905511811024 d’un
1689.763779527559 1159.0551181102362 329.13385826771656 127.55905511811024 chien
1910.236220472441 1159.0551181102362 256.6929133858268 127.55905511811024 son
2020.4724409448818 1159.0551181102362 182.6771653543307 127.55905511811024 en-

513.3858267716536 1261.4173228346456 308.66141732283467 122.83464566929133 fant
705.511811023622 1261.4173228346456 423.62204724409446 122.83464566929133 endormi
1014.1732283464567 1261.4173228346456 231.49606299212599 122.83464566929133 au
1129.1338582677165 1261.4173228346456 462.99212598425197 122.83464566929133 berceau.
1475.5905511811025 1261.4173228346456 231.49606299212599 122.83464566929133 Un
1592.1259842519685 1261.4173228346456 423.62204724409446 122.83464566929133 serpent
1861.4173228346456 1261.4173228346456 346.45669291338584 122.83464566929133 s’étant

516.5354330708661 1376.3779527559054 366.92913385826773 127.55905511811024 glissé
773.2283464566929 1376.3779527559054 292.9133858267717 127.55905511811024 dans
955.9055118110236 1376.3779527559054 330.70866141732284 127.55905511811024 cette
1176.3779527559054 1376.3779527559054 439.37007874015745 127.55905511811024 chambre,
1507.0866141732283 1376.3779527559054 366.92913385826773 127.55905511811024 alloit
1763.7795275590552 1376.3779527559054 220.4724409448819 127.55905511811024 le
1836.2204724409448 1376.3779527559054 366.92913385826773 127.55905511811024 dévorer,

514.9606299212599 1500.7874015748032 299.21259842519686 103.93700787401575 sans
702.3622047244095 1500.7874015748032 225.1968503937008 103.93700787401575 le
814.1732283464567 1500.7874015748032 337.00787401574803 103.93700787401575 chien
1039.3700787401574 1500.7874015748032 261.4173228346457 103.93700787401575 qui
1188.976377952756 1500.7874015748032 337.00787401574803 103.93700787401575 sauta
1412.5984251968505 1500.7874015748032 374.8031496062992 103.93700787401575 dessus
1675.5905511811025 1500.7874015748032 225.1968503937008 103.93700787401575 et
1787.4015748031495 1500.7874015748032 225.1968503937008 103.93700787401575 le
1899.2125984251968 1500.7874015748032 299.21259842519686 103.93700787401575 tua.
2048.818897637795 1500.7874015748032 149.60629921259843 103.93700787401575 On

519.6850393700787 1623.6220472440946 292.9133858267717 100.78740157480316 voit
702.3622047244095 1623.6220472440946 256.6929133858268 100.78740157480316 cet
848.8188976377953 1623.6220472440946 366.92913385826773 100.78740157480316 animal
1105.5118110236222 1623.6220472440946 366.92913385826773 100.78740157480316 tenant
1362.2047244094488 1623.6220472440946 366.92913385826773 100.78740157480316 encore
1618.8976377952756 1623.6220472440946 220.4724409448819 100.78740157480316 le
1729.1338582677165 1623.6220472440946 403.1496062992126 100.78740157480316 reptile
1984.251968503937 1623.6220472440946 220.4724409448819 100.78740157480316 sous

518.1102362204724 1714.9606299212599 256.6929133858268 105.51181102362204 ses
664.5669291338583 1714.9606299212599 401.5748031496063 105.51181102362204 pattes.
955.9055118110236 1714.9606299212599 694.488188976378 105.51181102362204 Malheureusement
1541.732283464567 1714.9606299212599 218.89763779527559 105.51181102362204 il
1651.9685039370079 1714.9606299212599 218.89763779527559 105.51181102362204 en
1760.6299212598426 1714.9606299212599 256.6929133858268 105.51181102362204 fut
1907.0866141732283 1714.9606299212599 218.89763779527559 105.51181102362204 la
1981.1023622047244 1714.9606299212599 218.89763779527559 105.51181102362204 vic-

518.1102362204724 1828.3464566929133 322.8346456692913 130.70866141732284 time,
733.8582677165355 1828.3464566929133 250.39370078740157 130.70866141732284 car
877.1653543307086 1828.3464566929133 215.748031496063 130.70866141732284 le
984.2519685039371 1828.3464566929133 322.8346456692913 130.70866141732284 père,
1200.0 1828.3464566929133 429.9212598425197 130.70866141732284 rentrant
1522.8346456692914 1828.3464566929133 286.61417322834643 130.70866141732284 chez
1702.3622047244094 1828.3464566929133 250.39370078740157 130.70866141732284 lui
1845.6692913385828 1828.3464566929133 215.748031496063 130.70866141732284 et
1918.1102362204724 1828.3464566929133 286.61417322834643 130.70866141732284 voyant

510.23622047244095 1941.732283464567 256.6929133858268 125.98425196850394 son
656.6929133858267 1941.732283464567 330.70866141732284 125.98425196850394 chien
877.1653543307086 1941.732283464567 440.9448818897638 125.98425196850394 accourir
1207.8740157480315 1941.732283464567 184.251968503937 125.98425196850394 à
1281.8897637795276 1941.732283464567 256.6929133858268 125.98425196850394 lui
1429.9212598425197 1941.732283464567 220.4724409448819 125.98425196850394 la
1540.1574803149606 1941.732283464567 368.503937007874 125.98425196850394 gueule
1760.6299212598426 1941.732283464567 440.9448818897638 125.98425196850394 ensanglan-

516.5354330708661 2062.9921259842517 269.29133858267716 88.18897637795276 tée,
685.0393700787401 2062.9921259842517 201.5748031496063 88.18897637795276 le
785.8267716535433 2062.9921259842517 269.29133858267716 88.18897637795276 tua,
954.3307086614174 2062.9921259842517 370.0787401574803 88.18897637795276 pensant
1223.6220472440946 2062.9921259842517 302.3622047244094 88.18897637795276 qu’il
1425.1968503937007 2062.9921259842517 302.3622047244094 88.18897637795276 avoit
1626.7716535433071 2062.9921259842517 404.7244094488189 88.18897637795276 étranglé
1930.708661417323 2062.9921259842517 236.2204724409449 88.18897637795276 son
2031.4960629921259 2062.9921259842517 168.50393700787401 88.18897637795276 en-

516.5354330708661 2152.755905511811 297.6377952755906 118.11023622047244 fant.
714.9606299212599 2152.755905511811 264.56692913385825 118.11023622047244 Mais
880.3149606299213 2152.755905511811 428.34645669291336 118.11023622047244 lorsqu’il
1209.4488188976377 2152.755905511811 198.4251968503937 118.11023622047244 le
1308.6614173228347 2152.755905511811 231.49606299212599 118.11023622047244 vit
1440.9448818897638 2152.755905511811 264.56692913385825 118.11023622047244 sain
1606.2992125984251 2152.755905511811 198.4251968503937 118.11023622047244 et
1705.5118110236222 2152.755905511811 297.6377952755906 118.11023622047244 sauf,
1902.3622047244094 2152.755905511811 198.4251968503937 118.11023622047244 et
1968.5039370078741 2152.755905511811 231.49606299212599 118.11023622047244 qu’il

516.5354330708661 2250.3937007874015 403.1496062992126 122.83464566929133 aperçut
809.4488188976378 2250.3937007874015 220.4724409448819 122.83464566929133 le
919.6850393700787 2250.3937007874015 403.1496062992126 122.83464566929133 serpent
1212.5984251968505 2250.3937007874015 292.9133858267717 122.83464566929133 mort
1395.275590551181 2250.3937007874015 366.92913385826773 122.83464566929133 auprès
1651.9685039370079 2250.3937007874015 220.4724409448819 122.83464566929133 de
1762.2047244094488 2250.3937007874015 292.9133858267717 122.83464566929133 lui,
1944.8818897637796 2250.3937007874015 220.4724409448819 122.83464566929133 il
2018.8976377952756 2250.3937007874015 182.6771653543307 122.83464566929133 fut

508.66141732283467 2373.228346456693 220.4724409448819 105.51181102362204 au
618.8976377952756 2373.228346456693 514.9606299212599 105.51181102362204 désespoir,
1023.6220472440945 2373.228346456693 220.4724409448819 105.51181102362204 et
1133.8582677165355 2373.228346456693 220.4724409448819 105.51181102362204 se
1244.0944881889764 2373.228346456693 478.74015748031496 105.51181102362204 repentit,
1612.5984251968505 2373.228346456693 294.48818897637796 105.51181102362204 mais
1796.8503937007874 2373.228346456693 294.48818897637796 105.51181102362204 trop
1943.3070866141732 2373.228346456693 258.26771653543307 105.51181102362204 tard,

510.23622047244095 2481.8897637795276 215.748031496063 137.00787401574803 de
618.8976377952756 2481.8897637795276 215.748031496063 137.00787401574803 sa
689.7637795275591 2481.8897637795276 574.8031496062993 137.00787401574803 précipitation.

921.2598425196851 2798.4251968503936 491.33858267716533 148.03149606299212 LAFOND
1215.748031496063 2798.4251968503936 393.7007874015748 148.03149606299212 jeune.

330.70866141732284 2971.6535433070867 335.43307086614175 141.73228346456693 40.
521.2598425196851 2971.6535433070867 382.6771653543307 141.73228346456693 Mort
760.6299212598425 2971.6535433070867 718.1102362204724 141.73228346456693 d’Eudamidas
1335.4330708661416 2971.6535433070867 286.61417322834643 141.73228346456693 de
1478.740157480315 2971.6535433070867 622.0472440944882 141.73228346456693 Corinthe,
1910.236220472441 2971.6535433070867 286.61417322834643 141.73228346456693 lec-

426.7716535433071 3100.787401574803 415.748031496063 124.40944881889764 ture
686.6141732283464 3100.787401574803 311.81102362204723 124.40944881889764 du
842.5196850393701 3100.787401574803 727.5590551181102 124.40944881889764 testament,
1415.748031496063 3100.787401574803 779.5275590551181 124.40944881889764 acceptation
1987.4015748031495 3100.787401574803 207.8740157480315 124.40944881889764 du

395.2755905511811 3233.0708661417325 297.6377952755906 143.30708661417322 legs.

587.4015748031496 3388.9763779527557 576.3779527559055 107.08661417322834 Eudamidas,
1040.9448818897638 3388.9763779527557 247.24409448818898 107.08661417322834 en
1163.7795275590552 3388.9763779527557 494.48818897637796 107.08661417322834 mourant,
1533.8582677165355 3388.9763779527557 412.59842519685037 107.08661417322834 légua,
1823.6220472440946 3388.9763779527557 288.18897637795277 107.08661417322834 par
1946.4566929133857 3388.9763779527557 247.24409448818898 107.08661417322834 tes-

503.93700787401576 3519.685039370079 422.0472440944882 111.81102362204724 tament,
809.4488188976378 3519.685039370079 229.92125984251967 111.81102362204724 sa
924.4094488188977 3519.685039370079 344.88188976377955 111.81102362204724 fille
1155.9055118110236 3519.685039370079 192.1259842519685 111.81102362204724 à
1231.4960629921259 3519.685039370079 537.007874015748 111.81102362204724 Chavixène,
1653.5433070866143 3519.685039370079 267.7165354330709 111.81102362204724 son
1807.8740157480315 3519.685039370079 307.0866141732283 111.81102362204724 ami,
1960.6299212598426 3519.685039370079 229.92125984251967 111.81102362204724 pour
