2418.8976377952754 4256.692913385827
814.1732283464567 256.6929133858268 429.9212598425197 159.0551181102362 (43)

332.2834645669291 388.9763779527559 239.37007874015748 154.33070866141733 la
451.9685039370079 388.9763779527559 398.4251968503937 154.33070866141733 marier
729.1338582677165 388.9763779527559 318.1102362204724 154.33070866141733 avec
929.1338582677165 388.9763779527559 278.74015748031496 154.33070866141733 une
1088.1889763779527 388.9763779527559 357.4803149606299 154.33070866141733 aussi
1325.984251968504 388.9763779527559 398.4251968503937 154.33070866141733 grande
1604.724409448819 388.9763779527559 278.74015748031496 154.33070866141733 dot
1724.4094488188975 388.9763779527559 278.74015748031496 154.33070866141733 qu’il

330.70866141732284 532.2834645669292 478.74015748031496 119.68503937007874 pourroit
689.7637795275591 532.2834645669292 278.74015748031496 119.68503937007874 lui
848.8188976377953 532.2834645669292 437.79527559055117 119.68503937007874 donner,
1166.9291338582677 532.2834645669292 239.37007874015748 119.68503937007874 et
1286.6141732283465 532.2834645669292 239.37007874015748 119.68503937007874 sa
1406.2992125984251 532.2834645669292 319.68503937007875 119.68503937007874 mère
1606.2992125984251 532.2834645669292 200.0 119.68503937007874 à
1645.6692913385828 532.2834645669292 359.0551181102362 119.68503937007874 Aretée,

338.5826771653543 675.5905511811023 341.73228346456693 78.74015748031496 autre
565.3543307086615 675.5905511811023 303.93700787401576 78.74015748031496 ami,
755.9055118110236 675.5905511811023 303.93700787401576 78.74015748031496 pour
944.8818897637796 675.5905511811023 226.77165354330708 78.74015748031496 la
1058.267716535433 675.5905511811023 417.3228346456693 78.74015748031496 nourrir
1362.2047244094488 675.5905511811023 226.77165354330708 78.74015748031496 et
1475.5905511811025 675.5905511811023 226.77165354330708 78.74015748031496 en
1588.976377952756 675.5905511811023 341.73228346456693 78.74015748031496 avoir
1779.5275590551182 675.5905511811023 226.77165354330708 78.74015748031496 soin

338.5826771653543 743.3070866141733 297.6377952755906 105.51181102362204 dans
524.4094488188977 743.3070866141733 222.04724409448818 105.51181102362204 sa
636.2204724409448 743.3070866141733 557.4803149606299 105.51181102362204 vieillesse,
1081.8897637795276 743.3070866141733 481.8897637795276 105.51181102362204 entendant
1451.9685039370079 743.3070866141733 259.84251968503935 105.51181102362204 que
1601.5748031496064 743.3070866141733 222.04724409448818 105.51181102362204 si
1711.8110236220473 743.3070866141733 297.6377952755906 105.51181102362204 l’un
1861.4173228346456 743.3070866141733 148.03149606299212 105.51181102362204 ou

338.5826771653543 850.3937007874016 392.12598425196853 146.45669291338584 l’autre
625.1968503937007 850.3937007874016 357.4803149606299 146.45669291338584 venoit
874.0157480314961 850.3937007874016 177.95275590551182 146.45669291338584 à
946.4566929133858 850.3937007874016 357.4803149606299 146.45669291338584 mourir
1196.8503937007874 850.3937007874016 214.17322834645668 146.45669291338584 le
1303.9370078740158 850.3937007874016 285.03937007874015 146.45669291338584 legs
1481.8897637795276 850.3937007874016 357.4803149606299 146.45669291338584 revint
1732.283464566929 850.3937007874016 214.17322834645668 146.45669291338584 au
1803.1496062992126 850.3937007874016 214.17322834645668 146.45669291338584 sur

299.21259842519686 976.3779527559055 330.70866141732284 111.81102362204724 vivant.

933.8582677165355 1050.3937007874015 442.5196850393701 179.5275590551181 (Lucien,
1264.5669291338584 1050.3937007874015 294.48818897637796 179.5275590551181 dans
1448.8188976377953 1050.3937007874015 220.4724409448819 179.5275590551181 le
1522.8346456692914 1050.3937007874015 404.7244094488189 179.5275590551181 Taxaris.)

207.8740157480315 1448.8188976377953 400.0 103.93700787401575 LANDON
488.18897637795277 1448.8188976377953 760.6299212598425 103.93700787401575 (Charles-Paul),
1127.5590551181103 1448.8188976377953 519.6850393700787 103.93700787401575 chevalier
1527.5590551181103 1448.8188976377953 240.9448818897638 103.93700787401575 de
1607.8740157480315 1448.8188976377953 360.62992125984255 103.93700787401575 l’ordre

291.33858267716533 1562.2047244094488 349.6062992125984 110.23622047244095 royal
524.4094488188977 1562.2047244094488 233.0708661417323 110.23622047244095 de
640.9448818897638 1562.2047244094488 233.0708661417323 110.23622047244095 la
757.4803149606299 1562.2047244094488 388.9763779527559 110.23622047244095 Légion
1029.9212598425197 1562.2047244094488 543.3070866141733 110.23622047244095 d’Honneur,
1456.6929133858268 1562.2047244094488 233.0708661417323 110.23622047244095 né
1573.2283464566929 1562.2047244094488 193.70078740157481 110.23622047244095 à
1612.5984251968505 1562.2047244094488 349.6062992125984 110.23622047244095 Nonant,

292.9133858267717 1672.4409448818897 582.6771653543307 149.60629921259843 département
759.0551181102362 1672.4409448818897 233.0708661417323 149.60629921259843 de
836.2204724409448 1672.4409448818897 349.6062992125984 149.60629921259843 l’Orne.

163.7795275590551 1861.4173228346456 313.38582677165357 177.95275590551182 41.
341.73228346456693 1861.4173228346456 581.1023622047244 177.95275590551182 L’enfance
788.9763779527559 1861.4173228346456 267.7165354330709 177.95275590551182 de
922.8346456692914 1861.4173228346456 357.4803149606299 177.95275590551182 Paul
1146.4566929133857 1861.4173228346456 267.7165354330709 177.95275590551182 et
1236.2204724409448 1861.4173228346456 491.33858267716533 177.95275590551182 Virginie.

255.11811023622047 2031.4960629921259 242.51968503937007 135.43307086614172 Ce
376.37795275590554 2031.4960629921259 363.7795275590551 135.43307086614172 sujet
620.4724409448819 2031.4960629921259 283.46456692913387 135.43307086614172 est
782.6771653543307 2031.4960629921259 324.40944881889766 135.43307086614172 tiré
984.2519685039371 2031.4960629921259 283.46456692913387 135.43307086614172 des
1146.4566929133857 2031.4960629921259 404.7244094488189 135.43307086614172 études
1429.9212598425197 2031.4960629921259 242.51968503937007 135.43307086614172 de
1551.1811023622047 2031.4960629921259 242.51968503937007 135.43307086614172 la
1633.0708661417323 2031.4960629921259 363.7795275590551 135.43307086614172 nature,

160.62992125984252 2149.6062992125985 451.9685039370079 143.30708661417322 ouvrage
488.18897637795277 2149.6062992125985 245.66929133858267 143.30708661417322 de
611.0236220472441 2149.6062992125985 533.8582677165355 143.30708661417322 Bernardin
1022.0472440944882 2149.6062992125985 245.66929133858267 143.30708661417322 de
1144.8818897637796 2149.6062992125985 697.6377952755905 143.30708661417322 Saint-Pierre.
1719.6850393700788 2149.6062992125985 245.66929133858267 143.30708661417322 On
1801.5748031496064 2149.6062992125985 204.7244094488189 143.30708661417322 dit

162.20472440944883 2291.3385826771655 234.64566929133858 137.00787401574803 qu
280.31496062992125 2291.3385826771655 234.64566929133858 137.00787401574803 un
396.8503937007874 2291.3385826771655 313.38582677165357 137.00787401574803 fait
592.1259842519685 2291.3385826771655 390.5511811023622 137.00787401574803 arrivé
866.1417322834645 2291.3385826771655 195.2755905511811 137.00787401574803 à
944.8818897637796 2291.3385826771655 743.3070866141733 137.00787401574803 l’Ile-de-France
1571.6535433070867 2291.3385826771655 195.2755905511811 137.00787401574803 a
1648.8188976377953 2291.3385826771655 390.5511811023622 137.00787401574803 fourni
1883.4645669291338 2291.3385826771655 118.11023622047244 137.00787401574803 à

163.7795275590551 2418.8976377952754 256.6929133858268 118.11023622047244 cet
310.23622047244095 2418.8976377952754 366.92913385826773 118.11023622047244 auteur
566.9291338582677 2418.8976377952754 220.4724409448819 118.11023622047244 la
678.7401574803149 2418.8976377952754 404.7244094488189 118.11023622047244 matière
971.6535433070866 2418.8976377952754 220.4724409448819 118.11023622047244 de
1081.8897637795276 2418.8976377952754 256.6929133858268 118.11023622047244 cet
1229.9212598425197 2418.8976377952754 551.1811023622047 118.11023622047244 intéressant
1634.6456692913387 2418.8976377952754 366.92913385826773 118.11023622047244 épisode.

162.20472440944883 2522.834645669291 333.8582677165354 140.15748031496062 Nous
370.0787401574803 2522.834645669291 333.8582677165354 140.15748031496062 nous
577.9527559055118 2522.834645669291 458.26771653543307 140.15748031496062 bornons
911.8110236220473 2522.834645669291 207.8740157480315 140.15748031496062 à
995.2755905511812 2522.834645669291 250.39370078740157 140.15748031496062 en
1121.259842519685 2522.834645669291 417.3228346456693 140.15748031496062 donner
1412.5984251968505 2522.834645669291 291.33858267716533 140.15748031496062 ici
1538.5826771653544 2522.834645669291 458.26771653543307 140.15748031496062 l’analyse

166.9291338582677 2633.0708661417325 303.93700787401576 133.85826771653544 pour
355.90551181102364 2633.0708661417325 645.6692913385826 133.85826771653544 l’explication
888.1889763779527 2633.0708661417325 228.3464566929134 133.85826771653544 de
1001.5748031496063 2633.0708661417325 228.3464566929134 133.85826771653544 ce
1077.1653543307086 2633.0708661417325 379.5275590551181 133.85826771653544 tableau.

411.0236220472441 2798.4251968503936 244.09448818897638 127.55905511811024 En
533.8582677165355 2798.4251968503936 366.92913385826773 127.55905511811024 1726,
777.9527559055118 2798.4251968503936 244.09448818897638 127.55905511811024 un
900.7874015748032 2798.4251968503936 488.18897637795277 127.55905511811024 officier
1266.1417322834645 2798.4251968503936 488.18897637795277 127.55905511811024 françois
1633.0708661417323 2798.4251968503936 366.92913385826773 127.55905511811024 nommé
1837.7952755905512 2798.4251968503936 162.20472440944883 127.55905511811024 de

333.8582677165354 2940.1574803149606 212.5984251968504 114.96062992125984 La
439.37007874015745 2940.1574803149606 318.1102362204724 114.96062992125984 Tour,
651.9685039370079 2940.1574803149606 388.9763779527559 114.96062992125984 n’ayant
933.8582677165355 2940.1574803149606 212.5984251968504 114.96062992125984 pu
1040.9448818897638 2940.1574803149606 388.9763779527559 114.96062992125984 obtenir
1322.8346456692914 2940.1574803149606 212.5984251968504 114.96062992125984 de
1429.9212598425197 2940.1574803149606 388.9763779527559 114.96062992125984 service
1711.8110236220473 2940.1574803149606 283.46456692913387 114.96062992125984 dans
1853.5433070866143 2940.1574803149606 141.73228346456693 114.96062992125984 sa

327.5590551181102 3056.6929133858266 417.3228346456693 100.78740157480316 patrie,
629.9212598425197 3056.6929133858266 340.15748031496065 100.78740157480316 passa
858.2677165354331 3056.6929133858266 302.3622047244094 100.78740157480316 dans
1047.244094488189 3056.6929133858266 719.6850393700787 100.78740157480316 l’Ile-de-France
1653.5433070866143 3056.6929133858266 302.3622047244094 100.78740157480316 avec
1804.724409448819 3056.6929133858266 188.9763779527559 100.78740157480316 son

335.43307086614175 3154.3307086614172 388.9763779527559 113.38582677165354 épouse.
617.3228346456693 3154.3307086614172 247.24409448818898 113.38582677165354 Peu
759.0551181102362 3154.3307086614172 212.5984251968504 113.38582677165354 de
864.5669291338583 3154.3307086614172 318.1102362204724 113.38582677165354 temps
1077.1653543307086 3154.3307086614172 318.1102362204724 113.38582677165354 après
1289.763779527559 3154.3307086614172 247.24409448818898 113.38582677165354 cet
1431.4960629921259 3154.3307086614172 423.62204724409446 113.38582677165354 officier
1713.3858267716535 3154.3307086614172 283.46456692913387 113.38582677165354 mourut

340.15748031496065 3251.968503937008 281.8897637795276 113.38582677165354 dans
516.5354330708661 3251.968503937008 211.0236220472441 113.38582677165354 un
622.0472440944882 3251.968503937008 352.755905511811 113.38582677165354 voyage
867.7165354330708 3251.968503937008 318.1102362204724 113.38582677165354 qu’il
1080.3149606299212 3251.968503937008 318.1102362204724 113.38582677165354 avoit
1291.3385826771653 3251.968503937008 492.9133858267717 113.38582677165354 entrepris,
1644.0944881889764 3251.968503937008 352.755905511811 113.38582677165354 laissant

329.13385826771656 3393.700787401575 226.77165354330708 81.88976377952756 sa
442.5196850393701 3393.700787401575 340.15748031496065 81.88976377952756 femme
669.2913385826772 3393.700787401575 455.11811023622045 81.88976377952756 enceinte
1011.0236220472441 3393.700787401575 226.77165354330708 81.88976377952756 et
1124.4094488188975 3393.700787401575 302.3622047244094 81.88976377952756 sans
1313.3858267716535 3393.700787401575 377.9527559055118 81.88976377952756 aucune
1540.1574803149606 3393.700787401575 455.11811023622045 81.88976377952756 ressource.

321.25984251968504 3467.716535433071 308.66141732283467 122.83464566929133 Une
497.6377952755906 3467.716535433071 396.8503937007874 122.83464566929133 jeune
762.2047244094488 3467.716535433071 529.1338582677165 122.83464566929133 Bretonne
1159.0551181102362 3467.716535433071 440.9448818897638 122.83464566929133 nommée
1422.0472440944882 3467.716535433071 529.1338582677165 122.83464566929133 Marguerite
