1536 2703
517 163 273 101 (43)

211 247 152 98 la
287 247 253 98 marier
463 247 202 98 avec
590 247 177 98 une
691 247 227 98 aussi
842 247 253 98 grande
1019 247 177 98 dot
1095 247 177 98 qu’il

210 338 304 76 pourroit
438 338 177 76 lui
539 338 278 76 donner,
741 338 152 76 et
817 338 152 76 sa
893 338 203 76 mère
1020 338 127 76 à
1045 338 228 76 Aretée,

215 429 217 50 autre
359 429 193 50 ami,
480 429 193 50 pour
600 429 144 50 la
672 429 265 50 nourrir
865 429 144 50 et
937 429 144 50 en
1009 429 217 50 avoir
1130 429 144 50 soin

215 472 189 67 dans
333 472 141 67 sa
404 472 354 67 vieillesse,
687 472 306 67 entendant
922 472 165 67 que
1017 472 141 67 si
1087 472 189 67 l’un
1182 472 94 67 ou

215 540 249 93 l’autre
397 540 227 93 venoit
555 540 113 93 à
601 540 227 93 mourir
760 540 136 93 le
828 540 181 93 legs
941 540 227 93 revint
1100 540 136 93 au
1145 540 136 93 sur

190 620 210 71 vivant.

593 667 281 114 (Lucien,
803 667 187 114 dans
920 667 140 114 le
967 667 257 114 Taxaris.)

132 920 254 66 LANDON
310 920 483 66 (Charles-Paul),
716 920 330 66 chevalier
970 920 153 66 de
1021 920 229 66 l’ordre

185 992 222 70 royal
333 992 148 70 de
407 992 148 70 la
481 992 247 70 Légion
654 992 345 70 d’Honneur,
925 992 148 70 né
999 992 123 70 à
1024 992 222 70 Nonant,

186 1062 370 95 département
482 1062 148 95 de
531 1062 222 95 l’Orne.

104 1182 199 113 41.
217 1182 369 113 L’enfance
501 1182 170 113 de
586 1182 227 113 Paul
728 1182 170 113 et
785 1182 312 113 Virginie.

162 1290 154 86 Ce
239 1290 231 86 sujet
394 1290 180 86 est
497 1290 206 86 tiré
625 1290 180 86 des
728 1290 257 86 études
908 1290 154 86 de
985 1290 154 86 la
1037 1290 231 86 nature,

102 1365 287 91 ouvrage
310 1365 156 91 de
388 1365 339 91 Bernardin
649 1365 156 91 de
727 1365 443 91 Saint-Pierre.
1092 1365 156 91 On
1144 1365 130 91 dit

103 1455 149 87 qu
178 1455 149 87 un
252 1455 199 87 fait
376 1455 248 87 arrivé
550 1455 124 87 à
600 1455 472 87 l’Ile-de-France
998 1455 124 87 a
1047 1455 248 87 fourni
1196 1455 75 87 à

104 1536 163 75 cet
197 1536 233 75 auteur
360 1536 140 75 la
431 1536 257 75 matière
617 1536 140 75 de
687 1536 163 75 cet
781 1536 350 75 intéressant
1038 1536 233 75 épisode.

103 1602 212 89 Nous
235 1602 212 89 nous
367 1602 291 89 bornons
579 1602 132 89 à
632 1602 159 89 en
712 1602 265 89 donner
897 1602 185 89 ici
977 1602 291 89 l’analyse

106 1672 193 85 pour
226 1672 410 85 l’explication
564 1672 145 85 de
636 1672 145 85 ce
684 1672 241 85 tableau.

261 1777 155 81 En
339 1777 233 81 1726,
494 1777 155 81 un
572 1777 310 81 officier
804 1777 310 81 françois
1037 1777 233 81 nommé
1167 1777 103 81 de

212 1867 135 73 La
279 1867 202 73 Tour,
414 1867 247 73 n’ayant
593 1867 135 73 pu
661 1867 247 73 obtenir
840 1867 135 73 de
908 1867 247 73 service
1087 1867 180 73 dans
1177 1867 90 73 sa

208 1941 265 64 patrie,
400 1941 216 64 passa
545 1941 192 64 dans
665 1941 457 64 l’Ile-de-France
1050 1941 192 64 avec
1146 1941 120 64 son

213 2003 247 72 épouse.
392 2003 157 72 Peu
482 2003 135 72 de
549 2003 202 72 temps
684 2003 202 72 après
819 2003 157 72 cet
909 2003 269 72 officier
1088 2003 180 72 mourut

216 2065 179 72 dans
328 2065 134 72 un
395 2065 224 72 voyage
551 2065 202 72 qu’il
686 2065 202 72 avoit
820 2065 313 72 entrepris,
1044 2065 224 72 laissant

209 2155 144 52 sa
281 2155 216 52 femme
425 2155 289 52 enceinte
642 2155 144 52 et
714 2155 192 52 sans
834 2155 240 52 aucune
978 2155 289 52 ressource.

204 2202 196 78 Une
316 2202 252 78 jeune
484 2202 336 78 Bretonne
736 2202 280 78 nommée
903 2202 336 78 Marguerite
