2480.314960629921 4322.834645669292
541.7322834645669 411.0236220472441 360.62992125984255 118.11023622047244 qu’un
781.1023622047244 411.0236220472441 600.0 118.11023622047244 gentilhomme
1261.4173228346456 411.0236220472441 360.62992125984255 118.11023622047244 avoit
1502.3622047244094 411.0236220472441 480.31496062992125 118.11023622047244 trompée,
1861.4173228346456 411.0236220472441 360.62992125984255 118.11023622047244 reçut
2061.417322834646 411.0236220472441 160.62992125984252 118.11023622047244 la

543.3070866141733 510.23622047244095 603.1496062992126 113.38582677165354 malheureuse
1026.7716535433071 510.23622047244095 362.20472440944883 113.38582677165354 veuve
1267.716535433071 510.23622047244095 321.25984251968504 113.38582677165354 dans
1467.716535433071 510.23622047244095 240.9448818897638 113.38582677165354 sa
1588.976377952756 510.23622047244095 442.5196850393701 113.38582677165354 cabane,
1910.236220472441 510.23622047244095 240.9448818897638 113.38582677165354 où
1990.5511811023623 510.23622047244095 240.9448818897638 113.38582677165354 elle

546.4566929133858 614.1732283464567 256.6929133858268 143.30708661417322 lui
692.9133858267717 614.1732283464567 329.13385826771656 143.30708661417322 donna
911.8110236220473 614.1732283464567 658.2677165354331 143.30708661417322 l’hospitalité.
1461.4173228346456 614.1732283464567 403.1496062992126 143.30708661417322 Bientôt
1754.3307086614172 614.1732283464567 256.6929133858268 143.30708661417322 des
1864.5669291338584 614.1732283464567 365.3543307086614 143.30708661417322 terrains

544.8818897637796 735.4330708661417 280.31496062992125 86.61417322834646 leur
719.6850393700787 735.4330708661417 314.96062992125985 86.61417322834646 ayant
930.7086614173228 735.4330708661417 245.66929133858267 86.61417322834646 été
1070.8661417322835 735.4330708661417 525.9842519685039 86.61417322834646 distribués,
1491.3385826771653 735.4330708661417 314.96062992125985 86.61417322834646 elles
1702.3622047244094 735.4330708661417 351.18110236220474 86.61417322834646 eurent
1913.3858267716535 735.4330708661417 314.96062992125985 86.61417322834646 chacune

540.1574803149606 847.2440944881889 307.0866141732283 127.55905511811024 leur
730.7086614173228 847.2440944881889 422.0472440944882 127.55905511811024 cabane,
1037.7952755905512 847.2440944881889 229.92125984251967 127.55905511811024 et
1154.3307086614172 847.2440944881889 459.84251968503935 127.55905511811024 vécurent
1499.2125984251968 847.2440944881889 229.92125984251967 127.55905511811024 du
1614.1732283464567 847.2440944881889 422.0472440944882 127.55905511811024 produit
1921.259842519685 847.2440944881889 229.92125984251967 127.55905511811024 de
1998.4251968503936 847.2440944881889 229.92125984251967 127.55905511811024 leur

541.7322834645669 954.3307086614174 401.5748031496063 97.63779527559055 champ.
822.0472440944882 954.3307086614174 360.62992125984255 97.63779527559055 Elles
1062.992125984252 954.3307086614174 642.5196850393701 97.63779527559055 accouchèrent
1584.251968503937 954.3307086614174 440.9448818897638 97.63779527559055 presque
1905.5118110236222 954.3307086614174 240.9448818897638 97.63779527559055 en
1985.8267716535433 954.3307086614174 240.9448818897638 97.63779527559055 même

540.1574803149606 1045.6692913385828 401.5748031496063 122.83464566929133 temps;
822.0472440944882 1045.6692913385828 562.2047244094488 122.83464566929133 Marguerite
1264.5669291338584 1045.6692913385828 362.20472440944883 122.83464566929133 donna
1505.5118110236222 1045.6692913385828 240.9448818897638 122.83464566929133 le
1625.1968503937007 1045.6692913385828 321.25984251968504 122.83464566929133 jour
1826.7716535433071 1045.6692913385828 201.5748031496063 122.83464566929133 à
1907.0866141732283 1045.6692913385828 240.9448818897638 122.83464566929133 un
1987.4015748031495 1045.6692913385828 240.9448818897638 122.83464566929133 fils

546.4566929133858 1168.5039370078741 420.4724409448819 103.93700787401575 qu’elle
851.9685039370079 1168.5039370078741 382.6771653543307 103.93700787401575 appela
1119.6850393700788 1168.5039370078741 344.88188976377955 103.93700787401575 Paul,
1349.6062992125985 1168.5039370078741 229.92125984251967 103.93700787401575 et
1462.992125984252 1168.5039370078741 382.6771653543307 103.93700787401575 madame
1730.708661417323 1168.5039370078741 229.92125984251967 103.93700787401575 de
1845.6692913385828 1168.5039370078741 229.92125984251967 103.93700787401575 La
1960.6299212598426 1168.5039370078741 305.51181102362204 103.93700787401575 Tour
2113.3858267716537 1168.5039370078741 114.96062992125984 103.93700787401575 à

548.0314960629921 1258.267716535433 261.4173228346457 116.53543307086615 une
697.6377952755905 1258.267716535433 335.43307086614175 116.53543307086615 fille
921.2598425196851 1258.267716535433 411.0236220472441 116.53543307086615 qu’elle
1220.4724409448818 1258.267716535433 335.43307086614175 116.53543307086615 nomma
1444.0944881889764 1258.267716535433 485.03937007874015 116.53543307086615 Virginie.
1817.3228346456692 1258.267716535433 373.2283464566929 116.53543307086615 Elevés
2040.9448818897638 1258.267716535433 185.82677165354332 116.53543307086615 en-

543.3070866141733 1403.1496062992126 420.4724409448819 83.46456692913385 semble,
848.8188976377953 1403.1496062992126 267.7165354330709 83.46456692913385 ces
1001.5748031496063 1403.1496062992126 459.84251968503935 83.46456692913385 enfants,
1346.4566929133857 1403.1496062992126 267.7165354330709 83.46456692913385 dès
1499.2125984251968 1403.1496062992126 229.92125984251967 83.46456692913385 le
1614.1732283464567 1403.1496062992126 459.84251968503935 83.46456692913385 berceau,
1921.259842519685 1403.1496062992126 305.51181102362204 83.46456692913385 éprou-

543.3070866141733 1475.5905511811025 359.0551181102362 127.55905511811024 vèrent
795.2755905511812 1475.5905511811025 286.61417322834643 127.55905511811024 l’un
973.2283464566929 1475.5905511811025 286.61417322834643 127.55905511811024 pour
1152.755905511811 1475.5905511811025 393.7007874015748 127.55905511811024 l’autre
1439.3700787401574 1475.5905511811025 250.39370078740157 127.55905511811024 les
1582.6771653543308 1475.5905511811025 286.61417322834643 127.55905511811024 plus
1762.2047244094488 1475.5905511811025 393.7007874015748 127.55905511811024 tendres
2012.5984251968505 1475.5905511811025 215.748031496063 127.55905511811024 sen-

543.3070866141733 1604.724409448819 458.26771653543307 103.93700787401575 timents,
886.6141732283464 1604.724409448819 305.51181102362204 103.93700787401575 dont
1077.1653543307086 1604.724409448819 229.92125984251967 103.93700787401575 la
1192.1259842519685 1604.724409448819 343.3070866141732 103.93700787401575 force
1422.0472440944882 1604.724409448819 458.26771653543307 103.93700787401575 augmenta
1765.3543307086613 1604.724409448819 305.51181102362204 103.93700787401575 avec
1918.1102362204724 1604.724409448819 305.51181102362204 103.93700787401575 l’âge.

541.7322834645669 1718.1102362204724 352.755905511811 99.21259842519684 Leurs
776.3779527559055 1718.1102362204724 352.755905511811 99.21259842519684 mères
1011.0236220472441 1718.1102362204724 429.9212598425197 99.21259842519684 avoient
1324.4094488188975 1718.1102362204724 234.64566929133858 99.21259842519684 le
1442.5196850393702 1718.1102362204724 392.12598425196853 99.21259842519684 projet
1716.5354330708662 1718.1102362204724 234.64566929133858 99.21259842519684 de
1833.0708661417323 1718.1102362204724 274.01574803149606 99.21259842519684 les
1951.1811023622047 1718.1102362204724 274.01574803149606 99.21259842519684 unir,

538.5826771653543 1817.3228346456692 362.20472440944883 124.40944881889764 quand
781.1023622047244 1817.3228346456692 522.8346456692914 124.40944881889764 Virginie,
1182.6771653543308 1817.3228346456692 442.5196850393701 124.40944881889764 appelée
1503.9370078740158 1817.3228346456692 240.9448818897638 124.40944881889764 en
1625.1968503937007 1817.3228346456692 401.5748031496063 124.40944881889764 France
1907.0866141732283 1817.3228346456692 281.8897637795276 124.40944881889764 par
2026.7716535433071 1817.3228346456692 201.5748031496063 124.40944881889764 une

544.8818897637796 1924.4094488188975 321.25984251968504 122.83464566929133 tante
759.0551181102362 1924.4094488188975 250.39370078740157 122.83464566929133 qui
902.3622047244095 1924.4094488188975 250.39370078740157 122.83464566929133 lui
1045.6692913385828 1924.4094488188975 499.21259842519686 122.83464566929133 promettoit
1437.7952755905512 1924.4094488188975 214.17322834645668 122.83464566929133 sa
1544.8818897637796 1924.4094488188975 428.34645669291336 122.83464566929133 fortune,
1866.1417322834645 1924.4094488188975 250.39370078740157 122.83464566929133 fut
1973.2283464566929 1924.4094488188975 250.39370078740157 122.83464566929133 obli-

540.1574803149606 2040.9448818897638 256.6929133858268 100.78740157480316 gée
686.6141732283464 2040.9448818897638 220.4724409448819 100.78740157480316 de
796.8503937007874 2040.9448818897638 403.1496062992126 100.78740157480316 quitter
1089.763779527559 2040.9448818897638 366.92913385826773 100.78740157480316 l’ile.
1348.0314960629921 2040.9448818897638 292.9133858267717 100.78740157480316 Mais
1530.708661417323 2040.9448818897638 330.70866141732284 100.78740157480316 après
1751.1811023622047 2040.9448818897638 440.9448818897638 100.78740157480316 quelques
2044.0944881889764 2040.9448818897638 184.251968503937 100.78740157480316 an-

541.7322834645669 2154.3307086614172 299.21259842519686 121.25984251968504 nées
729.1338582677165 2154.3307086614172 337.00787401574803 121.25984251968504 cette
954.3307086614174 2154.3307086614172 337.00787401574803 121.25984251968504 tante
1179.5275590551182 2154.3307086614172 225.1968503937008 121.25984251968504 la
1291.3385826771653 2154.3307086614172 524.4094488188977 121.25984251968504 déshérita,
1703.9370078740158 2154.3307086614172 225.1968503937008 121.25984251968504 et
1815.748031496063 2154.3307086614172 225.1968503937008 121.25984251968504 la
1891.3385826771653 2154.3307086614172 337.00787401574803 121.25984251968504 renvoya

546.4566929133858 2274.015748031496 571.6535433070866 99.21259842519684 parcequ’elle
1011.0236220472441 2274.015748031496 392.12598425196853 99.21259842519684 n’avoit
1296.0629921259842 2274.015748031496 321.25984251968504 99.21259842519684 point
1511.8110236220473 2274.015748031496 321.25984251968504 99.21259842519684 voulu
1725.984251968504 2274.015748031496 499.21259842519686 99.21259842519684 contracter
2081.8897637795276 2274.015748031496 143.30708661417322 99.21259842519684 un

541.7322834645669 2360.6299212598424 412.59842519685037 102.36220472440945 mariage
842.5196850393701 2360.6299212598424 262.99212598425197 102.36220472440945 qui
992.1259842519685 2360.6299212598424 225.1968503937008 102.36220472440945 ne
1103.9370078740158 2360.6299212598424 262.99212598425197 102.36220472440945 lui
1255.1181102362204 2360.6299212598424 488.18897637795277 102.36220472440945 convenoit
1629.9212598425197 2360.6299212598424 374.8031496062992 102.36220472440945 point.
1892.9133858267717 2360.6299212598424 225.1968503937008 102.36220472440945 Le
1966.9291338582677 2360.6299212598424 262.99212598425197 102.36220472440945 vais-

541.7322834645669 2453.5433070866143 286.61417322834643 121.25984251968504 seau
721.2598425196851 2453.5433070866143 250.39370078740157 121.25984251968504 qui
864.5669291338583 2453.5433070866143 429.9212598425197 121.25984251968504 ramenoit
1187.4015748031495 2453.5433070866143 429.9212598425197 121.25984251968504 Virginie
1508.6614173228347 2453.5433070866143 286.61417322834643 121.25984251968504 dans
1688.1889763779527 2453.5433070866143 322.8346456692913 121.25984251968504 l’île
1902.3622047244094 2453.5433070866143 250.39370078740157 121.25984251968504 fut
2011.023622047244 2453.5433070866143 214.17322834645668 121.25984251968504 sub-

544.8818897637796 2587.4015748031497 344.88188976377955 96.06299212598425 mergé
774.8031496062993 2587.4015748031497 267.7165354330709 96.06299212598425 par
927.5590551181102 2587.4015748031497 229.92125984251967 96.06299212598425 un
1042.5196850393702 2587.4015748031497 497.6377952755906 96.06299212598425 naufrage;
1425.1968503937007 2587.4015748031497 497.6377952755906 96.06299212598425 elle-même
1807.8740157480315 2587.4015748031497 344.88188976377955 96.06299212598425 périt
2000.0 2587.4015748031497 229.92125984251967 96.06299212598425 dans

541.7322834645669 2678.740157480315 255.11811023622047 143.30708661417322 les
688.1889763779527 2678.740157480315 365.3543307086614 143.30708661417322 flots,
943.3070866141733 2678.740157480315 365.3543307086614 143.30708661417322 malgré
1198.4251968503936 2678.740157480315 255.11811023622047 143.30708661417322 les
1344.8818897637796 2678.740157480315 401.5748031496063 143.30708661417322 efforts
1636.2204724409448 2678.740157480315 218.89763779527559 143.30708661417322 de
1746.4566929133857 2678.740157480315 291.33858267716533 143.30708661417322 Paul
1929.1338582677165 2678.740157480315 291.33858267716533 143.30708661417322 pour
2074.015748031496 2678.740157480315 146.45669291338584 143.30708661417322 la

538.5826771653543 2806.299212598425 411.0236220472441 96.06299212598425 sauver.
837.7952755905512 2806.299212598425 223.6220472440945 96.06299212598425 Le
949.6062992125984 2806.299212598425 337.00787401574803 96.06299212598425 corps
1174.8031496062993 2806.299212598425 223.6220472440945 96.06299212598425 de
1286.6141732283465 2806.299212598425 448.81889763779526 96.06299212598425 Virginie
1622.0472440944882 2806.299212598425 261.4173228346457 96.06299212598425 fut
1771.6535433070867 2806.299212598425 448.81889763779526 96.06299212598425 retrouvé
2070.8661417322833 2806.299212598425 149.60629921259843 96.06299212598425 au

543.3070866141733 2891.3385826771655 280.31496062992125 138.58267716535434 bord
718.1102362204724 2891.3385826771655 211.0236220472441 138.58267716535434 de
823.6220472440945 2891.3385826771655 211.0236220472441 138.58267716535434 la
929.1338582677165 2891.3385826771655 280.31496062992125 138.58267716535434 mer,
1103.9370078740158 2891.3385826771655 211.0236220472441 138.58267716535434 et
1209.4488188976377 2891.3385826771655 420.4724409448819 138.58267716535434 enseveli
1524.4094488188975 2891.3385826771655 280.31496062992125 138.58267716535434 près
1699.2125984251968 2891.3385826771655 211.0236220472441 138.58267716535434 de
1804.724409448819 2891.3385826771655 420.4724409448819 138.58267716535434 l’église
2085.0393700787404 2891.3385826771655 140.15748031496062 138.58267716535434 de

538.5826771653543 3026.771653543307 705.511811023622 100.78740157480316 Panplemousses,
1127.5590551181103 3026.771653543307 313.38582677165357 100.78740157480316 sous
1322.8346456692914 3026.771653543307 274.01574803149606 100.78740157480316 une
1480.3149606299212 3026.771653543307 392.12598425196853 100.78740157480316 touffe
1754.3307086614172 3026.771653543307 234.64566929133858 100.78740157480316 de
1833.0708661417323 3026.771653543307 392.12598425196853 100.78740157480316 bambous.

538.5826771653543 3138.582677165354 234.64566929133858 88.18897637795276 Le
656.6929133858267 3138.582677165354 548.0314960629921 88.18897637795276 malheureux
1086.6141732283465 3138.582677165354 352.755905511811 88.18897637795276 amant
1322.8346456692914 3138.582677165354 234.64566929133858 88.18897637795276 de
1439.3700787401574 3138.582677165354 470.86614173228344 88.18897637795276 Virginie
1792.1259842519685 3138.582677165354 234.64566929133858 88.18897637795276 ne
1910.236220472441 3138.582677165354 274.01574803149606 88.18897637795276 put
2028.3464566929133 3138.582677165354 195.2755905511811 88.18897637795276 lui

538.5826771653543 3247.244094488189 486.61417322834643 94.48818897637796 survivre.
913.3858267716536 3247.244094488189 225.1968503937008 94.48818897637796 Il
1025.1968503937007 3247.244094488189 374.8031496062992 94.48818897637796 mourut
1286.6141732283465 3247.244094488189 299.21259842519686 94.48818897637796 deux
1474.015748031496 3247.244094488189 299.21259842519686 94.48818897637796 mois
1661.4173228346456 3247.244094488189 337.00787401574803 94.48818897637796 après
1885.0393700787401 3247.244094488189 225.1968503937008 94.48818897637796 ce
1960.6299212598426 3247.244094488189 261.4173228346457 94.48818897637796 fatal

543.3070866141733 3346.4566929133857 533.8582677165355 118.11023622047244 événement;
962.2047244094488 3346.4566929133857 228.3464566929134 118.11023622047244 il
1077.1653543307086 3346.4566929133857 266.1417322834646 118.11023622047244 fut
1229.9212598425197 3346.4566929133857 418.8976377952756 118.11023622047244 enterré
1533.8582677165355 3346.4566929133857 305.51181102362204 118.11023622047244 près
1724.4094488188975 3346.4566929133857 228.3464566929134 118.11023622047244 de
1801.5748031496064 3346.4566929133857 418.8976377952756 118.11023622047244 Virginie,

541.7322834645669 3451.968503937008 234.64566929133858 166.9291338582677 au
659.8425196850394 3451.968503937008 311.81102362204723 166.9291338582677 pied
855.1181102362204 3451.968503937008 274.01574803149606 166.9291338582677 des
1011.0236220472441 3451.968503937008 351.18110236220474 166.9291338582677 mêmes
1206.2992125984251 3451.968503937008 390.5511811023622 166.9291338582677 roseaux.
