1575 2745
344 261 229 75 qu’un
496 261 381 75 gentilhomme
801 261 229 75 avoit
954 261 305 75 trompée,
1182 261 229 75 reçut
1309 261 102 75 la

345 324 383 72 malheureuse
652 324 230 72 veuve
805 324 204 72 dans
932 324 153 72 sa
1009 324 281 72 cabane,
1213 324 153 72 où
1264 324 153 72 elle

347 390 163 91 lui
440 390 209 91 donna
579 390 418 91 l’hospitalité.
928 390 256 91 Bientôt
1114 390 163 91 des
1184 390 232 91 terrains

346 467 178 55 leur
457 467 200 55 ayant
591 467 156 55 été
680 467 334 55 distribués,
947 467 200 55 elles
1081 467 223 55 eurent
1215 467 200 55 chacune

343 538 195 81 leur
464 538 268 81 cabane,
659 538 146 81 et
733 538 292 81 vécurent
952 538 146 81 du
1025 538 268 81 produit
1220 538 146 81 de
1269 538 146 81 leur

344 606 255 62 champ.
522 606 229 62 Elles
675 606 408 62 accouchèrent
1006 606 280 62 presque
1210 606 153 62 en
1261 606 153 62 même

343 664 255 78 temps;
522 664 357 78 Marguerite
803 664 230 78 donna
956 664 153 78 le
1032 664 204 78 jour
1160 664 128 78 à
1211 664 153 78 un
1262 664 153 78 fils

347 742 267 66 qu’elle
541 742 243 66 appela
711 742 219 66 Paul,
857 742 146 66 et
929 742 243 66 madame
1099 742 146 66 de
1172 742 146 66 La
1245 742 194 66 Tour
1342 742 73 66 à

348 799 166 74 une
443 799 213 74 fille
585 799 261 74 qu’elle
775 799 213 74 nomma
917 799 308 74 Virginie.
1154 799 237 74 Elevés
1296 799 118 74 en-

345 891 267 53 semble,
539 891 170 53 ces
636 891 292 53 enfants,
855 891 170 53 dès
952 891 146 53 le
1025 891 292 53 berceau,
1220 891 194 53 éprou-

345 937 228 81 vèrent
505 937 182 81 l’un
618 937 182 81 pour
732 937 250 81 l’autre
914 937 159 81 les
1005 937 182 81 plus
1119 937 250 81 tendres
1278 937 137 81 sen-

345 1019 291 66 timents,
563 1019 194 66 dont
684 1019 146 66 la
757 1019 218 66 force
903 1019 291 66 augmenta
1121 1019 194 66 avec
1218 1019 194 66 l’âge.

344 1091 224 63 Leurs
493 1091 224 63 mères
642 1091 273 63 avoient
841 1091 149 63 le
916 1091 249 63 projet
1090 1091 149 63 de
1164 1091 174 63 les
1239 1091 174 63 unir,

342 1154 230 79 quand
496 1154 332 79 Virginie,
751 1154 281 79 appelée
955 1154 153 79 en
1032 1154 255 79 France
1211 1154 179 79 par
1287 1154 128 79 une

346 1222 204 78 tante
482 1222 159 78 qui
573 1222 159 78 lui
664 1222 317 78 promettoit
913 1222 136 78 sa
981 1222 272 78 fortune,
1185 1222 159 78 fut
1253 1222 159 78 obli-

343 1296 163 64 gée
436 1296 140 64 de
506 1296 256 64 quitter
692 1296 233 64 l’ile.
856 1296 186 64 Mais
972 1296 210 64 après
1112 1296 280 64 quelques
1298 1296 117 64 an-

344 1368 190 77 nées
463 1368 214 77 cette
606 1368 214 77 tante
749 1368 143 77 la
820 1368 333 77 déshérita,
1082 1368 143 77 et
1153 1368 143 77 la
1201 1368 214 77 renvoya

347 1444 363 63 parcequ’elle
642 1444 249 63 n’avoit
823 1444 204 63 point
960 1444 204 63 voulu
1096 1444 317 63 contracter
1322 1444 91 63 un

344 1499 262 65 mariage
535 1499 167 65 qui
630 1499 143 65 ne
701 1499 167 65 lui
797 1499 310 65 convenoit
1035 1499 238 65 point.
1202 1499 143 65 Le
1249 1499 167 65 vais-

344 1558 182 77 seau
458 1558 159 77 qui
549 1558 273 77 ramenoit
754 1558 273 77 Virginie
958 1558 182 77 dans
1072 1558 205 77 l’île
1208 1558 159 77 fut
1277 1558 136 77 sub-

346 1643 219 61 mergé
492 1643 170 61 par
589 1643 146 61 un
662 1643 316 61 naufrage;
905 1643 316 61 elle-même
1148 1643 219 61 périt
1270 1643 146 61 dans

344 1701 162 91 les
437 1701 232 91 flots,
599 1701 232 91 malgré
761 1701 162 91 les
854 1701 255 91 efforts
1039 1701 139 91 de
1109 1701 185 91 Paul
1225 1701 185 91 pour
1317 1701 93 91 la

342 1782 261 61 sauver.
532 1782 142 61 Le
603 1782 214 61 corps
746 1782 142 61 de
817 1782 285 61 Virginie
1030 1782 166 61 fut
1125 1782 285 61 retrouvé
1315 1782 95 61 au

345 1836 178 88 bord
456 1836 134 88 de
523 1836 134 88 la
590 1836 178 88 mer,
701 1836 134 88 et
768 1836 267 88 enseveli
968 1836 178 88 près
1079 1836 134 88 de
1146 1836 267 88 l’église
1324 1836 89 88 de

342 1922 448 64 Panplemousses,
716 1922 199 64 sous
840 1922 174 64 une
940 1922 249 64 touffe
1114 1922 149 64 de
1164 1922 249 64 bambous.

342 1993 149 56 Le
417 1993 348 56 malheureux
690 1993 224 56 amant
840 1993 149 56 de
914 1993 299 56 Virginie
1138 1993 149 56 ne
1213 1993 174 56 put
1288 1993 124 56 lui

342 2062 309 60 survivre.
580 2062 143 60 Il
651 2062 238 60 mourut
817 2062 190 60 deux
936 2062 190 60 mois
1055 2062 214 60 après
1197 2062 143 60 ce
1245 2062 166 60 fatal

345 2125 339 75 événement;
611 2125 145 75 il
684 2125 169 75 fut
781 2125 266 75 enterré
974 2125 194 75 près
1095 2125 145 75 de
1144 2125 266 75 Virginie,

344 2192 149 106 au
419 2192 198 106 pied
543 2192 174 106 des
642 2192 223 106 mêmes
766 2192 248 106 roseaux.
