1539 2709
616 150 178 116 (
652 150 178 116 45)

311 244 134 90 Le
378 244 246 90 peintre
556 244 112 90 a
601 244 201 90 voulu
735 244 223 90 donner
892 244 156 90 une
981 244 179 90 idée
1093 244 156 90 des
1160 244 156 90 plai-

254 336 184 68 sirs
369 336 300 68 innocents
600 336 138 68 de
669 336 184 68 Paul
784 336 138 68 et
853 336 138 68 de
922 336 277 68 Virginie
1107 336 207 68 pendant

254 398 202 85 leur
380 398 304 85 enfance.
608 398 228 85 Leurs
760 398 228 85 mères
911 398 329 85 s’amusent
1164 398 126 85 à
1190 398 126 85 les

251 466 293 69 baigner
464 466 213 69 dans
597 466 186 69 une
704 466 319 69 fontaine
943 466 319 69 ombragée
1156 466 160 69 d’un

255 541 259 77 palmier
444 541 236 77 planté
609 541 141 77 en
680 541 259 77 mémoire
868 541 141 77 de
939 541 189 77 leur
1033 541 283 77 naissance.

258 618 207 62 Paul,
396 618 161 62 qui
488 618 184 62 déja
604 618 161 62 est
696 618 184 62 dans
811 618 230 62 l’eau,
972 618 230 62 semble
1111 618 207 62 vouloir

258 676 113 83 y
304 676 248 83 attirer
484 676 293 83 Virginie,
709 676 158 83 qui
800 676 180 83 fait
912 676 248 83 quelque
1070 676 248 83 résistan-

264 748 164 62 ce.
357 748 140 62 La
427 748 187 62 mère
544 748 140 62 de
614 748 210 62 Paul,
755 748 234 62 assise
918 748 187 62 sous
1035 748 140 62 le
1082 748 234 62 palmier,

258 812 248 69 regarde
439 812 158 69 son
529 812 180 69 fils
641 812 180 69 avec
754 812 315 69 tendresse.
1002 812 203 69 Celle
1137 812 135 69 de
1182 812 135 69 Vir-

259 886 207 76 ginie
397 886 230 76 semble
559 886 230 76 donner
720 886 138 76 sa
789 886 346 76 bénédiction
1066 886 115 76 à
1112 886 161 76 ces
1181 886 138 76 deux

263 950 251 82 enfants
446 950 251 82 qu’elle
628 950 228 82 chérit
765 950 274 82 également.

148 1154 334 82 LANGLOIS
399 1154 557 82 (Jérôme-Martin),
872 1154 278 82 ancien
1039 1154 278 82 pension-

294 1234 220 80 naire
440 1234 146 80 de
513 1234 244 80 France
684 1234 122 80 à
733 1234 220 80 Rome,
879 1234 146 80 né
952 1234 122 80 à
977 1234 195 80 Paris.

146 1344 215 109 42.
269 1344 400 109 Cassandre
577 1344 339 109 implore
823 1344 185 109 la
916 1344 400 109 vengeance
1193 1344 123 109 de

236 1446 311 86 Minerve
462 1446 198 86 sur
575 1446 226 86 Ajax
716 1446 198 86 qui
829 1446 198 86 l’a
914 1446 311 86 outragée.

315 1563 156 85 Les
404 1563 201 85 Grecs
538 1563 246 85 s’étant
716 1563 223 85 rendus
873 1563 246 85 maîtres
1051 1563 134 85 de
1118 1563 134 85 la
1163 1563 156 85 ville

261 1648 141 83 de
331 1648 212 83 Troie
472 1648 235 83 qu’ils
637 1648 376 83 assiégeoient
942 1648 235 83 depuis
1107 1648 165 83 dix
1177 1648 141 83 ans,

259 1714 145 68 la
331 1714 265 68 famille
524 1714 145 68 de
597 1714 241 68 Priam,
765 1714 169 68 roi
862 1714 145 68 de
934 1714 289 68 Phrygie,
1127 1714 193 68 devint

262 1790 243 81 bientôt
438 1790 243 81 victime
615 1790 132 81 de
681 1790 132 81 la
747 1790 243 81 cruauté
924 1790 132 81 et
990 1790 132 81 de
1034 1790 287 81 l’insolence

260 1850 177 65 des
361 1850 379 65 vainqueurs.
664 1850 227 65 Ajax,
816 1850 202 65 l’un
942 1850 177 65 des
1018 1850 303 65 capitaines

261 1922 241 69 grecs,
429 1922 217 69 étant
574 1922 217 69 entré
718 1922 193 69 dans
839 1922 144 69 le
911 1922 241 69 temple
1079 1922 144 69 de
1127 1922 193 69 Miner-

261 1983 168 77 ve,
357 1983 120 77 y
405 1983 240 77 trouva
573 1983 312 77 Cassandre
814 1983 216 77 fille
958 1983 144 77 du
1030 1983 192 77 roi,
1150 1983 168 77 qui
1222 1983 96 77 en

266 2059 197 64 étoit
398 2059 131 64 la
463 2059 307 64 prêtresse;
704 2059 131 64 il
770 2059 219 64 exerça
924 2059 153 64 sur
1011 2059 175 64 elle
1121 2059 153 64 les
1187 2059 131 64 plus

263 2135 259 66 grandes
451 2135 329 66 violences,
709 2135 188 66 sans
827 2135 259 66 respect
1015 2135 188 66 pour
1109 2135 212 66 l’asile

267 2197 126 105 où
330 2197 169 105 elle
436 2197 232 105 s’étoit
604 2197 274 105 réfugiée.
815 2197 148 105 Les
899 2197 190 105 dieux
1026 2197 126 105 ne
1068 2197 253 105 laissèrent
