2423.6220472440946 4266.141732283465
970.0787401574803 236.2204724409449 280.31496062992125 182.6771653543307 (
1026.7716535433071 236.2204724409449 280.31496062992125 182.6771653543307 45)

489.76377952755905 384.251968503937 211.0236220472441 141.73228346456693 Le
595.2755905511812 384.251968503937 387.40157480314963 141.73228346456693 peintre
875.5905511811023 384.251968503937 176.3779527559055 141.73228346456693 a
946.4566929133858 384.251968503937 316.53543307086613 141.73228346456693 voulu
1157.4803149606298 384.251968503937 351.18110236220474 141.73228346456693 donner
1404.724409448819 384.251968503937 245.66929133858267 141.73228346456693 une
1544.8818897637796 384.251968503937 281.8897637795276 141.73228346456693 idée
1721.259842519685 384.251968503937 245.66929133858267 141.73228346456693 des
1826.7716535433071 384.251968503937 245.66929133858267 141.73228346456693 plai-

400.0 529.1338582677165 289.76377952755905 107.08661417322834 sirs
581.1023622047244 529.1338582677165 472.4409448818898 107.08661417322834 innocents
944.8818897637796 529.1338582677165 217.3228346456693 107.08661417322834 de
1053.5433070866143 529.1338582677165 289.76377952755905 107.08661417322834 Paul
1234.6456692913387 529.1338582677165 217.3228346456693 107.08661417322834 et
1343.3070866141732 529.1338582677165 217.3228346456693 107.08661417322834 de
1451.9685039370079 529.1338582677165 436.2204724409449 107.08661417322834 Virginie
1743.3070866141732 529.1338582677165 325.98425196850394 107.08661417322834 pendant

400.0 626.7716535433071 318.1102362204724 133.85826771653544 leur
598.4251968503937 626.7716535433071 478.74015748031496 133.85826771653544 enfance.
957.4803149606299 626.7716535433071 359.0551181102362 133.85826771653544 Leurs
1196.8503937007874 626.7716535433071 359.0551181102362 133.85826771653544 mères
1434.6456692913387 626.7716535433071 518.1102362204724 133.85826771653544 s’amusent
1833.0708661417323 626.7716535433071 198.4251968503937 133.85826771653544 à
1874.015748031496 626.7716535433071 198.4251968503937 133.85826771653544 les

395.2755905511811 733.8582677165355 461.4173228346457 108.66141732283465 baigner
730.7086614173228 733.8582677165355 335.43307086614175 108.66141732283465 dans
940.1574803149606 733.8582677165355 292.9133858267717 108.66141732283465 une
1108.6614173228347 733.8582677165355 502.3622047244094 108.66141732283465 fontaine
1485.0393700787401 733.8582677165355 502.3622047244094 108.66141732283465 ombragée
1820.4724409448818 733.8582677165355 251.96850393700788 108.66141732283465 d’un

401.5748031496063 851.9685039370079 407.87401574803147 121.25984251968504 palmier
699.2125984251968 851.9685039370079 371.65354330708664 121.25984251968504 planté
959.0551181102362 851.9685039370079 222.04724409448818 121.25984251968504 en
1070.8661417322835 851.9685039370079 407.87401574803147 121.25984251968504 mémoire
1366.9291338582677 851.9685039370079 222.04724409448818 121.25984251968504 de
1478.740157480315 851.9685039370079 297.6377952755906 121.25984251968504 leur
1626.7716535433071 851.9685039370079 445.6692913385827 121.25984251968504 naissance.

406.2992125984252 973.2283464566929 325.98425196850394 97.63779527559055 Paul,
623.6220472440945 973.2283464566929 253.54330708661416 97.63779527559055 qui
768.503937007874 973.2283464566929 289.76377952755905 97.63779527559055 déja
951.1811023622047 973.2283464566929 253.54330708661416 97.63779527559055 est
1096.0629921259842 973.2283464566929 289.76377952755905 97.63779527559055 dans
1277.1653543307086 973.2283464566929 362.20472440944883 97.63779527559055 l’eau,
1530.708661417323 973.2283464566929 362.20472440944883 97.63779527559055 semble
1749.6062992125985 973.2283464566929 325.98425196850394 97.63779527559055 vouloir

406.2992125984252 1064.5669291338584 177.95275590551182 130.70866141732284 y
478.74015748031496 1064.5669291338584 390.5511811023622 130.70866141732284 attirer
762.2047244094488 1064.5669291338584 461.4173228346457 130.70866141732284 Virginie,
1116.5354330708662 1064.5669291338584 248.8188976377953 130.70866141732284 qui
1259.8425196850394 1064.5669291338584 283.46456692913387 130.70866141732284 fait
1436.2204724409448 1064.5669291338584 390.5511811023622 130.70866141732284 quelque
1685.0393700787401 1064.5669291338584 390.5511811023622 130.70866141732284 résistan-

415.748031496063 1177.9527559055118 258.26771653543307 97.63779527559055 ce.
562.2047244094488 1177.9527559055118 220.4724409448819 97.63779527559055 La
672.4409448818898 1177.9527559055118 294.48818897637796 97.63779527559055 mère
856.6929133858267 1177.9527559055118 220.4724409448819 97.63779527559055 de
966.9291338582677 1177.9527559055118 330.70866141732284 97.63779527559055 Paul,
1188.976377952756 1177.9527559055118 368.503937007874 97.63779527559055 assise
1445.6692913385828 1177.9527559055118 294.48818897637796 97.63779527559055 sous
1629.9212598425197 1177.9527559055118 220.4724409448819 97.63779527559055 le
1703.9370078740158 1177.9527559055118 368.503937007874 97.63779527559055 palmier,

406.2992125984252 1278.740157480315 390.5511811023622 108.66141732283465 regarde
691.3385826771654 1278.740157480315 248.8188976377953 108.66141732283465 son
833.0708661417323 1278.740157480315 283.46456692913387 108.66141732283465 fils
1009.4488188976378 1278.740157480315 283.46456692913387 108.66141732283465 avec
1187.4015748031495 1278.740157480315 496.06299212598424 108.66141732283465 tendresse.
1577.9527559055118 1278.740157480315 319.68503937007875 108.66141732283465 Celle
1790.5511811023623 1278.740157480315 212.5984251968504 108.66141732283465 de
1861.4173228346456 1278.740157480315 212.5984251968504 108.66141732283465 Vir-

407.87401574803147 1395.275590551181 325.98425196850394 119.68503937007874 ginie
625.1968503937007 1395.275590551181 362.20472440944883 119.68503937007874 semble
880.3149606299213 1395.275590551181 362.20472440944883 119.68503937007874 donner
1133.8582677165355 1395.275590551181 217.3228346456693 119.68503937007874 sa
1242.5196850393702 1395.275590551181 544.8818897637796 119.68503937007874 bénédiction
1678.740157480315 1395.275590551181 181.10236220472441 119.68503937007874 à
1751.1811023622047 1395.275590551181 253.54330708661416 119.68503937007874 ces
1859.8425196850394 1395.275590551181 217.3228346456693 119.68503937007874 deux

414.1732283464567 1496.0629921259842 395.2755905511811 129.13385826771653 enfants
702.3622047244095 1496.0629921259842 395.2755905511811 129.13385826771653 qu’elle
988.9763779527559 1496.0629921259842 359.0551181102362 129.13385826771653 chérit
1204.724409448819 1496.0629921259842 431.496062992126 129.13385826771653 également.

233.0708661417323 1817.3228346456692 525.9842519685039 129.13385826771653 LANGLOIS
628.3464566929134 1817.3228346456692 877.1653543307086 129.13385826771653 (Jérôme-Martin),
1373.2283464566929 1817.3228346456692 437.79527559055117 129.13385826771653 ancien
1636.2204724409448 1817.3228346456692 437.79527559055117 129.13385826771653 pension-

462.99212598425197 1943.3070866141732 346.45669291338584 125.98425196850394 naire
692.9133858267717 1943.3070866141732 229.92125984251967 125.98425196850394 de
807.8740157480315 1943.3070866141732 384.251968503937 125.98425196850394 France
1077.1653543307086 1943.3070866141732 192.1259842519685 125.98425196850394 à
1154.3307086614172 1943.3070866141732 346.45669291338584 125.98425196850394 Rome,
1384.251968503937 1943.3070866141732 229.92125984251967 125.98425196850394 né
1499.2125984251968 1943.3070866141732 192.1259842519685 125.98425196850394 à
1538.5826771653544 1943.3070866141732 307.0866141732283 125.98425196850394 Paris.

229.92125984251967 2116.535433070866 338.5826771653543 171.6535433070866 42.
423.62204724409446 2116.535433070866 629.9212598425197 171.6535433070866 Cassandre
908.6614173228346 2116.535433070866 533.8582677165355 171.6535433070866 implore
1296.0629921259842 2116.535433070866 291.33858267716533 171.6535433070866 la
1442.5196850393702 2116.535433070866 629.9212598425197 171.6535433070866 vengeance
1878.740157480315 2116.535433070866 193.70078740157481 171.6535433070866 de

371.65354330708664 2277.165354330709 489.76377952755905 135.43307086614172 Minerve
727.5590551181102 2277.165354330709 311.81102362204723 135.43307086614172 sur
905.511811023622 2277.165354330709 355.90551181102364 135.43307086614172 Ajax
1127.5590551181103 2277.165354330709 311.81102362204723 135.43307086614172 qui
1305.5118110236222 2277.165354330709 311.81102362204723 135.43307086614172 l’a
1439.3700787401574 2277.165354330709 489.76377952755905 135.43307086614172 outragée.

496.06299212598424 2461.417322834646 245.66929133858267 133.85826771653544 Les
636.2204724409448 2461.417322834646 316.53543307086613 133.85826771653544 Grecs
847.2440944881889 2461.417322834646 387.40157480314963 133.85826771653544 s’étant
1127.5590551181103 2461.417322834646 351.18110236220474 133.85826771653544 rendus
1374.8031496062993 2461.417322834646 387.40157480314963 133.85826771653544 maîtres
1655.1181102362204 2461.417322834646 211.0236220472441 133.85826771653544 de
1760.6299212598426 2461.417322834646 211.0236220472441 133.85826771653544 la
1831.4960629921259 2461.417322834646 245.66929133858267 133.85826771653544 ville

411.0236220472441 2595.2755905511813 222.04724409448818 130.70866141732284 de
521.2598425196851 2595.2755905511813 333.8582677165354 130.70866141732284 Troie
743.3070866141733 2595.2755905511813 370.0787401574803 130.70866141732284 qu’ils
1003.1496062992126 2595.2755905511813 592.1259842519685 130.70866141732284 assiégeoient
1483.4645669291338 2595.2755905511813 370.0787401574803 130.70866141732284 depuis
1743.3070866141732 2595.2755905511813 259.84251968503935 130.70866141732284 dix
1853.5433070866143 2595.2755905511813 222.04724409448818 130.70866141732284 ans,

407.87401574803147 2699.212598425197 228.3464566929134 107.08661417322834 la
521.2598425196851 2699.212598425197 417.3228346456693 107.08661417322834 famille
825.1968503937007 2699.212598425197 228.3464566929134 107.08661417322834 de
940.1574803149606 2699.212598425197 379.5275590551181 107.08661417322834 Priam,
1204.724409448819 2699.212598425197 266.1417322834646 107.08661417322834 roi
1357.4803149606298 2699.212598425197 228.3464566929134 107.08661417322834 de
1470.8661417322835 2699.212598425197 455.11811023622045 107.08661417322834 Phrygie,
1774.8031496062993 2699.212598425197 303.93700787401576 107.08661417322834 devint

412.59842519685037 2818.8976377952754 382.6771653543307 127.55905511811024 bientôt
689.7637795275591 2818.8976377952754 382.6771653543307 127.55905511811024 victime
968.503937007874 2818.8976377952754 207.8740157480315 127.55905511811024 de
1072.4409448818897 2818.8976377952754 207.8740157480315 127.55905511811024 la
1176.3779527559054 2818.8976377952754 382.6771653543307 127.55905511811024 cruauté
1455.1181102362204 2818.8976377952754 207.8740157480315 127.55905511811024 et
1559.0551181102362 2818.8976377952754 207.8740157480315 127.55905511811024 de
1628.3464566929133 2818.8976377952754 451.9685039370079 127.55905511811024 l’insolence

409.4488188976378 2913.3858267716537 278.74015748031496 102.36220472440945 des
568.503937007874 2913.3858267716537 596.8503937007874 102.36220472440945 vainqueurs.
1045.6692913385828 2913.3858267716537 357.4803149606299 102.36220472440945 Ajax,
1285.0393700787401 2913.3858267716537 318.1102362204724 102.36220472440945 l’un
1483.4645669291338 2913.3858267716537 278.74015748031496 102.36220472440945 des
1603.1496062992126 2913.3858267716537 477.1653543307087 102.36220472440945 capitaines

411.0236220472441 3026.771653543307 379.5275590551181 108.66141732283465 grecs,
675.5905511811023 3026.771653543307 341.73228346456693 108.66141732283465 étant
903.9370078740158 3026.771653543307 341.73228346456693 108.66141732283465 entré
1130.708661417323 3026.771653543307 303.93700787401576 108.66141732283465 dans
1321.259842519685 3026.771653543307 226.77165354330708 108.66141732283465 le
1434.6456692913387 3026.771653543307 379.5275590551181 108.66141732283465 temple
1699.2125984251968 3026.771653543307 226.77165354330708 108.66141732283465 de
1774.8031496062993 3026.771653543307 303.93700787401576 108.66141732283465 Miner-

411.0236220472441 3122.834645669291 264.56692913385825 121.25984251968504 ve,
562.2047244094488 3122.834645669291 188.9763779527559 121.25984251968504 y
637.7952755905512 3122.834645669291 377.9527559055118 121.25984251968504 trouva
902.3622047244095 3122.834645669291 491.33858267716533 121.25984251968504 Cassandre
1281.8897637795276 3122.834645669291 340.15748031496065 121.25984251968504 fille
1508.6614173228347 3122.834645669291 226.77165354330708 121.25984251968504 du
1622.0472440944882 3122.834645669291 302.3622047244094 121.25984251968504 roi,
1811.023622047244 3122.834645669291 264.56692913385825 121.25984251968504 qui
1924.4094488188975 3122.834645669291 151.1811023622047 121.25984251968504 en

418.8976377952756 3242.51968503937 310.23622047244095 100.78740157480316 étoit
626.7716535433071 3242.51968503937 206.29921259842519 100.78740157480316 la
729.1338582677165 3242.51968503937 483.46456692913387 100.78740157480316 prêtresse;
1108.6614173228347 3242.51968503937 206.29921259842519 100.78740157480316 il
1212.5984251968505 3242.51968503937 344.88188976377955 100.78740157480316 exerça
1455.1181102362204 3242.51968503937 240.9448818897638 100.78740157480316 sur
1592.1259842519685 3242.51968503937 275.59055118110234 100.78740157480316 elle
1765.3543307086613 3242.51968503937 240.9448818897638 100.78740157480316 les
1869.291338582677 3242.51968503937 206.29921259842519 100.78740157480316 plus

414.1732283464567 3362.2047244094488 407.87401574803147 103.93700787401575 grandes
710.2362204724409 3362.2047244094488 518.1102362204724 103.93700787401575 violences,
1116.5354330708662 3362.2047244094488 296.06299212598424 103.93700787401575 sans
1302.3622047244094 3362.2047244094488 407.87401574803147 103.93700787401575 respect
1598.4251968503936 3362.2047244094488 296.06299212598424 103.93700787401575 pour
1746.4566929133857 3362.2047244094488 333.8582677165354 103.93700787401575 l’asile

420.4724409448819 3459.8425196850394 198.4251968503937 165.35433070866142 où
519.6850393700787 3459.8425196850394 266.1417322834646 165.35433070866142 elle
686.6141732283464 3459.8425196850394 365.3543307086614 165.35433070866142 s’étoit
951.1811023622047 3459.8425196850394 431.496062992126 165.35433070866142 réfugiée.
1283.4645669291338 3459.8425196850394 233.0708661417323 165.35433070866142 Les
1415.748031496063 3459.8425196850394 299.21259842519686 165.35433070866142 dieux
1615.748031496063 3459.8425196850394 198.4251968503937 165.35433070866142 ne
1681.8897637795276 3459.8425196850394 398.4251968503937 165.35433070866142 laissèrent
