2494.488188976378 4327.55905511811
1083.4645669291338 256.6929133858268 274.01574803149606 163.7795275590551 (
1138.5826771653544 256.6929133858268 274.01574803149606 163.7795275590551 46)

500.78740157480314 406.2992125984252 267.7165354330709 143.30708661417322 pas
653.5433070866142 406.2992125984252 229.92125984251967 143.30708661417322 ce
768.503937007874 406.2992125984252 344.88188976377955 143.30708661417322 crime
998.4251968503937 406.2992125984252 422.0472440944882 143.30708661417322 impuni:
1305.5118110236222 406.2992125984252 422.0472440944882 143.30708661417322 Neptune
1612.5984251968505 406.2992125984252 499.21259842519686 143.30708661417322 engloutit
1957.4803149606298 406.2992125984252 229.92125984251967 143.30708661417322 Ajax

499.21259842519686 530.7086614173228 307.0866141732283 96.06299212598425 dans
689.7637795275591 530.7086614173228 267.7165354330709 96.06299212598425 les
844.0944881889764 530.7086614173228 307.0866141732283 96.06299212598425 eaux
1034.6456692913387 530.7086614173228 229.92125984251967 96.06299212598425 au
1149.6062992125985 530.7086614173228 382.6771653543307 96.06299212598425 moment
1417.3228346456692 530.7086614173228 229.92125984251967 96.06299212598425 où
1532.283464566929 530.7086614173228 229.92125984251967 96.06299212598425 il
1647.244094488189 530.7086614173228 497.6377952755906 96.06299212598425 échappoit
1992.1259842519685 530.7086614173228 192.1259842519685 96.06299212598425 aux

500.78740157480314 636.2204724409448 423.62204724409446 133.85826771653544 dangers
807.8740157480315 636.2204724409448 307.0866141732283 133.85826771653544 d’un
962.2047244094488 636.2204724409448 423.62204724409446 133.85826771653544 naufrage.

582.6771653543307 751.1811023622047 234.64566929133858 103.93700787401575 Le
700.7874015748032 751.1811023622047 429.9212598425197 103.93700787401575 peintre
1012.5984251968504 751.1811023622047 195.2755905511811 103.93700787401575 a
1091.3385826771653 751.1811023622047 548.0314960629921 103.93700787401575 représenté
1521.259842519685 751.1811023622047 508.66141732283467 103.93700787401575 Cassandre
1872.4409448818897 751.1811023622047 313.38582677165357 103.93700787401575 implo-

497.6377952755906 864.5669291338583 321.25984251968504 108.66141732283465 rant
697.6377952755905 864.5669291338583 240.9448818897638 108.66141732283465 la
817.3228346456693 864.5669291338583 521.2598425196851 108.66141732283465 vengeance
1218.8976377952756 864.5669291338583 240.9448818897638 108.66141732283465 de
1340.1574803149606 864.5669291338583 440.9448818897638 108.66141732283465 Minerve
1661.4173228346456 864.5669291338583 401.5748031496063 108.66141732283465 contre
1902.3622047244094 864.5669291338583 280.31496062992125 108.66141732283465 celui

499.21259842519686 998.4251968503937 251.96850393700788 96.06299212598425 qui
642.5196850393701 998.4251968503937 251.96850393700788 96.06299212598425 l’a
787.4015748031496 998.4251968503937 466.1417322834646 96.06299212598425 outragée.
1146.4566929133857 998.4251968503937 215.748031496063 96.06299212598425 On
1253.5433070866143 998.4251968503937 286.61417322834643 96.06299212598425 voit
1433.0708661417323 998.4251968503937 286.61417322834643 96.06299212598425 près
1612.5984251968505 998.4251968503937 359.0551181102362 96.06299212598425 d’elle
1864.5669291338584 998.4251968503937 251.96850393700788 96.06299212598425 une
1971.6535433070867 998.4251968503937 215.748031496063 96.06299212598425 cou-

499.21259842519686 1083.4645669291338 362.20472440944883 105.51181102362204 ronne
741.7322834645669 1083.4645669291338 240.9448818897638 105.51181102362204 de
861.4173228346457 1083.4645669291338 481.8897637795276 105.51181102362204 laurier,
1223.6220472440946 1083.4645669291338 481.8897637795276 105.51181102362204 ornement
1584.251968503937 1083.4645669291338 281.8897637795276 105.51181102362204 des
1705.5118110236222 1083.4645669291338 481.8897637795276 105.51181102362204 prétresses

496.06299212598424 1192.1259842519685 247.24409448818898 89.76377952755905 de
618.8976377952756 1192.1259842519685 494.48818897637796 89.76377952755905 Minerve.
990.5511811023622 1192.1259842519685 535.4330708661417 89.76377952755905 Cassandre
1403.1496062992126 1192.1259842519685 288.18897637795277 89.76377952755905 est
1566.9291338582677 1192.1259842519685 453.54330708661416 89.76377952755905 appuyée
1856.6929133858268 1192.1259842519685 329.13385826771656 89.76377952755905 contre

503.93700787401576 1297.6377952755906 377.9527559055118 132.28346456692913 l’autel
779.5275590551181 1297.6377952755906 206.29921259842519 132.28346456692913 où
881.8897637795276 1297.6377952755906 274.01574803149606 132.28346456692913 elle
1053.5433070866143 1297.6377952755906 308.66141732283467 132.28346456692913 vient
1259.8425196850394 1297.6377952755906 412.59842519685037 132.28346456692913 d’offrir
1568.5039370078741 1297.6377952755906 206.29921259842519 132.28346456692913 un
1670.8661417322835 1297.6377952755906 480.31496062992125 132.28346456692913 sacrifice.
2014.1732283464567 1297.6377952755906 171.6535433070866 132.28346456692913 Ses

502.3622047244094 1404.724409448819 335.43307086614175 100.78740157480316 mains
727.5590551181102 1404.724409448819 485.03937007874015 100.78740157480316 attachées
1100.7874015748032 1404.724409448819 447.244094488189 100.78740157480316 derrière
1436.2204724409448 1404.724409448819 223.6220472440945 100.78740157480316 le
1548.0314960629921 1404.724409448819 261.4173228346457 100.78740157480316 dos
1697.6377952755906 1404.724409448819 485.03937007874015 100.78740157480316 annoncent
2033.0708661417323 1404.724409448819 149.60629921259843 100.78740157480316 la

496.06299212598424 1513.3858267716535 461.4173228346457 116.53543307086615 violence
840.9448818897638 1513.3858267716535 307.0866141732283 116.53543307086615 dont
1033.0708661417323 1513.3858267716535 307.0866141732283 116.53543307086615 Ajax
1225.1968503937007 1513.3858267716535 346.45669291338584 116.53543307086615 s’est
1455.1181102362204 1513.3858267716535 346.45669291338584 116.53543307086615 rendu
1686.6141732283465 1513.3858267716535 461.4173228346457 116.53543307086615 coupable
1993.7007874015749 1513.3858267716535 192.1259842519685 116.53543307086615 en-

503.93700787401576 1620.4724409448818 274.01574803149606 94.48818897637796 vers
675.5905511811023 1620.4724409448818 308.66141732283467 94.48818897637796 elle.
881.8897637795276 1620.4724409448818 206.29921259842519 94.48818897637796 On
984.2519685039371 1620.4724409448818 412.59842519685037 94.48818897637796 aperçoit
1292.9133858267717 1620.4724409448818 206.29921259842519 94.48818897637796 au
1396.8503937007874 1620.4724409448818 274.01574803149606 94.48818897637796 fond
1568.5039370078741 1620.4724409448818 206.29921259842519 94.48818897637796 la
1670.8661417322835 1620.4724409448818 308.66141732283467 94.48818897637796 ville
1877.1653543307086 1620.4724409448818 206.29921259842519 94.48818897637796 de
1944.8818897637796 1620.4724409448818 240.9448818897638 94.48818897637796 Troie

499.21259842519686 1719.6850393700788 292.9133858267717 100.78740157480316 dont
681.8897637795276 1719.6850393700788 513.3858267716536 100.78740157480316 l’incendie
1085.0393700787401 1719.6850393700788 477.1653543307087 100.78740157480316 commence,
1451.9685039370079 1719.6850393700788 220.4724409448819 100.78740157480316 et
1562.2047244094488 1719.6850393700788 256.6929133858268 100.78740157480316 sur
1708.6614173228347 1719.6850393700788 220.4724409448819 100.78740157480316 le
1782.6771653543308 1719.6850393700788 403.1496062992126 100.78740157480316 péristyle

492.9133858267717 1831.4960629921259 259.84251968503935 132.28346456692913 du
623.6220472440945 1831.4960629921259 434.6456692913386 132.28346456692913 temple
927.5590551181102 1831.4960629921259 348.0314960629921 132.28346456692913 deux
1144.8818897637796 1831.4960629921259 477.1653543307087 132.28346456692913 femmes,
1492.9133858267717 1831.4960629921259 348.0314960629921 132.28346456692913 dont
1710.236220472441 1831.4960629921259 303.93700787401576 132.28346456692913 une
1839.3700787401574 1831.4960629921259 348.0314960629921 132.28346456692913 semble

497.6377952755906 1954.3307086614172 439.37007874015745 116.53543307086615 défendre
826.7716535433071 1954.3307086614172 256.6929133858268 116.53543307086615 une
973.2283464566929 1954.3307086614172 329.13385826771656 116.53543307086615 autre
1192.1259842519685 1954.3307086614172 329.13385826771656 116.53543307086615 qu’un
1411.023622047244 1954.3307086614172 365.3543307086614 116.53543307086615 soldat
1667.716535433071 1954.3307086614172 292.9133858267717 116.53543307086615 veut
1814.1732283464567 1954.3307086614172 365.3543307086614 116.53543307086615 égorger.

853.5433070866142 2311.8110236220473 507.0866141732283 165.35433070866142 LAURENT
1222.0472440944882 2311.8110236220473 322.8346456692913 165.35433070866142 (J.
1360.6299212598426 2311.8110236220473 277.1653543307087 165.35433070866142 A.).

321.25984251968504 2483.464566929134 310.23622047244095 154.33070866141733 43.
497.6377952755906 2483.464566929134 574.8031496062993 154.33070866141733 Bathilde,
940.1574803149606 2483.464566929134 398.4251968503937 154.33070866141733 veuve
1206.2992125984251 2483.464566929134 266.1417322834646 154.33070866141733 de
1338.5826771653544 2483.464566929134 442.5196850393701 154.33070866141733 Clovis
1648.8188976377953 2483.464566929134 310.23622047244095 154.33070866141733 II,
1825.1968503937007 2483.464566929134 354.3307086614173 154.33070866141733 rend
2003.1496062992126 2483.464566929134 176.3779527559055 154.33070866141733 la

609.4488188976378 2623.6220472440946 467.7165354330709 148.03149606299212 liberté
949.6062992125984 2623.6220472440946 212.5984251968504 148.03149606299212 à
1034.6456692913387 2623.6220472440946 255.11811023622047 148.03149606299212 de
1162.2047244094488 2623.6220472440946 425.1968503937008 148.03149606299212 jeunes
1417.3228346456692 2623.6220472440946 467.7165354330709 148.03149606299212 esclaves.

588.9763779527559 2818.8976377952754 311.81102362204723 141.73228346456693 Cette
796.8503937007874 2818.8976377952754 346.45669291338584 141.73228346456693 reine,
1039.3700787401574 2818.8976377952754 277.1653543307087 141.73228346456693 dont
1212.5984251968505 2818.8976377952754 415.748031496063 141.73228346456693 l’esprit
1522.8346456692914 2818.8976377952754 381.1023622047244 141.73228346456693 égaloit
1800.0 2818.8976377952754 207.8740157480315 141.73228346456693 la
1869.291338582677 2818.8976377952754 311.81102362204723 141.73228346456693 beauté,

499.21259842519686 2946.4566929133857 250.39370078740157 103.93700787401575 fut
642.5196850393701 2946.4566929133857 392.12598425196853 103.93700787401575 régente
927.5590551181102 2946.4566929133857 285.03937007874015 103.93700787401575 sous
1105.5118110236222 2946.4566929133857 214.17322834645668 103.93700787401575 la
1212.5984251968505 2946.4566929133857 428.34645669291336 103.93700787401575 minorité
1533.8582677165355 2946.4566929133857 214.17322834645668 103.93700787401575 de
1640.9448818897638 2946.4566929133857 250.39370078740157 103.93700787401575 son
1784.251968503937 2946.4566929133857 285.03937007874015 103.93700787401575 fils
1925.984251968504 2946.4566929133857 250.39370078740157 103.93700787401575 aîné,

502.3622047244094 3048.818897637795 420.4724409448819 130.70866141732284 Clotaire
817.3228346456693 3048.818897637795 280.31496062992125 130.70866141732284 III,
992.1259842519685 3048.818897637795 244.09448818897638 130.70866141732284 roi
1132.283464566929 3048.818897637795 209.4488188976378 130.70866141732284 de
1236.2204724409448 3048.818897637795 384.251968503937 130.70866141732284 France.
1516.5354330708662 3048.818897637795 280.31496062992125 130.70866141732284 Elle
1691.3385826771653 3048.818897637795 209.4488188976378 130.70866141732284 se
1796.8503937007874 3048.818897637795 244.09448818897638 130.70866141732284 fit
1900.7874015748032 3048.818897637795 280.31496062992125 130.70866141732284 adorer

500.78740157480314 3160.6299212598424 211.0236220472441 97.63779527559055 du
606.2992125984252 3160.6299212598424 385.8267716535433 97.63779527559055 peuple;
886.6141732283464 3160.6299212598424 245.66929133858267 97.63779527559055 et,
1026.7716535433071 3160.6299212598424 316.53543307086613 97.63779527559055 aidée
1237.7952755905512 3160.6299212598424 245.66929133858267 97.63779527559055 des
1377.9527559055118 3160.6299212598424 422.0472440944882 97.63779527559055 conseils
1694.4881889763778 3160.6299212598424 211.0236220472441 97.63779527559055 du
1800.0 3160.6299212598424 385.8267716535433 97.63779527559055 profond
2045.6692913385828 3160.6299212598424 140.15748031496062 97.63779527559055 et

502.3622047244094 3270.8661417322833 485.03937007874015 135.43307086614172 politique
875.5905511811023 3270.8661417322833 409.4488188976378 135.43307086614172 Ebroin,
1173.2283464566929 3270.8661417322833 335.43307086614175 135.43307086614172 maire
1396.8503937007874 3270.8661417322833 223.6220472440945 135.43307086614172 du
1508.6614173228347 3270.8661417322833 409.4488188976378 135.43307086614172 palais,
1806.2992125984251 3270.8661417322833 297.6377952755906 135.43307086614172 elle
1955.9055118110236 3270.8661417322833 223.6220472440945 135.43307086614172 gou-

503.93700787401576 3393.700787401575 335.43307086614175 113.38582677165354 verna
727.5590551181102 3393.700787401575 297.6377952755906 113.38582677165354 (dit
914.9606299212599 3393.700787401575 447.244094488189 113.38582677165354 Mezeray)
1250.3937007874015 3393.700787401575 297.6377952755906 113.38582677165354 avec
1436.2204724409448 3393.700787401575 373.2283464566929 113.38582677165354 autant
1696.0629921259842 3393.700787401575 223.6220472440945 113.38582677165354 de
1807.8740157480315 3393.700787401575 373.2283464566929 113.38582677165354 bonté,
2031.4960629921259 3393.700787401575 149.60629921259843 113.38582677165354 de

508.66141732283467 3494.488188976378 434.6456692913386 160.62992125984252 prudence
834.6456692913385 3494.488188976378 217.3228346456693 160.62992125984252 et
943.3070866141733 3494.488188976378 217.3228346456693 160.62992125984252 de
1051.9685039370079 3494.488188976378 398.4251968503937 160.62992125984252 justice
1341.732283464567 3494.488188976378 362.20472440944883 160.62992125984252 qu’eût
1596.8503937007874 3494.488188976378 217.3228346456693 160.62992125984252 pu
1705.5118110236222 3494.488188976378 325.98425196850394 160.62992125984252 faire
1922.8346456692914 3494.488188976378 217.3228346456693 160.62992125984252 un
1995.275590551181 3494.488188976378 181.10236220472441 160.62992125984252 bon
