1584 2748
688 163 174 104 (
723 163 174 104 46)

318 258 170 91 pas
415 258 146 91 ce
488 258 219 91 crime
634 258 268 91 impuni:
829 258 268 91 Neptune
1024 258 317 91 engloutit
1243 258 146 91 Ajax

317 337 195 61 dans
438 337 170 61 les
536 337 195 61 eaux
657 337 146 61 au
730 337 243 61 moment
900 337 146 61 où
973 337 146 61 il
1046 337 316 61 échappoit
1265 337 122 61 aux

318 404 269 85 dangers
513 404 195 85 d’un
611 404 269 85 naufrage.

370 477 149 66 Le
445 477 273 66 peintre
643 477 124 66 a
693 477 348 66 représenté
966 477 323 66 Cassandre
1189 477 199 66 implo-

316 549 204 69 rant
443 549 153 69 la
519 549 331 69 vengeance
774 549 153 69 de
851 549 280 69 Minerve
1055 549 255 69 contre
1208 549 178 69 celui

317 634 160 61 qui
408 634 160 61 l’a
500 634 296 61 outragée.
728 634 137 61 On
796 634 182 61 voit
910 634 182 61 près
1024 634 228 61 d’elle
1184 634 160 61 une
1252 634 137 61 cou-

317 688 230 67 ronne
471 688 153 67 de
547 688 306 67 laurier,
777 688 306 67 ornement
1006 688 179 67 des
1083 688 306 67 prétresses

315 757 157 57 de
393 757 314 57 Minerve.
629 757 340 57 Cassandre
891 757 183 57 est
995 757 288 57 appuyée
1179 757 209 57 contre

320 824 240 84 l’autel
495 824 131 84 où
560 824 174 84 elle
669 824 196 84 vient
800 824 262 84 d’offrir
996 824 131 84 un
1061 824 305 84 sacrifice.
1279 824 109 84 Ses

319 892 213 64 mains
462 892 308 64 attachées
699 892 284 64 derrière
912 892 142 64 le
983 892 166 64 dos
1078 892 308 64 annoncent
1291 892 95 64 la

315 961 293 74 violence
534 961 195 74 dont
656 961 195 74 Ajax
778 961 220 74 s’est
924 961 220 74 rendu
1071 961 293 74 coupable
1266 961 122 74 en-

320 1029 174 60 vers
429 1029 196 60 elle.
560 1029 131 60 On
625 1029 262 60 aperçoit
821 1029 131 60 au
887 1029 174 60 fond
996 1029 131 60 la
1061 1029 196 60 ville
1192 1029 131 60 de
1235 1029 153 60 Troie

317 1092 186 64 dont
433 1092 326 64 l’incendie
689 1092 303 64 commence,
922 1092 140 64 et
992 1092 163 64 sur
1085 1092 140 64 le
1132 1092 256 64 péristyle

313 1163 165 84 du
396 1163 276 84 temple
589 1163 221 84 deux
727 1163 303 84 femmes,
948 1163 221 84 dont
1086 1163 193 84 une
1168 1163 221 84 semble

316 1241 279 74 défendre
525 1241 163 74 une
618 1241 209 74 autre
757 1241 209 74 qu’un
896 1241 232 74 soldat
1059 1241 186 74 veut
1152 1241 232 74 égorger.

542 1468 322 105 LAURENT
776 1468 205 105 (J.
864 1468 176 105 A.).

204 1577 197 98 43.
316 1577 365 98 Bathilde,
597 1577 253 98 veuve
766 1577 169 98 de
850 1577 281 98 Clovis
1047 1577 197 98 II,
1159 1577 225 98 rend
1272 1577 112 98 la

387 1666 297 94 liberté
603 1666 135 94 à
657 1666 162 94 de
738 1666 270 94 jeunes
900 1666 297 94 esclaves.

374 1790 198 90 Cette
506 1790 220 90 reine,
660 1790 176 90 dont
770 1790 264 90 l’esprit
967 1790 242 90 égaloit
1143 1790 132 90 la
1187 1790 198 90 beauté,

317 1871 159 66 fut
408 1871 249 66 régente
589 1871 181 66 sous
702 1871 136 66 la
770 1871 272 66 minorité
974 1871 136 66 de
1042 1871 159 66 son
1133 1871 181 66 fils
1223 1871 159 66 aîné,

319 1936 267 83 Clotaire
519 1936 178 83 III,
630 1936 155 83 roi
719 1936 133 83 de
785 1936 244 83 France.
963 1936 178 83 Elle
1074 1936 133 83 se
1141 1936 155 83 fit
1207 1936 178 83 adorer

318 2007 134 62 du
385 2007 245 62 peuple;
563 2007 156 62 et,
652 2007 201 62 aidée
786 2007 156 62 des
875 2007 268 62 conseils
1076 2007 134 62 du
1143 2007 245 62 profond
1299 2007 89 62 et

319 2077 308 86 politique
556 2077 260 86 Ebroin,
745 2077 213 86 maire
887 2077 142 86 du
958 2077 260 86 palais,
1147 2077 189 86 elle
1242 2077 142 86 gou-

320 2155 213 72 verna
462 2155 189 72 (dit
581 2155 284 72 Mezeray)
794 2155 189 72 avec
912 2155 237 72 autant
1077 2155 142 72 de
1148 2155 237 72 bonté,
1290 2155 95 72 de

323 2219 276 102 prudence
530 2219 138 102 et
599 2219 138 102 de
668 2219 253 102 justice
852 2219 230 102 qu’eût
1014 2219 138 102 pu
1083 2219 207 102 faire
1221 2219 138 102 un
1267 2219 115 102 bon
