1536 2706
593 175 179 106 (
629 175 179 106 47)

233 259 193 97 roi.
353 259 241 97 Aussi,
522 259 169 97 dix
619 259 169 97 ans
715 259 265 97 durant,
908 259 145 97 on
980 259 145 97 ne
1053 259 169 97 vit
1125 259 169 97 aucun

236 349 243 63 trouble
413 349 177 63 dans
523 349 155 63 les
612 349 199 63 états
744 349 133 63 de
811 349 155 63 son
899 349 199 63 fils;
1032 349 177 63 mais
1142 349 133 63 ce
1186 349 111 63 qui

237 415 300 60 contribua
468 415 138 60 le
537 415 185 60 plus
652 415 115 60 à
698 415 138 60 sa
767 415 254 60 gloire,
952 415 138 60 ce
1021 415 161 60 fut
1113 415 138 60 la
1160 415 138 60 tou-

237 475 233 75 chante
400 475 233 75 action
563 475 350 75 représentée
843 475 187 75 dans
960 475 140 75 ce
1007 475 233 75 tableau.

286 545 141 89 Du
357 545 212 89 temps
499 545 141 89 de
569 545 306 89 Bathilde,
805 545 259 89 l’usage
994 545 165 89 des
1064 545 236 89 esclaves

239 614 303 80 subsistoit
478 614 238 80 encore;
651 614 173 80 elle
759 614 130 80 le
824 614 152 80 fit
911 614 238 80 abolir,
1084 614 130 80 et
1128 614 173 80 rendit

233 685 127 68 à
283 685 229 68 leurs
436 685 279 68 parents
639 685 152 68 de
715 685 279 68 pauvres
918 685 279 68 enfants
1096 685 203 68 qu’ils

236 763 249 63 avoient
417 763 158 63 été
508 763 226 63 forcés
666 763 136 63 de
734 763 226 63 vendre
892 763 181 63 pour
1005 763 317 63 satisfaire
1231 763 68 63 à

232 826 166 79 des
327 826 213 79 actes
469 826 237 79 odieux
635 826 261 79 qu’elle
824 826 332 79 proscrivit
1085 826 189 79 pour
1180 826 118 79 ja

211 897 178 66 mais.

293 971 141 71 On
363 971 141 71 la
433 971 188 71 voit
551 971 164 71 ici
644 971 235 71 assise
809 971 164 71 sur
902 971 141 71 le
973 971 235 71 trône,
1113 971 188 71 tenant

240 1022 173 84 dans
349 1022 152 84 ses
435 1022 173 84 bras
543 1022 130 84 le
608 1022 195 84 jeune
738 1022 152 84 roi
825 1022 152 84 son
911 1022 195 84 fils.
1041 1022 108 84 A
1085 1022 130 84 sa
1128 1022 173 84 gauche

243 1105 154 56 est
331 1105 242 56 Ebroin,
507 1105 132 56 le
573 1105 198 56 maire
705 1105 132 56 du
771 1105 242 56 palais;
947 1105 198 56 cette
1079 1105 198 56 reine
1189 1105 110 56 ca-

237 1176 222 71 resse
386 1176 148 71 et
460 1176 247 71 semble
633 1176 297 71 consoler
855 1176 148 71 un
929 1176 247 71 enfant
1102 1176 173 71 que
1176 1176 124 71 lui

239 1254 282 59 présente
451 1254 141 59 sa
522 1254 212 59 mère.
663 1254 282 59 D’autres
875 1254 282 59 enfants,
1086 1254 188 59 dont
1180 1254 118 59 Ba-

243 1313 216 67 thilde
395 1313 195 67 brise
525 1313 151 67 les
611 1313 260 67 chaînes,
806 1313 130 67 se
871 1313 238 67 jettent
1044 1313 108 67 à
1087 1313 151 67 ses
1152 1313 151 67 pieds

242 1385 197 66 pour
365 1385 172 66 lui
464 1385 320 66 témoigner
710 1385 197 66 leur
833 1385 467 66 reconnoissance.
1202 1385 98 66 Au

241 1450 180 60 fond
354 1450 135 60 on
422 1450 271 60 aperçoit
625 1450 135 60 un
692 1450 203 60 garde
828 1450 158 60 qui
918 1450 248 60 retient
1098 1450 135 60 la
1143 1450 158 60 foule

241 1526 161 66 qui
333 1526 253 66 cherche
517 1526 115 66 à
564 1526 277 66 pénétrer
771 1526 184 66 pour
886 1526 184 66 voir
1001 1526 138 66 de
1071 1526 184 66 plus
1163 1526 138 66 près

242 1588 139 74 ce
311 1588 279 74 touchant
497 1588 279 74 spectacle.

158 1827 159 89 LE
238 1827 292 89 BARBIER
451 1827 239 89 aîné,
610 1827 266 89 membre
796 1827 159 89 de
876 1827 398 89 l’Institut,
1168 1827 106 89 né

589 1889 138 81 à
617 1889 221 81 Rouen.

131 2014 211 102 44.
251 2014 331 102 Jupiter
492 2014 331 102 endormi
734 2014 211 102 par
824 2014 241 102 Junon.

298 2131 382 93 L’enlèvement
609 2131 143 93 de
681 2131 143 93 la
752 2131 215 93 belle
896 2131 239 93 Hélène
1063 2131 239 93 épouse
1206 2131 96 93 de

250 2210 257 86 Ménélas,
442 2210 150 86 par
528 2210 214 86 Pâris,
678 2210 171 86 fils
785 2210 129 86 de
849 2210 214 86 Priam,
999 2210 150 86 roi
1085 2210 129 86 de
1128 2210 171 86 Troie,
