2418.8976377952754 4261.417322834645
933.8582677165355 275.59055118110234 281.8897637795276 166.9291338582677 (
990.5511811023622 275.59055118110234 281.8897637795276 166.9291338582677 47)

366.92913385826773 407.87401574803147 303.93700787401576 152.75590551181102 roi.
555.9055118110236 407.87401574803147 379.5275590551181 152.75590551181102 Aussi,
822.0472440944882 407.87401574803147 266.1417322834646 152.75590551181102 dix
974.8031496062993 407.87401574803147 266.1417322834646 152.75590551181102 ans
1125.984251968504 407.87401574803147 417.3228346456693 152.75590551181102 durant,
1429.9212598425197 407.87401574803147 228.3464566929134 152.75590551181102 on
1543.3070866141732 407.87401574803147 228.3464566929134 152.75590551181102 ne
1658.267716535433 407.87401574803147 266.1417322834646 152.75590551181102 vit
1771.6535433070867 407.87401574803147 266.1417322834646 152.75590551181102 aucun

371.65354330708664 549.6062992125984 382.6771653543307 99.21259842519684 trouble
650.3937007874016 549.6062992125984 278.74015748031496 99.21259842519684 dans
823.6220472440945 549.6062992125984 244.09448818897638 99.21259842519684 les
963.7795275590552 549.6062992125984 313.38582677165357 99.21259842519684 états
1171.6535433070867 549.6062992125984 209.4488188976378 99.21259842519684 de
1277.1653543307086 549.6062992125984 244.09448818897638 99.21259842519684 son
1415.748031496063 549.6062992125984 313.38582677165357 99.21259842519684 fils;
1625.1968503937007 549.6062992125984 278.74015748031496 99.21259842519684 mais
1798.4251968503936 549.6062992125984 209.4488188976378 99.21259842519684 ce
1867.716535433071 549.6062992125984 174.8031496062992 99.21259842519684 qui

373.2283464566929 653.5433070866142 472.4409448818898 94.48818897637796 contribua
737.007874015748 653.5433070866142 217.3228346456693 94.48818897637796 le
845.6692913385826 653.5433070866142 291.33858267716533 94.48818897637796 plus
1026.7716535433071 653.5433070866142 181.10236220472441 94.48818897637796 à
1099.2125984251968 653.5433070866142 217.3228346456693 94.48818897637796 sa
1207.8740157480315 653.5433070866142 400.0 94.48818897637796 gloire,
1499.2125984251968 653.5433070866142 217.3228346456693 94.48818897637796 ce
1607.8740157480315 653.5433070866142 253.54330708661416 94.48818897637796 fut
1752.755905511811 653.5433070866142 217.3228346456693 94.48818897637796 la
1826.7716535433071 653.5433070866142 217.3228346456693 94.48818897637796 tou-

373.2283464566929 748.0314960629921 366.92913385826773 118.11023622047244 chante
629.9212598425197 748.0314960629921 366.92913385826773 118.11023622047244 action
886.6141732283464 748.0314960629921 551.1811023622047 118.11023622047244 représentée
1327.5590551181103 748.0314960629921 294.48818897637796 118.11023622047244 dans
1511.8110236220473 748.0314960629921 220.4724409448819 118.11023622047244 ce
1585.8267716535433 748.0314960629921 366.92913385826773 118.11023622047244 tableau.

450.3937007874016 858.2677165354331 222.04724409448818 140.15748031496062 Du
562.2047244094488 858.2677165354331 333.8582677165354 140.15748031496062 temps
785.8267716535433 858.2677165354331 222.04724409448818 140.15748031496062 de
896.0629921259842 858.2677165354331 481.8897637795276 140.15748031496062 Bathilde,
1267.716535433071 858.2677165354331 407.87401574803147 140.15748031496062 l’usage
1565.3543307086613 858.2677165354331 259.84251968503935 140.15748031496062 des
1675.5905511811025 858.2677165354331 371.65354330708664 140.15748031496062 esclaves

376.37795275590554 966.9291338582677 477.1653543307087 125.98425196850394 subsistoit
752.7559055118111 966.9291338582677 374.8031496062992 125.98425196850394 encore;
1025.1968503937007 966.9291338582677 272.4409448818898 125.98425196850394 elle
1195.275590551181 966.9291338582677 204.7244094488189 125.98425196850394 le
1297.6377952755906 966.9291338582677 239.37007874015748 125.98425196850394 fit
1434.6456692913387 966.9291338582677 374.8031496062992 125.98425196850394 abolir,
1707.0866141732283 966.9291338582677 204.7244094488189 125.98425196850394 et
1776.3779527559054 966.9291338582677 272.4409448818898 125.98425196850394 rendit

366.92913385826773 1078.740157480315 200.0 107.08661417322834 à
445.6692913385827 1078.740157480315 360.62992125984255 107.08661417322834 leurs
686.6141732283464 1078.740157480315 439.37007874015745 107.08661417322834 parents
1006.2992125984252 1078.740157480315 239.37007874015748 107.08661417322834 de
1125.984251968504 1078.740157480315 439.37007874015745 107.08661417322834 pauvres
1445.6692913385828 1078.740157480315 439.37007874015745 107.08661417322834 enfants
1725.984251968504 1078.740157480315 319.68503937007875 107.08661417322834 qu’ils

371.65354330708664 1201.5748031496064 392.12598425196853 99.21259842519684 avoient
656.6929133858267 1201.5748031496064 248.8188976377953 99.21259842519684 été
800.0 1201.5748031496064 355.90551181102364 99.21259842519684 forcés
1048.8188976377953 1201.5748031496064 214.17322834645668 99.21259842519684 de
1155.9055118110236 1201.5748031496064 355.90551181102364 99.21259842519684 vendre
1404.724409448819 1201.5748031496064 285.03937007874015 99.21259842519684 pour
1582.6771653543308 1201.5748031496064 499.21259842519686 99.21259842519684 satisfaire
1938.5826771653544 1201.5748031496064 107.08661417322834 99.21259842519684 à

365.3543307086614 1300.7874015748032 261.4173228346457 124.40944881889764 des
514.9606299212599 1300.7874015748032 335.43307086614175 124.40944881889764 actes
738.5826771653543 1300.7874015748032 373.2283464566929 124.40944881889764 odieux
1000.0 1300.7874015748032 411.0236220472441 124.40944881889764 qu’elle
1297.6377952755906 1300.7874015748032 522.8346456692914 124.40944881889764 proscrivit
1708.6614173228347 1300.7874015748032 297.6377952755906 124.40944881889764 pour
1858.267716535433 1300.7874015748032 185.82677165354332 124.40944881889764 ja

332.2834645669291 1412.5984251968505 280.31496062992125 103.93700787401575 mais.

461.4173228346457 1529.1338582677165 222.04724409448818 111.81102362204724 On
571.6535433070866 1529.1338582677165 222.04724409448818 111.81102362204724 la
681.8897637795276 1529.1338582677165 296.06299212598424 111.81102362204724 voit
867.7165354330708 1529.1338582677165 258.26771653543307 111.81102362204724 ici
1014.1732283464567 1529.1338582677165 370.0787401574803 111.81102362204724 assise
1274.015748031496 1529.1338582677165 258.26771653543307 111.81102362204724 sur
1420.4724409448818 1529.1338582677165 222.04724409448818 111.81102362204724 le
1532.283464566929 1529.1338582677165 370.0787401574803 111.81102362204724 trône,
1752.755905511811 1529.1338582677165 296.06299212598424 111.81102362204724 tenant

377.9527559055118 1609.4488188976377 272.4409448818898 132.28346456692913 dans
549.6062992125984 1609.4488188976377 239.37007874015748 132.28346456692913 ses
685.0393700787401 1609.4488188976377 272.4409448818898 132.28346456692913 bras
855.1181102362204 1609.4488188976377 204.7244094488189 132.28346456692913 le
957.4803149606299 1609.4488188976377 307.0866141732283 132.28346456692913 jeune
1162.2047244094488 1609.4488188976377 239.37007874015748 132.28346456692913 roi
1299.2125984251968 1609.4488188976377 239.37007874015748 132.28346456692913 son
1434.6456692913387 1609.4488188976377 307.0866141732283 132.28346456692913 fils.
1639.3700787401574 1609.4488188976377 170.07874015748033 132.28346456692913 A
1708.6614173228347 1609.4488188976377 204.7244094488189 132.28346456692913 sa
1776.3779527559054 1609.4488188976377 272.4409448818898 132.28346456692913 gauche

382.6771653543307 1740.1574803149606 242.51968503937007 88.18897637795276 est
521.2598425196851 1740.1574803149606 381.1023622047244 88.18897637795276 Ebroin,
798.4251968503937 1740.1574803149606 207.8740157480315 88.18897637795276 le
902.3622047244095 1740.1574803149606 311.81102362204723 88.18897637795276 maire
1110.236220472441 1740.1574803149606 207.8740157480315 88.18897637795276 du
1214.1732283464567 1740.1574803149606 381.1023622047244 88.18897637795276 palais;
1491.3385826771653 1740.1574803149606 311.81102362204723 88.18897637795276 cette
1699.2125984251968 1740.1574803149606 311.81102362204723 88.18897637795276 reine
1872.4409448818897 1740.1574803149606 173.22834645669292 88.18897637795276 ca-

373.2283464566929 1851.9685039370079 349.6062992125984 111.81102362204724 resse
607.8740157480315 1851.9685039370079 233.0708661417323 111.81102362204724 et
724.4094488188977 1851.9685039370079 388.9763779527559 111.81102362204724 semble
996.8503937007874 1851.9685039370079 467.7165354330709 111.81102362204724 consoler
1346.4566929133857 1851.9685039370079 233.0708661417323 111.81102362204724 un
1462.992125984252 1851.9685039370079 388.9763779527559 111.81102362204724 enfant
1735.4330708661416 1851.9685039370079 272.4409448818898 111.81102362204724 que
1851.9685039370079 1851.9685039370079 195.2755905511811 111.81102362204724 lui

376.37795275590554 1974.8031496062993 444.09448818897636 92.91338582677166 présente
710.2362204724409 1974.8031496062993 222.04724409448818 92.91338582677166 sa
822.0472440944882 1974.8031496062993 333.8582677165354 92.91338582677166 mère.
1044.0944881889764 1974.8031496062993 444.09448818897636 92.91338582677166 D’autres
1377.9527559055118 1974.8031496062993 444.09448818897636 92.91338582677166 enfants,
1710.236220472441 1974.8031496062993 296.06299212598424 92.91338582677166 dont
1858.267716535433 1974.8031496062993 185.82677165354332 92.91338582677166 Ba-

382.6771653543307 2067.716535433071 340.15748031496065 105.51181102362204 thilde
622.0472440944882 2067.716535433071 307.0866141732283 105.51181102362204 brise
826.7716535433071 2067.716535433071 237.79527559055117 105.51181102362204 les
962.2047244094488 2067.716535433071 409.4488188976378 105.51181102362204 chaînes,
1269.291338582677 2067.716535433071 204.7244094488189 105.51181102362204 se
1371.6535433070867 2067.716535433071 374.8031496062992 105.51181102362204 jettent
1644.0944881889764 2067.716535433071 170.07874015748033 105.51181102362204 à
1711.8110236220473 2067.716535433071 237.79527559055117 105.51181102362204 ses
1814.1732283464567 2067.716535433071 237.79527559055117 105.51181102362204 pieds

381.1023622047244 2181.1023622047246 310.23622047244095 103.93700787401575 pour
574.8031496062993 2181.1023622047246 270.86614173228344 103.93700787401575 lui
730.7086614173228 2181.1023622047246 503.93700787401576 103.93700787401575 témoigner
1118.1102362204724 2181.1023622047246 310.23622047244095 103.93700787401575 leur
1311.8110236220473 2181.1023622047246 735.4330708661417 103.93700787401575 reconnoissance.
1892.9133858267717 2181.1023622047246 154.33070866141733 103.93700787401575 Au

379.5275590551181 2283.464566929134 283.46456692913387 94.48818897637796 fond
557.4803149606299 2283.464566929134 212.5984251968504 94.48818897637796 on
664.5669291338583 2283.464566929134 426.7716535433071 94.48818897637796 aperçoit
984.2519685039371 2283.464566929134 212.5984251968504 94.48818897637796 un
1089.763779527559 2283.464566929134 319.68503937007875 94.48818897637796 garde
1303.9370078740158 2283.464566929134 248.8188976377953 94.48818897637796 qui
1445.6692913385828 2283.464566929134 390.5511811023622 94.48818897637796 retient
1729.1338582677165 2283.464566929134 212.5984251968504 94.48818897637796 la
1800.0 2283.464566929134 248.8188976377953 94.48818897637796 foule

379.5275590551181 2403.149606299213 253.54330708661416 103.93700787401575 qui
524.4094488188977 2403.149606299213 398.4251968503937 103.93700787401575 cherche
814.1732283464567 2403.149606299213 181.10236220472441 103.93700787401575 à
888.1889763779527 2403.149606299213 436.2204724409449 103.93700787401575 pénétrer
1214.1732283464567 2403.149606299213 289.76377952755905 103.93700787401575 pour
1395.275590551181 2403.149606299213 289.76377952755905 103.93700787401575 voir
1576.3779527559054 2403.149606299213 217.3228346456693 103.93700787401575 de
1686.6141732283465 2403.149606299213 289.76377952755905 103.93700787401575 plus
1831.4960629921259 2403.149606299213 217.3228346456693 103.93700787401575 près

381.1023622047244 2500.787401574803 218.89763779527559 116.53543307086615 ce
489.76377952755905 2500.787401574803 439.37007874015745 116.53543307086615 touchant
782.6771653543307 2500.787401574803 439.37007874015745 116.53543307086615 spectacle.

248.8188976377953 2877.165354330709 250.39370078740157 140.15748031496062 LE
374.8031496062992 2877.165354330709 459.84251968503935 140.15748031496062 BARBIER
710.2362204724409 2877.165354330709 376.37795275590554 140.15748031496062 aîné,
960.6299212598425 2877.165354330709 418.8976377952756 140.15748031496062 membre
1253.5433070866143 2877.165354330709 250.39370078740157 140.15748031496062 de
1379.5275590551182 2877.165354330709 626.7716535433071 140.15748031496062 l’Institut,
1839.3700787401574 2877.165354330709 166.9291338582677 140.15748031496062 né

927.5590551181102 2974.803149606299 217.3228346456693 127.55905511811024 à
971.6535433070866 2974.803149606299 348.0314960629921 127.55905511811024 Rouen.

206.29921259842519 3171.6535433070867 332.2834645669291 160.62992125984252 44.
395.2755905511811 3171.6535433070867 521.2598425196851 160.62992125984252 Jupiter
774.8031496062993 3171.6535433070867 521.2598425196851 160.62992125984252 endormi
1155.9055118110236 3171.6535433070867 332.2834645669291 160.62992125984252 par
1297.6377952755906 3171.6535433070867 379.5275590551181 160.62992125984252 Junon.

469.29133858267716 3355.9055118110236 601.5748031496063 146.45669291338584 L’enlèvement
959.0551181102362 3355.9055118110236 225.1968503937008 146.45669291338584 de
1072.4409448818897 3355.9055118110236 225.1968503937008 146.45669291338584 la
1184.251968503937 3355.9055118110236 338.5826771653543 146.45669291338584 belle
1411.023622047244 3355.9055118110236 376.37795275590554 146.45669291338584 Hélène
1674.015748031496 3355.9055118110236 376.37795275590554 146.45669291338584 épouse
1899.2125984251968 3355.9055118110236 151.1811023622047 146.45669291338584 de

393.7007874015748 3480.314960629921 404.7244094488189 135.43307086614172 Ménélas,
696.0629921259842 3480.314960629921 236.2204724409449 135.43307086614172 par
831.496062992126 3480.314960629921 337.00787401574803 135.43307086614172 Pâris,
1067.716535433071 3480.314960629921 269.29133858267716 135.43307086614172 fils
1236.2204724409448 3480.314960629921 203.1496062992126 135.43307086614172 de
1337.007874015748 3480.314960629921 337.00787401574803 135.43307086614172 Priam,
1573.2283464566929 3480.314960629921 236.2204724409449 135.43307086614172 roi
1708.6614173228347 3480.314960629921 203.1496062992126 135.43307086614172 de
1776.3779527559054 3480.314960629921 269.29133858267716 135.43307086614172 Troie,
