1581 2736
687 152 187 112 (
724 152 187 112 48)

326 260 214 78 ayant
469 260 261 78 suscité
658 260 142 78 la
730 260 237 78 guerre
896 260 214 78 entre
1038 260 142 78 la
1109 260 214 78 Grèce
1252 260 142 78 et
1299 260 95 78 la

326 334 274 81 Phrygie,
532 334 251 81 l’armée
714 334 160 81 des
806 334 205 81 Grecs
942 334 342 81 s’assembla,
1216 334 137 81 et
1262 334 137 81 vint

326 406 268 68 assiéger
527 406 201 68 cette
661 406 223 68 ville.
817 406 134 68 La
884 406 223 68 valeur
1041 406 268 68 d’Hector
1242 406 134 68 en
1286 406 112 68 re-

323 477 256 65 tardoit
509 477 140 65 la
579 477 233 65 prise,
742 477 233 65 malgré
905 477 140 65 la
975 477 326 65 protection
1209 477 186 65 qu’ac-

322 546 275 81 cordoit
522 546 175 81 aux
622 546 225 81 Grecs
772 546 250 81 Junon,
946 546 250 81 épeuse
1121 546 150 81 et
1196 546 200 81 sœur
1296 546 100 81 de

319 617 307 68 Jupiter.
550 617 154 68 Ce
627 617 205 68 dieu
755 617 230 68 ayant
908 617 282 68 ordonné
1113 617 179 68 aux
1190 617 205 68 autres

324 687 303 79 divinités
557 687 140 79 de
627 687 233 79 garder
790 687 186 79 dans
906 687 210 79 cette
1046 687 233 79 guerre
1210 687 163 79 une
1279 687 117 79 ri-

321 753 281 73 goureuse
531 753 351 73 neutralité,
812 753 140 73 se
882 753 210 73 plaça
1022 753 164 73 sur
1115 753 140 73 le
1186 753 187 73 mont
1279 753 117 73 Ida

321 822 191 72 pour
440 822 310 72 s’assurer
679 822 143 72 de
751 822 358 72 l’exécution
1037 822 143 72 de
1109 822 167 72 ses
1180 822 215 72 ordres.

319 891 183 78 Mais
433 891 228 78 Junon,
593 891 251 78 voulant
776 891 160 78 les
868 891 251 78 éluder,
1050 891 137 78 se
1119 891 183 78 para
1233 891 137 78 de
1279 891 114 78 ses

316 958 210 84 plus
447 958 263 84 riches
631 958 368 84 ornements,
920 958 315 84 emprunta
1157 958 158 84 de
1209 958 184 84 Vénus

315 1028 157 89 sa
393 1028 289 89 fameuse
603 1028 341 89 ceinture,
866 1028 157 89 et
944 1028 289 89 engagea
1128 1028 236 89 Morphée

316 1098 215 73 dieu
450 1098 161 73 du
531 1098 322 73 sommeil,
773 1098 134 73 à
827 1098 322 73 endormir
1069 1098 161 73 le
1149 1098 215 73 père
1257 1098 134 73 des

315 1161 239 90 dieux.
482 1161 143 90 De
554 1161 143 90 là
626 1161 191 90 elle
745 1161 143 90 va
817 1161 263 90 trouver
1008 1161 167 90 son
1104 1161 191 90 mari
1224 1161 167 90 sur
1295 1161 96 90 le

320 1242 178 70 mont
431 1242 178 70 Ida,
543 1242 290 70 s’asseoit
766 1242 223 70 auprès
922 1242 134 70 de
989 1242 178 70 lui,
1100 1242 156 70 lui
1167 1242 223 70 prodigue

315 1310 167 78 les
411 1310 191 78 plus
530 1310 238 78 douces
697 1310 310 78 caresses,
935 1310 238 78 tandis
1102 1310 167 78 que
1197 1310 143 78 le
1245 1310 143 78 Som-

315 1375 205 74 meil,
452 1375 319 74 voltigeant
703 1375 182 74 dans
817 1375 160 74 les
908 1375 205 74 airs,
1045 1375 228 74 répand
1205 1375 160 74 sur
1273 1375 114 74 Ju-

318 1448 196 76 piter
449 1448 153 76 ses
536 1448 218 76 pavots
689 1448 371 76 soporifiques.
994 1448 131 76 Le
1060 1448 175 76 dieu
1147 1448 240 76 s’endort,

315 1512 137 90 et
384 1512 205 90 Junon
520 1512 319 90 satisfaite
771 1512 251 90 profite
954 1512 137 90 de
1022 1512 137 90 ce
1091 1512 251 90 sommeil
1250 1512 137 90 pour

316 1581 238 92 donner
483 1581 143 92 la
554 1581 286 92 victoire
768 1581 167 92 aux
840 1581 190 92 Grecs.

205 1778 356 83 LEMONNIER
479 1778 384 83 (Charles),
780 1778 164 83 né
862 1778 137 83 à
917 1778 274 83 Rouen,
1082 1778 301 83 Seine-

283 1845 359 90 férieure,
559 1845 276 90 membre
752 1845 166 90 de
835 1845 386 90 l’ancienne
1111 1845 276 90 Académie

289 1915 238 93 royale
456 1915 143 93 de
504 1915 262 93 peinture.

205 2017 212 122 45.
326 2017 455 122 Cléombrote,
690 2017 182 122 ou
781 2017 334 122 l’Amour
993 2017 334 122 conjugal.

376 2124 302 106 Léonidas
603 2124 227 106 avoit
754 2124 176 106 été
855 2124 277 106 détrôné
1056 2124 151 106 et
1132 2124 252 106 chassé
1283 2124 101 106 de

319 2209 273 98 Sparte
510 2209 191 98 par
619 2209 382 98 Cléombrote
920 2209 191 98 son
1029 2209 300 98 gendre;
1220 2209 164 98 mais
