2489.763779527559 4308.6614173228345
1081.8897637795276 239.37007874015748 294.48818897637796 176.3779527559055 (
1140.1574803149606 239.37007874015748 294.48818897637796 176.3779527559055 48)

513.3858267716536 409.4488188976378 337.00787401574803 122.83464566929133 ayant
738.5826771653543 409.4488188976378 411.0236220472441 122.83464566929133 suscité
1036.2204724409448 409.4488188976378 223.6220472440945 122.83464566929133 la
1149.6062992125985 409.4488188976378 373.2283464566929 122.83464566929133 guerre
1411.023622047244 409.4488188976378 337.00787401574803 122.83464566929133 entre
1634.6456692913387 409.4488188976378 223.6220472440945 122.83464566929133 la
1746.4566929133857 409.4488188976378 337.00787401574803 122.83464566929133 Grèce
1971.6535433070867 409.4488188976378 223.6220472440945 122.83464566929133 et
2045.6692913385828 409.4488188976378 149.60629921259843 122.83464566929133 la

513.3858267716536 525.9842519685039 431.496062992126 127.55905511811024 Phrygie,
837.7952755905512 525.9842519685039 395.2755905511811 127.55905511811024 l’armée
1124.4094488188975 525.9842519685039 251.96850393700788 127.55905511811024 des
1269.291338582677 525.9842519685039 322.8346456692913 127.55905511811024 Grecs
1483.4645669291338 525.9842519685039 538.5826771653543 127.55905511811024 s’assembla,
1914.9606299212599 525.9842519685039 215.748031496063 127.55905511811024 et
1987.4015748031495 525.9842519685039 215.748031496063 127.55905511811024 vint

513.3858267716536 639.3700787401575 422.0472440944882 107.08661417322834 assiéger
829.9212598425197 639.3700787401575 316.53543307086613 107.08661417322834 cette
1040.9448818897638 639.3700787401575 351.18110236220474 107.08661417322834 ville.
1286.6141732283465 639.3700787401575 211.0236220472441 107.08661417322834 La
1392.1259842519685 639.3700787401575 351.18110236220474 107.08661417322834 valeur
1639.3700787401574 639.3700787401575 422.0472440944882 107.08661417322834 d’Hector
1955.9055118110236 639.3700787401575 211.0236220472441 107.08661417322834 en
2025.1968503937007 639.3700787401575 176.3779527559055 107.08661417322834 re-

508.66141732283467 751.1811023622047 403.1496062992126 102.36220472440945 tardoit
801.5748031496063 751.1811023622047 220.4724409448819 102.36220472440945 la
911.8110236220473 751.1811023622047 366.92913385826773 102.36220472440945 prise,
1168.5039370078741 751.1811023622047 366.92913385826773 102.36220472440945 malgré
1425.1968503937007 751.1811023622047 220.4724409448819 102.36220472440945 la
1535.4330708661416 751.1811023622047 513.3858267716536 102.36220472440945 protection
1903.9370078740158 751.1811023622047 292.9133858267717 102.36220472440945 qu’ac-

507.0866141732283 859.8425196850394 433.07086614173227 127.55905511811024 cordoit
822.0472440944882 859.8425196850394 275.59055118110234 127.55905511811024 aux
979.5275590551181 859.8425196850394 354.3307086614173 127.55905511811024 Grecs
1215.748031496063 859.8425196850394 393.7007874015748 127.55905511811024 Junon,
1489.763779527559 859.8425196850394 393.7007874015748 127.55905511811024 épeuse
1765.3543307086613 859.8425196850394 236.2204724409449 127.55905511811024 et
1883.4645669291338 859.8425196850394 314.96062992125985 127.55905511811024 sœur
2040.9448818897638 859.8425196850394 157.48031496062993 127.55905511811024 de

502.3622047244094 971.6535433070866 483.46456692913387 107.08661417322834 Jupiter.
866.1417322834645 971.6535433070866 242.51968503937007 107.08661417322834 Ce
987.4015748031496 971.6535433070866 322.8346456692913 107.08661417322834 dieu
1188.976377952756 971.6535433070866 362.20472440944883 107.08661417322834 ayant
1429.9212598425197 971.6535433070866 444.09448818897636 107.08661417322834 ordonné
1752.755905511811 971.6535433070866 281.8897637795276 107.08661417322834 aux
1874.015748031496 971.6535433070866 322.8346456692913 107.08661417322834 autres

510.23622047244095 1081.8897637795276 477.1653543307087 124.40944881889764 divinités
877.1653543307086 1081.8897637795276 220.4724409448819 124.40944881889764 de
987.4015748031496 1081.8897637795276 366.92913385826773 124.40944881889764 garder
1244.0944881889764 1081.8897637795276 292.9133858267717 124.40944881889764 dans
1426.7716535433071 1081.8897637795276 330.70866141732284 124.40944881889764 cette
1647.244094488189 1081.8897637795276 366.92913385826773 124.40944881889764 guerre
1905.5118110236222 1081.8897637795276 256.6929133858268 124.40944881889764 une
2014.1732283464567 1081.8897637795276 184.251968503937 124.40944881889764 ri-

505.51181102362204 1185.8267716535433 442.5196850393701 114.96062992125984 goureuse
836.2204724409448 1185.8267716535433 552.7559055118111 114.96062992125984 neutralité,
1278.740157480315 1185.8267716535433 220.4724409448819 114.96062992125984 se
1388.976377952756 1185.8267716535433 330.70866141732284 114.96062992125984 plaça
1609.4488188976377 1185.8267716535433 258.26771653543307 114.96062992125984 sur
1755.9055118110236 1185.8267716535433 220.4724409448819 114.96062992125984 le
1867.716535433071 1185.8267716535433 294.48818897637796 114.96062992125984 mont
2014.1732283464567 1185.8267716535433 184.251968503937 114.96062992125984 Ida

505.51181102362204 1294.4881889763778 300.78740157480314 113.38582677165354 pour
692.9133858267717 1294.4881889763778 488.18897637795277 113.38582677165354 s’assurer
1069.291338582677 1294.4881889763778 225.1968503937008 113.38582677165354 de
1182.6771653543308 1294.4881889763778 563.7795275590552 113.38582677165354 l’exécution
1633.0708661417323 1294.4881889763778 225.1968503937008 113.38582677165354 de
1746.4566929133857 1294.4881889763778 262.99212598425197 113.38582677165354 ses
1858.267716535433 1294.4881889763778 338.5826771653543 113.38582677165354 ordres.

502.3622047244094 1403.1496062992126 288.18897637795277 122.83464566929133 Mais
681.8897637795276 1403.1496062992126 359.0551181102362 122.83464566929133 Junon,
933.8582677165355 1403.1496062992126 395.2755905511811 122.83464566929133 voulant
1222.0472440944882 1403.1496062992126 251.96850393700788 122.83464566929133 les
1366.9291338582677 1403.1496062992126 395.2755905511811 122.83464566929133 éluder,
1653.5433070866143 1403.1496062992126 215.748031496063 122.83464566929133 se
1762.2047244094488 1403.1496062992126 288.18897637795277 122.83464566929133 para
1941.732283464567 1403.1496062992126 215.748031496063 122.83464566929133 de
2014.1732283464567 1403.1496062992126 179.5275590551181 122.83464566929133 ses

497.6377952755906 1508.6614173228347 330.70866141732284 132.28346456692913 plus
703.9370078740158 1508.6614173228347 414.1732283464567 132.28346456692913 riches
993.7007874015748 1508.6614173228347 579.5275590551181 132.28346456692913 ornements,
1448.8188976377953 1508.6614173228347 496.06299212598424 132.28346456692913 emprunta
1822.0472440944882 1508.6614173228347 248.8188976377953 132.28346456692913 de
1903.9370078740158 1508.6614173228347 289.76377952755905 132.28346456692913 Vénus

496.06299212598424 1618.8976377952756 247.24409448818898 140.15748031496062 sa
618.8976377952756 1618.8976377952756 455.11811023622045 140.15748031496062 fameuse
949.6062992125984 1618.8976377952756 537.007874015748 140.15748031496062 ceinture,
1363.7795275590552 1618.8976377952756 247.24409448818898 140.15748031496062 et
1486.6141732283465 1618.8976377952756 455.11811023622045 140.15748031496062 engagea
1776.3779527559054 1618.8976377952756 371.65354330708664 140.15748031496062 Morphée

497.6377952755906 1729.1338582677165 338.5826771653543 114.96062992125984 dieu
708.6614173228346 1729.1338582677165 253.54330708661416 114.96062992125984 du
836.2204724409448 1729.1338582677165 507.0866141732283 114.96062992125984 sommeil,
1217.3228346456692 1729.1338582677165 211.0236220472441 114.96062992125984 à
1302.3622047244094 1729.1338582677165 507.0866141732283 114.96062992125984 endormir
1683.4645669291338 1729.1338582677165 253.54330708661416 114.96062992125984 le
1809.4488188976377 1729.1338582677165 338.5826771653543 114.96062992125984 père
1979.5275590551182 1729.1338582677165 211.0236220472441 114.96062992125984 des

496.06299212598424 1828.3464566929133 376.37795275590554 141.73228346456693 dieux.
759.0551181102362 1828.3464566929133 225.1968503937008 141.73228346456693 De
872.4409448818898 1828.3464566929133 225.1968503937008 141.73228346456693 là
985.8267716535433 1828.3464566929133 300.78740157480314 141.73228346456693 elle
1173.2283464566929 1828.3464566929133 225.1968503937008 141.73228346456693 va
1286.6141732283465 1828.3464566929133 414.1732283464567 141.73228346456693 trouver
1587.4015748031495 1828.3464566929133 262.99212598425197 141.73228346456693 son
1738.5826771653544 1828.3464566929133 300.78740157480314 141.73228346456693 mari
1927.5590551181103 1828.3464566929133 262.99212598425197 141.73228346456693 sur
2039.3700787401574 1828.3464566929133 151.1811023622047 141.73228346456693 le

503.93700787401576 1955.9055118110236 280.31496062992125 110.23622047244095 mont
678.7401574803149 1955.9055118110236 280.31496062992125 110.23622047244095 Ida,
855.1181102362204 1955.9055118110236 456.6929133858268 110.23622047244095 s’asseoit
1206.2992125984251 1955.9055118110236 351.18110236220474 110.23622047244095 auprès
1451.9685039370079 1955.9055118110236 211.0236220472441 110.23622047244095 de
1557.4803149606298 1955.9055118110236 280.31496062992125 110.23622047244095 lui,
1732.283464566929 1955.9055118110236 245.66929133858267 110.23622047244095 lui
1837.7952755905512 1955.9055118110236 351.18110236220474 110.23622047244095 prodigue

496.06299212598424 2062.9921259842517 262.99212598425197 122.83464566929133 les
647.2440944881889 2062.9921259842517 300.78740157480314 122.83464566929133 plus
834.6456692913385 2062.9921259842517 374.8031496062992 122.83464566929133 douces
1097.6377952755906 2062.9921259842517 488.18897637795277 122.83464566929133 caresses,
1472.4409448818897 2062.9921259842517 374.8031496062992 122.83464566929133 tandis
1735.4330708661416 2062.9921259842517 262.99212598425197 122.83464566929133 que
1885.0393700787401 2062.9921259842517 225.1968503937008 122.83464566929133 le
1960.6299212598426 2062.9921259842517 225.1968503937008 122.83464566929133 Som-

496.06299212598424 2165.3543307086616 322.8346456692913 116.53543307086615 meil,
711.8110236220473 2165.3543307086616 502.3622047244094 116.53543307086615 voltigeant
1107.0866141732283 2165.3543307086616 286.61417322834643 116.53543307086615 dans
1286.6141732283465 2165.3543307086616 251.96850393700788 116.53543307086615 les
1429.9212598425197 2165.3543307086616 322.8346456692913 116.53543307086615 airs,
1645.6692913385828 2165.3543307086616 359.0551181102362 116.53543307086615 répand
1897.6377952755906 2165.3543307086616 251.96850393700788 116.53543307086615 sur
2004.724409448819 2165.3543307086616 179.5275590551181 116.53543307086615 Ju-

500.78740157480314 2280.314960629921 308.66141732283467 119.68503937007874 piter
707.0866141732283 2280.314960629921 240.9448818897638 119.68503937007874 ses
844.0944881889764 2280.314960629921 343.3070866141732 119.68503937007874 pavots
1085.0393700787401 2280.314960629921 584.2519685039371 119.68503937007874 soporifiques.
1565.3543307086613 2280.314960629921 206.29921259842519 119.68503937007874 Le
1669.291338582677 2280.314960629921 275.59055118110234 119.68503937007874 dieu
1806.2992125984251 2280.314960629921 377.9527559055118 119.68503937007874 s’endort,

496.06299212598424 2381.1023622047246 215.748031496063 141.73228346456693 et
604.7244094488188 2381.1023622047246 322.8346456692913 141.73228346456693 Junon
818.8976377952756 2381.1023622047246 502.3622047244094 141.73228346456693 satisfaite
1214.1732283464567 2381.1023622047246 395.2755905511811 141.73228346456693 profite
1502.3622047244094 2381.1023622047246 215.748031496063 141.73228346456693 de
1609.4488188976377 2381.1023622047246 215.748031496063 141.73228346456693 ce
1718.1102362204724 2381.1023622047246 395.2755905511811 141.73228346456693 sommeil
1968.5039370078741 2381.1023622047246 215.748031496063 141.73228346456693 pour

497.6377952755906 2489.763779527559 374.8031496062992 144.88188976377953 donner
760.6299212598425 2489.763779527559 225.1968503937008 144.88188976377953 la
872.4409448818898 2489.763779527559 450.3937007874016 144.88188976377953 victoire
1209.4488188976377 2489.763779527559 262.99212598425197 144.88188976377953 aux
1322.8346456692914 2489.763779527559 299.21259842519686 144.88188976377953 Grecs.

322.8346456692913 2800.0 560.6299212598425 130.70866141732284 LEMONNIER
754.3307086614174 2800.0 604.7244094488188 130.70866141732284 (Charles),
1228.3464566929133 2800.0 258.26771653543307 130.70866141732284 né
1357.4803149606298 2800.0 215.748031496063 130.70866141732284 à
1444.0944881889764 2800.0 431.496062992126 130.70866141732284 Rouen,
1703.9370078740158 2800.0 474.01574803149606 130.70866141732284 Seine-

445.6692913385827 2905.511811023622 565.3543307086615 141.73228346456693 férieure,
880.3149606299213 2905.511811023622 434.6456692913386 141.73228346456693 membre
1184.251968503937 2905.511811023622 261.4173228346457 141.73228346456693 de
1314.9606299212599 2905.511811023622 607.8740157480315 141.73228346456693 l’ancienne
1749.6062992125985 2905.511811023622 434.6456692913386 141.73228346456693 Académie

455.11811023622045 3015.748031496063 374.8031496062992 146.45669291338584 royale
718.1102362204724 3015.748031496063 225.1968503937008 146.45669291338584 de
793.7007874015748 3015.748031496063 412.59842519685037 146.45669291338584 peinture.

322.8346456692913 3176.3779527559054 333.8582677165354 192.1259842519685 45.
513.3858267716536 3176.3779527559054 716.5354330708661 192.1259842519685 Cléombrote,
1086.6141732283465 3176.3779527559054 286.61417322834643 192.1259842519685 ou
1229.9212598425197 3176.3779527559054 525.9842519685039 192.1259842519685 l’Amour
1563.7795275590552 3176.3779527559054 525.9842519685039 192.1259842519685 conjugal.

592.1259842519685 3344.8818897637793 475.59055118110234 166.9291338582677 Léonidas
949.6062992125984 3344.8818897637793 357.4803149606299 166.9291338582677 avoit
1187.4015748031495 3344.8818897637793 277.1653543307087 166.9291338582677 été
1346.4566929133857 3344.8818897637793 436.2204724409449 166.9291338582677 détrôné
1662.992125984252 3344.8818897637793 237.79527559055117 166.9291338582677 et
1782.6771653543308 3344.8818897637793 396.8503937007874 166.9291338582677 chassé
2020.4724409448818 3344.8818897637793 159.0551181102362 166.9291338582677 de

502.3622047244094 3478.740157480315 429.9212598425197 154.33070866141733 Sparte
803.1496062992126 3478.740157480315 300.78740157480314 154.33070866141733 par
974.8031496062993 3478.740157480315 601.5748031496063 154.33070866141733 Cléombrote
1448.8188976377953 3478.740157480315 300.78740157480314 154.33070866141733 son
1620.4724409448818 3478.740157480315 472.4409448818898 154.33070866141733 gendre;
1921.259842519685 3478.740157480315 258.26771653543307 154.33070866141733 mais
