2423.6220472440946 4251.968503937008
796.8503937007874 247.24409448818898 305.51181102362204 163.7795275590551 (
858.2677165354331 247.24409448818898 305.51181102362204 163.7795275590551 49)

266.1417322834646 406.2992125984252 437.79527559055117 118.11023622047244 lorsque,
593.7007874015748 406.2992125984252 474.01574803149606 118.11023622047244 vainqueur
957.4803149606299 406.2992125984252 182.6771653543307 118.11023622047244 à
1031.4960629921259 406.2992125984252 255.11811023622047 118.11023622047244 son
1176.3779527559054 406.2992125984252 327.5590551181102 118.11023622047244 tour,
1395.275590551181 406.2992125984252 218.89763779527559 118.11023622047244 il
1503.9370078740158 406.2992125984252 363.7795275590551 118.11023622047244 rentra
1722.8346456692914 406.2992125984252 218.89763779527559 118.11023622047244 dans

270.86614173228344 522.8346456692914 300.78740157480314 124.40944881889764 cette
470.86614173228344 522.8346456692914 333.8582677165354 124.40944881889764 ville,
703.9370078740158 522.8346456692914 467.7165354330709 124.40944881889764 Cléombrote
1072.4409448818897 522.8346456692914 233.0708661417323 124.40944881889764 fut
1206.2992125984251 522.8346456692914 333.8582677165354 124.40944881889764 réduit
1439.3700787401574 522.8346456692914 166.9291338582677 124.40944881889764 à
1505.5118110236222 522.8346456692914 200.0 124.40944881889764 se
1573.2283464566929 522.8346456692914 366.92913385826773 124.40944881889764 réfugier,

266.1417322834646 623.6220472440945 532.2834645669292 113.38582677165354 suppliant,
683.4645669291339 623.6220472440945 303.93700787401576 113.38582677165354 dans
874.0157480314961 623.6220472440945 228.3464566929134 113.38582677165354 un
988.9763779527559 623.6220472440945 379.5275590551181 113.38582677165354 temple
1253.5433070866143 623.6220472440945 228.3464566929134 113.38582677165354 de
1368.5039370078741 623.6220472440945 456.6929133858268 113.38582677165354 Neptune,
1710.236220472441 623.6220472440945 228.3464566929134 113.38582677165354 où
1785.8267716535433 623.6220472440945 152.75590551181102 113.38582677165354 le

269.29133858267716 730.7086614173228 499.21259842519686 140.15748031496062 vainqueur,
661.4173228346457 730.7086614173228 214.17322834645668 140.15748031496062 si
768.503937007874 730.7086614173228 462.99212598425197 140.15748031496062 justement
1124.4094488188975 730.7086614173228 355.90551181102364 140.15748031496062 irrité
1373.2283464566929 730.7086614173228 355.90551181102364 140.15748031496062 contre
1623.6220472440946 730.7086614173228 248.8188976377953 140.15748031496062 son
1729.1338582677165 730.7086614173228 214.17322834645668 140.15748031496062 gen-

269.29133858267716 848.8188976377953 285.03937007874015 140.15748031496062 dre,
447.244094488189 848.8188976377953 319.68503937007875 140.15748031496062 vient
661.4173228346457 848.8188976377953 285.03937007874015 140.15748031496062 pour
839.3700787401575 848.8188976377953 285.03937007874015 140.15748031496062 l’en
1017.3228346456693 848.8188976377953 462.99212598425197 140.15748031496062 arracher,
1373.2283464566929 848.8188976377953 214.17322834645668 140.15748031496062 et
1480.3149606299212 848.8188976377953 248.8188976377953 140.15748031496062 lui
1587.4015748031495 848.8188976377953 355.90551181102364 140.15748031496062 adresser

272.4409448818898 962.2047244094488 217.3228346456693 130.70866141732284 de
381.1023622047244 962.2047244094488 289.76377952755905 130.70866141732284 vifs
525.9842519685039 962.2047244094488 433.07086614173227 130.70866141732284 reproches.

355.90551181102364 1062.992125984252 529.1338582677165 121.25984251968504 Chélonis,
762.2047244094488 1062.992125984252 365.3543307086614 121.25984251968504 fille
1006.2992125984252 1062.992125984252 244.09448818897638 121.25984251968504 de
1129.1338582677165 1062.992125984252 529.1338582677165 121.25984251968504 Léonidas,
1535.4330708661416 1062.992125984252 325.98425196850394 121.25984251968504 qui,
1697.6377952755906 1062.992125984252 244.09448818897638 121.25984251968504 pour

267.7165354330709 1192.1259842519685 365.3543307086614 108.66141732283465 suivre
522.8346456692914 1192.1259842519685 255.11811023622047 108.66141732283465 son
669.2913385826772 1192.1259842519685 291.33858267716533 108.66141732283465 père
851.9685039370079 1192.1259842519685 291.33858267716533 108.66141732283465 dans
1034.6456692913387 1192.1259842519685 218.89763779527559 108.66141732283465 le
1143.3070866141732 1192.1259842519685 437.79527559055117 108.66141732283465 malheur,
1472.4409448818897 1192.1259842519685 329.13385826771656 108.66141732283465 avoit
1655.1181102362204 1192.1259842519685 291.33858267716533 108.66141732283465 quitté

274.01574803149606 1303.9370078740158 508.66141732283467 102.36220472440945 Cléombrote
674.0157480314961 1303.9370078740158 253.54330708661416 102.36220472440945 son
818.8976377952756 1303.9370078740158 327.5590551181102 102.36220472440945 mari,
1036.2204724409448 1303.9370078740158 363.7795275590551 102.36220472440945 voyant
1291.3385826771653 1303.9370078740158 217.3228346456693 102.36220472440945 le
1400.0 1303.9370078740158 363.7795275590551 102.36220472440945 triste
1653.5433070866143 1303.9370078740158 291.33858267716533 102.36220472440945 état
1800.0 1303.9370078740158 144.88188976377953 102.36220472440945 où

275.59055118110234 1409.4488188976377 217.3228346456693 92.91338582677166 il
384.251968503937 1409.4488188976377 327.5590551181102 92.91338582677166 étoit
603.1496062992126 1409.4488188976377 400.0 92.91338582677166 réduit,
892.9133858267717 1409.4488188976377 217.3228346456693 92.91338582677166 va
1001.5748031496063 1409.4488188976377 217.3228346456693 92.91338582677166 se
1110.236220472441 1409.4488188976377 400.0 92.91338582677166 joindre
1401.5748031496064 1409.4488188976377 181.10236220472441 92.91338582677166 à
1474.015748031496 1409.4488188976377 253.54330708661416 92.91338582677166 lui
1618.8976377952756 1409.4488188976377 291.33858267716533 92.91338582677166 avec
1765.3543307086613 1409.4488188976377 181.10236220472441 92.91338582677166 ses

270.86614173228344 1499.2125984251968 297.6377952755906 129.13385826771653 deux
456.6929133858268 1499.2125984251968 371.65354330708664 129.13385826771653 petits
716.5354330708661 1499.2125984251968 445.6692913385827 129.13385826771653 enfants,
1051.9685039370079 1499.2125984251968 223.6220472440945 129.13385826771653 le
1163.7795275590552 1499.2125984251968 371.65354330708664 129.13385826771653 couvre
1423.6220472440946 1499.2125984251968 223.6220472440945 129.13385826771653 de
1535.4330708661416 1499.2125984251968 259.84251968503935 129.13385826771653 son
1645.6692913385828 1499.2125984251968 297.6377952755906 129.13385826771653 corps,

277.1653543307087 1633.0708661417323 253.54330708661416 94.48818897637796 et,
422.0472440944882 1633.0708661417323 253.54330708661416 94.48818897637796 par
566.9291338582677 1633.0708661417323 253.54330708661416 94.48818897637796 ses
711.8110236220473 1633.0708661417323 362.20472440944883 94.48818897637796 larmes
966.9291338582677 1633.0708661417323 217.3228346456693 94.48818897637796 et
1075.5905511811025 1633.0708661417323 217.3228346456693 94.48818897637796 la
1184.251968503937 1633.0708661417323 472.4409448818898 94.48818897637796 véhémence
1548.0314960629921 1633.0708661417323 217.3228346456693 94.48818897637796 de
1656.6929133858268 1633.0708661417323 253.54330708661416 94.48818897637796 ses
1765.3543307086613 1633.0708661417323 181.10236220472441 94.48818897637796 pa-

270.86614173228344 1711.8110236220473 341.73228346456693 116.53543307086615 roles,
510.23622047244095 1711.8110236220473 376.37795275590554 116.53543307086615 pénètre
784.2519685039371 1711.8110236220473 548.0314960629921 116.53543307086615 l’assemblée,
1229.9212598425197 1711.8110236220473 204.7244094488189 116.53543307086615 et
1332.283464566929 1711.8110236220473 376.37795275590554 116.53543307086615 réussit
1606.2992125984251 1711.8110236220473 171.6535433070866 116.53543307086615 à
1639.3700787401574 1711.8110236220473 308.66141732283467 116.53543307086615 fléchir

266.1417322834646 1814.1732283464567 546.4566929133858 121.25984251968504 Léonidas,
686.6141732283464 1814.1732283464567 294.48818897637796 121.25984251968504 qui
855.1181102362204 1814.1732283464567 335.43307086614175 121.25984251968504 cède
1064.5669291338584 1814.1732283464567 251.96850393700788 121.25984251968504 en
1190.5511811023623 1814.1732283464567 587.4015748031496 121.25984251968504 condamnant
1611.023622047244 1814.1732283464567 335.43307086614175 121.25984251968504 Cléom-

274.01574803149606 1921.259842519685 325.98425196850394 122.83464566929133 brote
491.33858267716533 1921.259842519685 472.4409448818898 122.83464566929133 seulemeut
855.1181102362204 1921.259842519685 181.10236220472441 122.83464566929133 à
927.5590551181102 1921.259842519685 398.4251968503937 122.83464566929133 l’exil.
1217.3228346456692 1921.259842519685 436.2204724409449 122.83464566929133 Chélonis
1544.8818897637796 1921.259842519685 362.20472440944883 122.83464566929133 suivit
1762.2047244094488 1921.259842519685 181.10236220472441 122.83464566929133 son

270.86614173228344 2034.6456692913387 341.73228346456693 143.30708661417322 mari,
499.21259842519686 2034.6456692913387 379.5275590551181 143.30708661417322 malgré
763.7795275590552 2034.6456692913387 266.1417322834646 143.30708661417322 les
916.5354330708661 2034.6456692913387 494.48818897637796 143.30708661417322 instances
1296.0629921259842 2034.6456692913387 228.3464566929134 143.30708661417322 de
1409.4488188976377 2034.6456692913387 266.1417322834646 143.30708661417322 son
1562.2047244094488 2034.6456692913387 341.73228346456693 143.30708661417322 père,
1751.1811023622047 2034.6456692913387 190.5511811023622 143.30708661417322 qui

278.74015748031496 2152.755905511811 206.29921259842519 152.75590551181102 ne
382.6771653543307 2152.755905511811 379.5275590551181 152.75590551181102 vouloit
658.2677165354331 2152.755905511811 240.9448818897638 152.75590551181102 pas
796.8503937007874 2152.755905511811 206.29921259842519 152.75590551181102 se
899.2125984251968 2152.755905511811 379.5275590551181 152.75590551181102 séparer
1141.732283464567 2152.755905511811 310.23622047244095 152.75590551181102 d’elle.

544.8818897637796 2428.3464566929133 722.8346456692914 182.6771653543307 Mademoiselle
1088.1889763779527 2428.3464566929133 406.2992125984252 182.6771653543307 LESCOT.

103.93700787401575 2650.3937007874015 311.81102362204723 137.00787401574803 46.
281.8897637795276 2650.3937007874015 267.7165354330709 137.00787401574803 Le
415.748031496063 2650.3937007874015 581.1023622047244 137.00787401574803 baisement
862.992125984252 2650.3937007874015 311.81102362204723 137.00787401574803 des
1040.9448818897638 2650.3937007874015 401.5748031496063 137.00787401574803 pieds
1308.6614173228347 2650.3937007874015 267.7165354330709 137.00787401574803 de
1442.5196850393702 2650.3937007874015 267.7165354330709 137.00787401574803 S.
1532.283464566929 2650.3937007874015 401.5748031496063 137.00787401574803 Pierre.

368.503937007874 2771.6535433070867 321.25984251968504 160.62992125984252 Cette
582.6771653543307 2771.6535433070867 462.99212598425197 160.62992125984252 cérémonie
938.5826771653543 2771.6535433070867 177.95275590551182 160.62992125984252 a
1011.0236220472441 2771.6535433070867 285.03937007874015 160.62992125984252 lieu
1188.976377952756 2771.6535433070867 285.03937007874015 160.62992125984252 dans
1366.9291338582677 2771.6535433070867 214.17322834645668 160.62992125984252 la
1474.015748031496 2771.6535433070867 462.99212598425197 160.62992125984252 basilique
1793.7007874015749 2771.6535433070867 143.30708661417322 160.62992125984252 de

275.59055118110234 2903.9370078740158 423.62204724409446 163.7795275590551 l’église
592.1259842519685 2903.9370078740158 600.0 163.7795275590551 Saint-Pierre,
1086.6141732283465 2903.9370078740158 176.3779527559055 163.7795275590551 à
1157.4803149606298 2903.9370078740158 318.1102362204724 163.7795275590551 Rome,
1368.5039370078741 2903.9370078740158 388.9763779527559 163.7795275590551 pendant
1651.9685039370079 2903.9370078740158 211.0236220472441 163.7795275590551 la
1722.8346456692914 2903.9370078740158 211.0236220472441 163.7795275590551 fête

275.59055118110234 3033.0708661417325 222.04724409448818 107.08661417322834 de
385.8267716535433 3033.0708661417325 258.26771653543307 107.08661417322834 cet
533.8582677165355 3033.0708661417325 406.2992125984252 107.08661417322834 apôtre.
828.3464566929134 3033.0708661417325 184.251968503937 107.08661417322834 A
902.3622047244095 3033.0708661417325 332.2834645669291 107.08661417322834 cette
1124.4094488188975 3033.0708661417325 368.503937007874 107.08661417322834 époque
1382.6771653543308 3033.0708661417325 222.04724409448818 107.08661417322834 on
1492.9133858267717 3033.0708661417325 332.2834645669291 107.08661417322834 revêt
1677.1653543307086 3033.0708661417325 258.26771653543307 107.08661417322834 d’or-

272.4409448818898 3159.0551181102364 396.8503937007874 125.98425196850394 nements
560.6299212598425 3159.0551181102364 540.1574803149606 125.98425196850394 pontificaux
993.7007874015748 3159.0551181102364 215.748031496063 125.98425196850394 sa
1102.3622047244094 3159.0551181102364 360.62992125984255 125.98425196850394 statue
1354.3307086614172 3159.0551181102364 215.748031496063 125.98425196850394 de
1461.4173228346456 3159.0551181102364 396.8503937007874 125.98425196850394 bronze,
1714.9606299212599 3159.0551181102364 215.748031496063 125.98425196850394 qui,

274.01574803149606 3255.1181102362207 396.8503937007874 107.08661417322834 dit-on,
562.2047244094488 3255.1181102362207 251.96850393700788 107.08661417322834 fut
707.0866141732283 3255.1181102362207 648.8188976377953 107.08661417322834 originairement
1247.244094488189 3255.1181102362207 324.40944881889766 107.08661417322834 celle
1462.992125984252 3255.1181102362207 288.18897637795277 107.08661417322834 d’un
1607.8740157480315 3255.1181102362207 324.40944881889766 107.08661417322834 Jupiter

234.64566929133858 3346.4566929133857 384.251968503937 130.70866141732284 antique.

360.62992125984255 3458.267716535433 234.64566929133858 138.58267716535434 On
478.74015748031496 3458.267716535433 470.86614173228344 138.58267716535434 remarque
831.496062992126 3458.267716535433 352.755905511811 138.58267716535434 parmi
1066.1417322834645 3458.267716535433 274.01574803149606 138.58267716535434 les
1223.6220472440946 3458.267716535433 510.23622047244095 138.58267716535434 personnes
1615.748031496063 3458.267716535433 274.01574803149606 138.58267716535434 qui
1733.8582677165355 3458.267716535433 195.2755905511811 138.58267716535434 as
