1581 2730
748 155 154 103 (
810 155 185 103 50
872 155 93 103 )

374 260 257 75 sistent
561 260 117 75 à
607 260 210 75 cette
748 260 304 75 cérémonie
981 260 140 75 M.
1052 260 257 75 Canova,
1215 260 234 75 statuai-

372 337 171 66 re;
469 337 147 66 M.
543 337 147 66 Le
616 337 244 66 Tiers,
787 337 244 66 ancien
958 337 317 66 directeur
1202 337 147 66 de
1251 337 195 66 l’Aca-

368 398 237 77 démie
526 398 158 77 de
604 398 263 77 France
789 398 132 77 à
841 398 237 77 Rome,
999 398 210 77 avec
1130 398 158 77 sa
1183 398 263 77 famille;

370 475 137 80 M.
439 475 320 80 Detournon,
690 475 229 80 ancien
850 475 229 80 préfet
1010 475 137 80 de
1079 475 206 80 cette
1216 475 229 80 ville;
1354 475 91 80 et

367 532 142 95 M.
438 532 236 95 Paris,
580 532 307 95 architecte.

421 612 145 81 On
493 612 194 81 voit
615 612 121 81 à
663 612 242 81 gauche
833 612 170 81 des
930 612 315 81 pénitents
1172 612 121 81 à
1196 612 218 81 genoux.

249 762 236 78 47.
384 762 236 78 Vœu
519 762 169 78 à
587 762 236 78 une
688 762 304 78 Madone.

419 866 179 61 Des
522 866 256 61 femmes
701 866 153 61 de
777 866 332 61 pêcheurs,
1033 866 409 61 accompagnées
1340 866 102 61 de

364 937 206 66 leurs
501 937 275 66 enfants,
707 937 183 66 sont
822 937 252 66 entrées
1005 937 183 66 dans
1120 937 160 66 une
1188 937 252 66 chapelle,

367 1000 140 66 et
437 1000 302 66 adressant
669 1000 116 66 à
716 1000 140 66 la
786 1000 233 66 Vierge
948 1000 163 66 des
1041 1000 186 66 vœux
1158 1000 186 66 pour
1274 1000 140 66 le
1321 1000 116 66 re-

366 1069 182 78 tour
480 1069 137 78 de
549 1069 205 78 leurs
685 1069 205 78 maris
822 1069 160 78 qui
913 1069 182 78 sont
1028 1069 205 78 allés
1164 1069 114 78 à
1210 1069 137 78 la
1256 1069 182 78 pêche,

366 1147 134 61 et
433 1147 156 61 que
522 1147 246 61 l’orage
700 1147 112 61 a
745 1147 246 61 surpris
924 1147 246 61 pendant
1102 1147 223 61 qu’ils
1258 1147 179 61 sont
1348 1147 89 61 en

361 1224 191 55 mer.
481 1224 168 55 Une
576 1224 215 55 jeune
720 1224 215 55 fille
864 1224 263 55 appuyée
1055 1224 168 55 sur
1151 1224 168 55 une
1223 1224 215 55 croisée

364 1290 241 97 regarde
540 1290 175 97 avec
649 1290 219 97 effroi
803 1290 154 97 les
890 1290 219 97 effets
1044 1290 132 97 de
1110 1290 132 97 la
1154 1290 219 97 tempête.

241 1388 239 99 48.
377 1388 205 99 La
480 1388 581 99 confirmation,
958 1388 239 99 par
1095 1388 205 99 un
1163 1388 273 99 évêque

316 1475 245 98 grec,
479 1475 218 98 dans
616 1475 164 98 la
697 1475 354 98 basilique
970 1475 164 98 de
1024 1475 409 98 Sainte

312 1546 249 87 hors
468 1546 218 87 des
592 1546 281 87 murs,
780 1546 156 87 à
811 1546 218 87 Rome.

253 1766 314 78 LETHIERE
488 1766 183 78 (G.
593 1766 340 78 Guillon),
855 1766 262 78 membre
1038 1766 157 78 de
1091 1766 340 78 l’Institut,

309 1849 262 61 ancien
492 1849 340 61 directeur
754 1849 157 61 de
832 1849 366 61 l’Académie
1120 1849 157 61 de
1199 1849 262 61 France
1356 1849 79 61 à

309 1895 229 110 Rome,
461 1895 153 110 né
538 1895 127 110 à
589 1895 153 110 la
665 1895 356 110 Guadeloupe
945 1895 153 110 en
996 1895 178 110 1760.

257 2016 197 96 49.
369 2016 169 96 Le
454 2016 337 96 supplice
706 2016 197 96 des
819 2016 225 96 fils
959 2016 169 96 de
1015 2016 253 96 Brutus.

429 2135 164 83 Les
522 2135 258 83 auteurs
710 2135 141 83 de
780 2135 141 83 la
851 2135 375 83 conspiration
1156 2135 235 83 tramée
1296 2135 141 83 con-

373 2206 169 109 tre
469 2206 145 109 la
542 2206 338 109 république
808 2206 266 109 romaine
1001 2206 217 109 étant
1122 2206 314 109 découverts,
