2489.763779527559 4299.212598425197
1177.9527559055118 244.09448818897638 242.51968503937007 162.20472440944883 (
1275.5905511811025 244.09448818897638 291.33858267716533 162.20472440944883 50
1373.2283464566929 244.09448818897638 146.45669291338584 162.20472440944883 )

588.9763779527559 409.4488188976378 404.7244094488189 118.11023622047244 sistent
883.4645669291339 409.4488188976378 184.251968503937 118.11023622047244 à
955.9055118110236 409.4488188976378 330.70866141732284 118.11023622047244 cette
1177.9527559055118 409.4488188976378 478.74015748031496 118.11023622047244 cérémonie
1544.8818897637796 409.4488188976378 220.4724409448819 118.11023622047244 M.
1656.6929133858268 409.4488188976378 404.7244094488189 118.11023622047244 Canova,
1913.3858267716535 409.4488188976378 368.503937007874 118.11023622047244 statuai-

585.8267716535433 530.7086614173228 269.29133858267716 103.93700787401575 re;
738.5826771653543 530.7086614173228 231.49606299212599 103.93700787401575 M.
855.1181102362204 530.7086614173228 231.49606299212599 103.93700787401575 Le
970.0787401574803 530.7086614173228 384.251968503937 103.93700787401575 Tiers,
1239.3700787401574 530.7086614173228 384.251968503937 103.93700787401575 ancien
1508.6614173228347 530.7086614173228 499.21259842519686 103.93700787401575 directeur
1892.9133858267717 530.7086614173228 231.49606299212599 103.93700787401575 de
1970.0787401574803 530.7086614173228 307.0866141732283 103.93700787401575 l’Aca-

579.5275590551181 626.7716535433071 373.2283464566929 121.25984251968504 démie
828.3464566929134 626.7716535433071 248.8188976377953 121.25984251968504 de
951.1811023622047 626.7716535433071 414.1732283464567 121.25984251968504 France
1242.5196850393702 626.7716535433071 207.8740157480315 121.25984251968504 à
1324.4094488188975 626.7716535433071 373.2283464566929 121.25984251968504 Rome,
1573.2283464566929 626.7716535433071 330.70866141732284 121.25984251968504 avec
1779.5275590551182 626.7716535433071 248.8188976377953 121.25984251968504 sa
1862.992125984252 626.7716535433071 414.1732283464567 121.25984251968504 famille;

582.6771653543307 748.0314960629921 215.748031496063 125.98425196850394 M.
691.3385826771654 748.0314960629921 503.93700787401576 125.98425196850394 Detournon,
1086.6141732283465 748.0314960629921 360.62992125984255 125.98425196850394 ancien
1338.5826771653544 748.0314960629921 360.62992125984255 125.98425196850394 préfet
1590.5511811023623 748.0314960629921 215.748031496063 125.98425196850394 de
1699.2125984251968 748.0314960629921 324.40944881889766 125.98425196850394 cette
1914.9606299212599 748.0314960629921 360.62992125984255 125.98425196850394 ville;
2132.283464566929 748.0314960629921 143.30708661417322 125.98425196850394 et

577.9527559055118 837.7952755905512 223.6220472440945 149.60629921259843 M.
689.7637795275591 837.7952755905512 371.65354330708664 149.60629921259843 Paris,
913.3858267716536 837.7952755905512 483.46456692913387 149.60629921259843 architecte.

662.992125984252 963.7795275590552 228.3464566929134 127.55905511811024 On
776.3779527559055 963.7795275590552 305.51181102362204 127.55905511811024 voit
968.503937007874 963.7795275590552 190.5511811023622 127.55905511811024 à
1044.0944881889764 963.7795275590552 381.1023622047244 127.55905511811024 gauche
1311.8110236220473 963.7795275590552 267.7165354330709 127.55905511811024 des
1464.5669291338584 963.7795275590552 496.06299212598424 127.55905511811024 pénitents
1845.6692913385828 963.7795275590552 190.5511811023622 127.55905511811024 à
1883.4645669291338 963.7795275590552 343.3070866141732 127.55905511811024 genoux.

392.12598425196853 1200.0 371.65354330708664 122.83464566929133 47.
604.7244094488188 1200.0 371.65354330708664 122.83464566929133 Vœu
817.3228346456693 1200.0 266.1417322834646 122.83464566929133 à
924.4094488188977 1200.0 371.65354330708664 122.83464566929133 une
1083.4645669291338 1200.0 478.74015748031496 122.83464566929133 Madone.

659.8425196850394 1363.7795275590552 281.8897637795276 96.06299212598425 Des
822.0472440944882 1363.7795275590552 403.1496062992126 96.06299212598425 femmes
1103.9370078740158 1363.7795275590552 240.9448818897638 96.06299212598425 de
1223.6220472440946 1363.7795275590552 522.8346456692914 96.06299212598425 pêcheurs,
1626.7716535433071 1363.7795275590552 644.0944881889764 96.06299212598425 accompagnées
2110.236220472441 1363.7795275590552 160.62992125984252 96.06299212598425 de

573.2283464566929 1475.5905511811025 324.40944881889766 103.93700787401575 leurs
788.9763779527559 1475.5905511811025 433.07086614173227 103.93700787401575 enfants,
1113.3858267716535 1475.5905511811025 288.18897637795277 103.93700787401575 sont
1294.4881889763778 1475.5905511811025 396.8503937007874 103.93700787401575 entrées
1582.6771653543308 1475.5905511811025 288.18897637795277 103.93700787401575 dans
1763.7795275590552 1475.5905511811025 251.96850393700788 103.93700787401575 une
1870.8661417322835 1475.5905511811025 396.8503937007874 103.93700787401575 chapelle,

577.9527559055118 1574.8031496062993 220.4724409448819 103.93700787401575 et
688.1889763779527 1574.8031496062993 475.59055118110234 103.93700787401575 adressant
1053.5433070866143 1574.8031496062993 182.6771653543307 103.93700787401575 à
1127.5590551181103 1574.8031496062993 220.4724409448819 103.93700787401575 la
1237.7952755905512 1574.8031496062993 366.92913385826773 103.93700787401575 Vierge
1492.9133858267717 1574.8031496062993 256.6929133858268 103.93700787401575 des
1639.3700787401574 1574.8031496062993 292.9133858267717 103.93700787401575 vœux
1823.6220472440946 1574.8031496062993 292.9133858267717 103.93700787401575 pour
2006.2992125984251 1574.8031496062993 220.4724409448819 103.93700787401575 le
2080.314960629921 1574.8031496062993 182.6771653543307 103.93700787401575 re-

576.3779527559055 1683.4645669291338 286.61417322834643 122.83464566929133 tour
755.9055118110236 1683.4645669291338 215.748031496063 122.83464566929133 de
864.5669291338583 1683.4645669291338 322.8346456692913 122.83464566929133 leurs
1078.740157480315 1683.4645669291338 322.8346456692913 122.83464566929133 maris
1294.4881889763778 1683.4645669291338 251.96850393700788 122.83464566929133 qui
1437.7952755905512 1683.4645669291338 286.61417322834643 122.83464566929133 sont
1618.8976377952756 1683.4645669291338 322.8346456692913 122.83464566929133 allés
1833.0708661417323 1683.4645669291338 179.5275590551181 122.83464566929133 à
1905.5118110236222 1683.4645669291338 215.748031496063 122.83464566929133 la
1977.9527559055118 1683.4645669291338 286.61417322834643 122.83464566929133 pêche,

576.3779527559055 1806.2992125984251 211.0236220472441 96.06299212598425 et
681.8897637795276 1806.2992125984251 245.66929133858267 96.06299212598425 que
822.0472440944882 1806.2992125984251 387.40157480314963 96.06299212598425 l’orage
1102.3622047244094 1806.2992125984251 176.3779527559055 96.06299212598425 a
1173.2283464566929 1806.2992125984251 387.40157480314963 96.06299212598425 surpris
1455.1181102362204 1806.2992125984251 387.40157480314963 96.06299212598425 pendant
1735.4330708661416 1806.2992125984251 351.18110236220474 96.06299212598425 qu’ils
1981.1023622047244 1806.2992125984251 281.8897637795276 96.06299212598425 sont
2122.834645669291 1806.2992125984251 140.15748031496062 96.06299212598425 en

568.503937007874 1927.5590551181103 300.78740157480314 86.61417322834646 mer.
757.4803149606299 1927.5590551181103 264.56692913385825 86.61417322834646 Une
907.0866141732283 1927.5590551181103 338.5826771653543 86.61417322834646 jeune
1133.8582677165355 1927.5590551181103 338.5826771653543 86.61417322834646 fille
1360.6299212598426 1927.5590551181103 414.1732283464567 86.61417322834646 appuyée
1661.4173228346456 1927.5590551181103 264.56692913385825 86.61417322834646 sur
1812.5984251968505 1927.5590551181103 264.56692913385825 86.61417322834646 une
1925.984251968504 1927.5590551181103 338.5826771653543 86.61417322834646 croisée

573.2283464566929 2031.4960629921259 379.5275590551181 152.75590551181102 regarde
850.3937007874016 2031.4960629921259 275.59055118110234 152.75590551181102 avec
1022.0472440944882 2031.4960629921259 344.88188976377955 152.75590551181102 effroi
1264.5669291338584 2031.4960629921259 242.51968503937007 152.75590551181102 les
1401.5748031496064 2031.4960629921259 344.88188976377955 152.75590551181102 effets
1644.0944881889764 2031.4960629921259 207.8740157480315 152.75590551181102 de
1748.0314960629921 2031.4960629921259 207.8740157480315 152.75590551181102 la
1817.3228346456692 2031.4960629921259 344.88188976377955 152.75590551181102 tempête.

379.5275590551181 2185.8267716535433 376.37795275590554 155.90551181102362 48.
593.7007874015748 2185.8267716535433 322.8346456692913 155.90551181102362 La
755.9055118110236 2185.8267716535433 914.9606299212599 155.90551181102362 confirmation,
1508.6614173228347 2185.8267716535433 376.37795275590554 155.90551181102362 par
1724.4094488188975 2185.8267716535433 322.8346456692913 155.90551181102362 un
1831.4960629921259 2185.8267716535433 429.9212598425197 155.90551181102362 évêque

497.6377952755906 2322.834645669291 385.8267716535433 154.33070866141733 grec,
754.3307086614174 2322.834645669291 343.3070866141732 154.33070866141733 dans
970.0787401574803 2322.834645669291 258.26771653543307 154.33070866141733 la
1097.6377952755906 2322.834645669291 557.4803149606299 154.33070866141733 basilique
1527.5590551181103 2322.834645669291 258.26771653543307 154.33070866141733 de
1612.5984251968505 2322.834645669291 644.0944881889764 154.33070866141733 Sainte

491.33858267716533 2434.6456692913384 392.12598425196853 137.00787401574803 hors
737.007874015748 2434.6456692913384 343.3070866141732 137.00787401574803 des
932.2834645669292 2434.6456692913384 442.5196850393701 137.00787401574803 murs,
1228.3464566929133 2434.6456692913384 245.66929133858267 137.00787401574803 à
1277.1653543307086 2434.6456692913384 343.3070866141732 137.00787401574803 Rome.

398.4251968503937 2781.1023622047246 494.48818897637796 122.83464566929133 LETHIERE
768.503937007874 2781.1023622047246 288.18897637795277 122.83464566929133 (G.
933.8582677165355 2781.1023622047246 535.4330708661417 122.83464566929133 Guillon),
1346.4566929133857 2781.1023622047246 412.59842519685037 122.83464566929133 membre
1634.6456692913387 2781.1023622047246 247.24409448818898 122.83464566929133 de
1718.1102362204724 2781.1023622047246 535.4330708661417 122.83464566929133 l’Institut,

486.61417322834643 2911.8110236220473 412.59842519685037 96.06299212598425 ancien
774.8031496062993 2911.8110236220473 535.4330708661417 96.06299212598425 directeur
1187.4015748031495 2911.8110236220473 247.24409448818898 96.06299212598425 de
1310.236220472441 2911.8110236220473 576.3779527559055 96.06299212598425 l’Académie
1763.7795275590552 2911.8110236220473 247.24409448818898 96.06299212598425 de
1888.1889763779527 2911.8110236220473 412.59842519685037 96.06299212598425 France
2135.433070866142 2911.8110236220473 124.40944881889764 96.06299212598425 à

486.61417322834643 2984.251968503937 360.62992125984255 173.22834645669292 Rome,
725.9842519685039 2984.251968503937 240.9448818897638 173.22834645669292 né
847.2440944881889 2984.251968503937 200.0 173.22834645669292 à
927.5590551181102 2984.251968503937 240.9448818897638 173.22834645669292 la
1047.244094488189 2984.251968503937 560.6299212598425 173.22834645669292 Guadeloupe
1488.1889763779527 2984.251968503937 240.9448818897638 173.22834645669292 en
1568.5039370078741 2984.251968503937 280.31496062992125 173.22834645669292 1760.

404.7244094488189 3174.803149606299 310.23622047244095 151.1811023622047 49.
581.1023622047244 3174.803149606299 266.1417322834646 151.1811023622047 Le
714.9606299212599 3174.803149606299 530.7086614173228 151.1811023622047 supplice
1111.8110236220473 3174.803149606299 310.23622047244095 151.1811023622047 des
1289.763779527559 3174.803149606299 354.3307086614173 151.1811023622047 fils
1510.236220472441 3174.803149606299 266.1417322834646 151.1811023622047 de
1598.4251968503936 3174.803149606299 398.4251968503937 151.1811023622047 Brutus.

675.5905511811023 3362.2047244094488 258.26771653543307 130.70866141732284 Les
822.0472440944882 3362.2047244094488 406.2992125984252 130.70866141732284 auteurs
1118.1102362204724 3362.2047244094488 222.04724409448818 130.70866141732284 de
1228.3464566929133 3362.2047244094488 222.04724409448818 130.70866141732284 la
1340.1574803149606 3362.2047244094488 590.5511811023622 130.70866141732284 conspiration
1820.4724409448818 3362.2047244094488 370.0787401574803 130.70866141732284 tramée
2040.9448818897638 3362.2047244094488 222.04724409448818 130.70866141732284 con-

587.4015748031496 3474.015748031496 266.1417322834646 171.6535433070866 tre
738.5826771653543 3474.015748031496 228.3464566929134 171.6535433070866 la
853.5433070866142 3474.015748031496 532.2834645669292 171.6535433070866 république
1272.4409448818897 3474.015748031496 418.8976377952756 171.6535433070866 romaine
1576.3779527559054 3474.015748031496 341.73228346456693 171.6535433070866 étant
1766.9291338582677 3474.015748031496 494.48818897637796 171.6535433070866 découverts,
