2442.51968503937 4251.968503937008
842.5196850393701 270.86614173228344 403.1496062992126 154.33070866141733 (51
1015.7480314960629 270.86614173228344 173.22834645669292 154.33070866141733 )

280.31496062992125 401.5748031496063 255.11811023622047 110.23622047244095 les
426.7716535433071 401.5748031496063 401.5748031496063 110.23622047244095 consuls
718.1102362204724 401.5748031496063 218.89763779527559 110.23622047244095 se
826.7716535433071 401.5748031496063 401.5748031496063 110.23622047244095 forment
1119.6850393700788 401.5748031496063 218.89763779527559 110.23622047244095 en
1228.3464566929133 401.5748031496063 474.01574803149606 110.23622047244095 tribunal,
1593.7007874015749 401.5748031496063 218.89763779527559 110.23622047244095 et
1667.716535433071 401.5748031496063 291.33858267716533 110.23622047244095 ordon-

278.74015748031496 532.2834645669292 303.93700787401576 99.21259842519684 nent
469.29133858267716 532.2834645669292 343.3070866141732 99.21259842519684 qu’on
697.6377952755905 532.2834645669292 303.93700787401576 99.21259842519684 leur
888.1889763779527 532.2834645669292 343.3070866141732 99.21259842519684 amène
1116.5354330708662 532.2834645669292 266.1417322834646 99.21259842519684 les
1269.291338582677 532.2834645669292 533.8582677165355 99.21259842519684 coupables.
1688.1889763779527 532.2834645669292 228.3464566929134 99.21259842519684 On
1763.7795275590552 532.2834645669292 190.5511811023622 99.21259842519684 les

280.31496062992125 634.6456692913385 291.33858267716533 137.00787401574803 leur
461.4173228346457 634.6456692913385 436.2204724409449 137.00787401574803 présente
788.9763779527559 634.6456692913385 327.5590551181102 137.00787401574803 pieds
1007.8740157480315 634.6456692913385 218.89763779527559 137.00787401574803 et
1116.5354330708662 634.6456692913385 327.5590551181102 137.00787401574803 mains
1333.8582677165355 634.6456692913385 327.5590551181102 137.00787401574803 liés;
1552.755905511811 634.6456692913385 218.89763779527559 137.00787401574803 on
1661.4173228346456 634.6456692913385 291.33858267716533 137.00787401574803 fait
1807.8740157480315 634.6456692913385 144.88188976377953 137.00787401574803 la

283.46456692913387 748.0314960629921 390.5511811023622 97.63779527559055 lecture
568.503937007874 748.0314960629921 214.17322834645668 97.63779527559055 de
675.5905511811023 748.0314960629921 285.03937007874015 97.63779527559055 leur
853.5433070866142 748.0314960629921 390.5511811023622 97.63779527559055 lettre;
1138.5826771653544 748.0314960629921 214.17322834645668 97.63779527559055 on
1244.0944881889764 748.0314960629921 462.99212598425197 97.63779527559055 interroge
1565.3543307086613 748.0314960629921 390.5511811023622 97.63779527559055 l’esclave

283.46456692913387 864.5669291338583 253.54330708661416 96.06299212598425 qui
428.34645669291336 864.5669291338583 253.54330708661416 96.06299212598425 les
573.2283464566929 864.5669291338583 181.10236220472441 96.06299212598425 a
647.2440944881889 864.5669291338583 472.4409448818898 96.06299212598425 dénoncés.
1009.4488188976378 864.5669291338583 291.33858267716533 96.06299212598425 Tous
1192.1259842519685 864.5669291338583 253.54330708661416 96.06299212598425 les
1337.007874015748 864.5669291338583 436.2204724409449 96.06299212598425 conjurés
1626.7716535433071 864.5669291338583 327.5590551181102 96.06299212598425 étoient

277.1653543307087 959.0551181102362 272.4409448818898 114.96062992125984 des
433.07086614173227 959.0551181102362 546.4566929133858 114.96062992125984 meilleures
862.992125984252 959.0551181102362 467.7165354330709 114.96062992125984 familles
1214.1732283464567 959.0551181102362 234.64566929133858 114.96062992125984 de
1330.708661417323 959.0551181102362 351.18110236220474 114.96062992125984 Rome.
1525.984251968504 959.0551181102362 428.34645669291336 114.96062992125984 Cependant

278.74015748031496 1067.716535433071 214.17322834645668 122.83464566929133 le
385.8267716535433 1067.716535433071 355.90551181102364 122.83464566929133 peuple
634.6456692913385 1067.716535433071 392.12598425196853 122.83464566929133 n’avoit
919.6850393700787 1067.716535433071 248.8188976377953 122.83464566929133 les
1062.992125984252 1067.716535433071 285.03937007874015 122.83464566929133 yeux
1240.9448818897638 1067.716535433071 248.8188976377953 122.83464566929133 que
1382.6771653543308 1067.716535433071 248.8188976377953 122.83464566929133 sur
1525.984251968504 1067.716535433071 248.8188976377953 122.83464566929133 les
1667.716535433071 1067.716535433071 285.03937007874015 122.83464566929133 fils
1811.023622047244 1067.716535433071 141.73228346456693 122.83464566929133 de

275.59055118110234 1177.9527559055118 393.7007874015748 116.53543307086615 Brutus,
562.2047244094488 1177.9527559055118 214.17322834645668 116.53543307086615 et
669.2913385826772 1177.9527559055118 214.17322834645668 116.53543307086615 si
776.3779527559055 1177.9527559055118 250.39370078740157 116.53543307086615 des
919.6850393700787 1177.9527559055118 464.56692913385825 116.53543307086615 traîtres,
1277.1653543307086 1177.9527559055118 250.39370078740157 116.53543307086615 des
1420.4724409448818 1177.9527559055118 393.7007874015748 116.53543307086615 ingrats
1669.291338582677 1177.9527559055118 286.61417322834643 116.53543307086615 envers

278.74015748031496 1292.9133858267717 291.33858267716533 100.78740157480316 leur
459.84251968503935 1292.9133858267717 363.7795275590551 100.78740157480316 patrie
714.9606299212599 1292.9133858267717 218.89763779527559 100.78740157480316 ne
825.1968503937007 1292.9133858267717 436.2204724409449 100.78740157480316 devoient
1152.755905511811 1292.9133858267717 400.0 100.78740157480316 exciter
1442.5196850393702 1292.9133858267717 363.7795275590551 100.78740157480316 aucune
1661.4173228346456 1292.9133858267717 291.33858267716533 100.78740157480316 pitié;

275.59055118110234 1398.4251968503936 223.6220472440945 96.06299212598425 on
387.40157480314963 1398.4251968503936 485.03937007874015 96.06299212598425 gémissoit
760.6299212598425 1398.4251968503936 485.03937007874015 96.06299212598425 néanmoins
1133.8582677165355 1398.4251968503936 261.4173228346457 96.06299212598425 sur
1281.8897637795276 1398.4251968503936 297.6377952755906 96.06299212598425 leur
1467.716535433071 1398.4251968503936 335.43307086614175 96.06299212598425 sort,
1691.3385826771653 1398.4251968503936 261.4173228346457 96.06299212598425 que
1803.1496062992126 1398.4251968503936 149.60629921259843 96.06299212598425 la

280.31496062992125 1510.236220472441 418.8976377952756 124.40944881889764 position
593.7007874015748 1510.236220472441 278.74015748031496 124.40944881889764 d’un
768.503937007874 1510.236220472441 313.38582677165357 124.40944881889764 père,
977.9527559055118 1510.236220472441 313.38582677165357 124.40944881889764 forcé
1187.4015748031495 1510.236220472441 209.4488188976378 124.40944881889764 de
1291.3385826771653 1510.236220472441 313.38582677165357 124.40944881889764 juger
1500.7874015748032 1510.236220472441 244.09448818897638 124.40944881889764 ses
1606.2992125984251 1510.236220472441 348.0314960629921 124.40944881889764 enfants,

270.86614173228344 1626.7716535433071 429.9212598425197 124.40944881889764 rendoit
584.2519685039371 1626.7716535433071 390.5511811023622 124.40944881889764 encore
856.6929133858267 1626.7716535433071 311.81102362204723 124.40944881889764 plus
1051.9685039370079 1626.7716535433071 625.1968503937007 124.40944881889764 intéressant.
1559.0551181102362 1626.7716535433071 234.64566929133858 124.40944881889764 Le
1637.7952755905512 1626.7716535433071 311.81102362204723 124.40944881889764 peuple

272.4409448818898 1725.984251968504 420.4724409448819 113.38582677165354 joignoit
587.4015748031496 1725.984251968504 244.09448818897638 113.38582677165354 ses
727.5590551181102 1725.984251968504 349.6062992125984 113.38582677165354 larmes
971.6535433070866 1725.984251968504 174.8031496062992 113.38582677165354 à
1040.9448818897638 1725.984251968504 349.6062992125984 113.38582677165354 celles
1286.6141732283465 1725.984251968504 244.09448818897638 113.38582677165354 des
1426.7716535433071 1725.984251968504 489.76377952755905 113.38582677165354 criminels;
1776.3779527559054 1725.984251968504 174.8031496062992 113.38582677165354 les

275.59055118110234 1844.0944881889764 259.84251968503935 119.68503937007874 uns
425.1968503937008 1844.0944881889764 483.46456692913387 119.68503937007874 vouloient
796.8503937007874 1844.0944881889764 335.43307086614175 119.68503937007874 qu’on
1020.4724409448819 1844.0944881889764 297.6377952755906 119.68503937007874 leur
1206.2992125984251 1844.0944881889764 521.2598425196851 119.68503937007874 pardonnât;
1614.1732283464567 1844.0944881889764 259.84251968503935 119.68503937007874 les
1725.984251968504 1844.0944881889764 223.6220472440945 119.68503937007874 plus

270.86614173228344 1941.732283464567 418.8976377952756 103.93700787401575 sévères
574.8031496062993 1941.732283464567 228.3464566929134 103.93700787401575 ne
689.7637795275591 1941.732283464567 266.1417322834646 103.93700787401575 les
842.5196850393701 1941.732283464567 609.4488188976378 103.93700787401575 condamnoient
1338.5826771653544 1941.732283464567 305.51181102362204 103.93700787401575 qu’à
1529.1338582677165 1941.732283464567 228.3464566929134 103.93700787401575 un
1604.724409448819 1941.732283464567 343.3070866141732 103.93700787401575 bannis-

274.01574803149606 2050.3937007874015 409.4488188976378 92.91338582677166 sement.
571.6535433070866 2050.3937007874015 371.65354330708664 92.91338582677166 Brutus
831.496062992126 2050.3937007874015 333.8582677165354 92.91338582677166 ayant
1055.1181102362204 2050.3937007874015 297.6377952755906 92.91338582677166 fait
1240.9448818897638 2050.3937007874015 333.8582677165354 92.91338582677166 faire
1462.992125984252 2050.3937007874015 445.6692913385827 92.91338582677166 silence,
1760.6299212598426 2050.3937007874015 185.82677165354332 92.91338582677166 de-

280.31496062992125 2181.1023622047246 307.0866141732283 100.78740157480316 manda
485.03937007874015 2181.1023622047246 239.37007874015748 100.78740157480316 par
622.0472440944882 2181.1023622047246 307.0866141732283 100.78740157480316 trois
826.7716535433071 2181.1023622047246 272.4409448818898 100.78740157480316 fois
996.8503937007874 2181.1023622047246 170.07874015748033 100.78740157480316 à
1064.5669291338584 2181.1023622047246 239.37007874015748 100.78740157480316 ses
1201.5748031496064 2181.1023622047246 374.8031496062992 100.78740157480316 enfants
1474.015748031496 2181.1023622047246 307.0866141732283 100.78740157480316 s’ils
1644.0944881889764 2181.1023622047246 307.0866141732283 100.78740157480316 avoient

274.01574803149606 2267.716535433071 390.5511811023622 111.81102362204724 quelque
559.0551181102362 2267.716535433071 319.68503937007875 111.81102362204724 chose
773.2283464566929 2267.716535433071 177.95275590551182 111.81102362204724 à
844.0944881889764 2267.716535433071 285.03937007874015 111.81102362204724 dire
1022.0472440944882 2267.716535433071 285.03937007874015 111.81102362204724 pour
1200.0 2267.716535433071 285.03937007874015 111.81102362204724 leur
1377.9527559055118 2267.716535433071 426.7716535433071 111.81102362204724 défense.
1661.4173228346456 2267.716535433071 285.03937007874015 111.81102362204724 Voyant

269.29133858267716 2385.8267716535433 371.65354330708664 107.08661417322834 qu’ils
530.7086614173228 2385.8267716535433 223.6220472440945 107.08661417322834 ne
642.5196850393701 2385.8267716535433 559.0551181102362 107.08661417322834 répondoient
1088.1889763779527 2385.8267716535433 335.43307086614175 107.08661417322834 rien,
1311.8110236220473 2385.8267716535433 223.6220472440945 107.08661417322834 il
1423.6220472440946 2385.8267716535433 447.244094488189 107.08661417322834 prononça
1721.259842519685 2385.8267716535433 223.6220472440945 107.08661417322834 lui-

270.86614173228344 2494.488188976378 297.6377952755906 80.31496062992126 même
458.26771653543307 2494.488188976378 297.6377952755906 80.31496062992126 leur
644.0944881889764 2494.488188976378 483.46456692913387 80.31496062992126 sentence.
1015.7480314960629 2494.488188976378 409.4488188976378 80.31496062992126 Ensuite
1313.3858267716535 2494.488188976378 223.6220472440945 80.31496062992126 se
1425.1968503937007 2494.488188976378 447.244094488189 80.31496062992126 tournant
1722.8346456692914 2494.488188976378 223.6220472440945 80.31496062992126 vers

270.86614173228344 2595.2755905511813 248.8188976377953 103.93700787401575 ses
414.1732283464567 2595.2755905511813 497.6377952755906 103.93700787401575 officiers:
804.7244094488188 2595.2755905511813 497.6377952755906 103.93700787401575 «Licteurs,
1196.8503937007874 2595.2755905511813 390.5511811023622 103.93700787401575 dit-il,
1480.3149606299212 2595.2755905511813 355.90551181102364 103.93700787401575 faites
1694.4881889763778 2595.2755905511813 248.8188976377953 103.93700787401575 votre

267.7165354330709 2689.763779527559 478.74015748031496 130.70866141732284 devoir.»
625.1968503937007 2689.763779527559 478.74015748031496 130.70866141732284 Aussitôt
984.2519685039371 2689.763779527559 239.37007874015748 130.70866141732284 le
1103.9370078740158 2689.763779527559 478.74015748031496 130.70866141732284 supplice
1461.4173228346456 2689.763779527559 478.74015748031496 130.70866141732284 commence
1781.1023622047244 2689.763779527559 159.0551181102362 130.70866141732284 et

272.4409448818898 2807.8740157480315 390.5511811023622 119.68503937007874 Brutus,
557.4803149606299 2807.8740157480315 285.03937007874015 119.68503937007874 seul
735.4330708661417 2807.8740157480315 497.6377952755906 119.68503937007874 insensible
1125.984251968504 2807.8740157480315 177.95275590551182 119.68503937007874 à
1196.8503937007874 2807.8740157480315 248.8188976377953 119.68503937007874 cet
1338.5826771653544 2807.8740157480315 426.7716535433071 119.68503937007874 horrible
1623.6220472440946 2807.8740157480315 319.68503937007875 119.68503937007874 specta-

280.31496062992125 2894.488188976378 261.4173228346457 113.38582677165354 cle,
444.09448818897636 2894.488188976378 228.3464566929134 113.38582677165354 vit
574.8031496062993 2894.488188976378 228.3464566929134 113.38582677165354 ses
705.511811023622 2894.488188976378 261.4173228346457 113.38582677165354 fils
869.2913385826772 2894.488188976378 325.98425196850394 113.38582677165354 battre
1097.6377952755906 2894.488188976378 195.2755905511811 113.38582677165354 de
1195.275590551181 2894.488188976378 325.98425196850394 113.38582677165354 verges
1423.6220472440946 2894.488188976378 195.2755905511811 113.38582677165354 et
1521.259842519685 2894.488188976378 325.98425196850394 113.38582677165354 tomber
1718.1102362204724 2894.488188976378 228.3464566929134 113.38582677165354 leurs

264.56692913385825 3006.299212598425 303.93700787401576 113.38582677165354 têtes
466.1417322834646 3006.299212598425 269.29133858267716 113.38582677165354 sous
634.6456692913385 3006.299212598425 201.5748031496063 113.38582677165354 la
735.4330708661417 3006.299212598425 303.93700787401576 113.38582677165354 hache
937.007874015748 3006.299212598425 236.2204724409449 113.38582677165354 des
1039.3700787401574 3006.299212598425 370.0787401574803 113.38582677165354 licteurs.

171.6535433070866 3122.834645669291 562.2047244094488 130.70866141732284 Supplément
614.1732283464567 3122.834645669291 281.8897637795276 130.70866141732284 aux
774.8031496062993 3122.834645669291 321.25984251968504 130.70866141732284 vies
976.3779527559055 3122.834645669291 281.8897637795276 130.70866141732284 des
1137.007874015748 3122.834645669291 401.5748031496063 130.70866141732284 hommes
1418.8976377952756 3122.834645669291 522.8346456692914 130.70866141732284 illustres
1781.1023622047244 3122.834645669291 160.62992125984252 130.70866141732284 de

91.33858267716535 3217.3228346456694 264.56692913385825 146.45669291338584 Plu
242.51968503937007 3217.3228346456694 414.1732283464567 146.45669291338584 tarque,
543.3070866141733 3217.3228346456694 489.76377952755905 146.45669291338584 traduites
921.2598425196851 3217.3228346456694 226.77165354330708 146.45669291338584 de
1034.6456692913387 3217.3228346456694 489.76377952755905 146.45669291338584 l’anglais
1411.023622047244 3217.3228346456694 226.77165354330708 146.45669291338584 de
1524.4094488188975 3217.3228346456694 376.37795275590554 146.45669291338584 Thomas
1749.6062992125985 3217.3228346456694 188.9763779527559 146.45669291338584 Row

88.18897637795276 3327.5590551181103 335.43307086614175 129.13385826771653 tome
256.6929133858268 3327.5590551181103 418.8976377952756 129.13385826771653 onzième.
