1551 2700
535 172 256 98 (51
645 172 110 98 )

178 255 162 70 les
271 255 255 70 consuls
456 255 139 70 se
525 255 255 70 forment
711 255 139 70 en
780 255 301 70 tribunal,
1012 255 139 70 et
1059 255 185 70 ordon-

177 338 193 63 nent
298 338 218 63 qu’on
443 338 193 63 leur
564 338 218 63 amène
709 338 169 63 les
806 338 339 63 coupables.
1072 338 145 63 On
1120 338 121 63 les

178 403 185 87 leur
293 403 277 87 présente
501 403 208 87 pieds
640 403 139 87 et
709 403 208 87 mains
847 403 208 87 liés;
986 403 139 87 on
1055 403 185 87 fait
1148 403 92 87 la

180 475 248 62 lecture
361 475 136 62 de
429 475 181 62 leur
542 475 248 62 lettre;
723 475 136 62 on
790 475 294 62 interroge
994 475 248 62 l’esclave

180 549 161 61 qui
272 549 161 61 les
364 549 115 61 a
411 549 300 61 dénoncés.
641 549 185 61 Tous
757 549 161 61 les
849 549 277 61 conjurés
1033 549 208 61 étoient

176 609 173 73 des
275 609 347 73 meilleures
548 609 297 73 familles
771 609 149 73 de
845 609 223 73 Rome.
969 609 272 73 Cependant

177 678 136 78 le
245 678 226 78 peuple
403 678 249 78 n’avoit
584 678 158 78 les
675 678 181 78 yeux
788 678 158 78 que
878 678 158 78 sur
969 678 158 78 les
1059 678 181 78 fils
1150 678 90 78 de

175 748 250 74 Brutus,
357 748 136 74 et
425 748 136 74 si
493 748 159 74 des
584 748 295 74 traîtres,
811 748 159 74 des
902 748 250 74 ingrats
1060 748 182 74 envers

177 821 185 64 leur
292 821 231 64 patrie
454 821 139 64 ne
524 821 277 64 devoient
732 821 254 64 exciter
916 821 231 64 aucune
1055 821 185 64 pitié;

175 888 142 61 on
246 888 308 61 gémissoit
483 888 308 61 néanmoins
720 888 166 61 sur
814 888 189 61 leur
932 888 213 61 sort,
1074 888 166 61 que
1145 888 95 61 la

178 959 266 79 position
377 959 177 79 d’un
488 959 199 79 père,
621 959 199 79 forcé
754 959 133 79 de
820 959 199 79 juger
953 959 155 79 ses
1020 959 221 79 enfants,

172 1033 273 79 rendoit
371 1033 248 79 encore
544 1033 198 79 plus
668 1033 397 79 intéressant.
990 1033 149 79 Le
1040 1033 198 79 peuple

173 1096 267 72 joignoit
373 1096 155 72 ses
462 1096 222 72 larmes
617 1096 111 72 à
661 1096 222 72 celles
817 1096 155 72 des
906 1096 311 72 criminels;
1128 1096 111 72 les

175 1171 165 76 uns
270 1171 307 76 vouloient
506 1171 213 76 qu’on
648 1171 189 76 leur
766 1171 331 76 pardonnât;
1025 1171 165 76 les
1096 1171 142 76 plus

172 1233 266 66 sévères
365 1233 145 66 ne
438 1233 169 66 les
535 1233 387 66 condamnoient
850 1233 194 66 qu’à
971 1233 145 66 un
1019 1233 218 66 bannis-

174 1302 260 59 sement.
363 1302 236 59 Brutus
528 1302 212 59 ayant
670 1302 189 59 fait
788 1302 212 59 faire
929 1302 283 59 silence,
1118 1302 118 59 de-

178 1385 195 64 manda
308 1385 152 64 par
395 1385 195 64 trois
525 1385 173 64 fois
633 1385 108 64 à
676 1385 152 64 ses
763 1385 238 64 enfants
936 1385 195 64 s’ils
1044 1385 195 64 avoient

174 1440 248 71 quelque
355 1440 203 71 chose
491 1440 113 71 à
536 1440 181 71 dire
649 1440 181 71 pour
762 1440 181 71 leur
875 1440 271 71 défense.
1055 1440 181 71 Voyant

171 1515 236 68 qu’ils
337 1515 142 68 ne
408 1515 355 68 répondoient
691 1515 213 68 rien,
833 1515 142 68 il
904 1515 284 68 prononça
1093 1515 142 68 lui-

172 1584 189 51 même
291 1584 189 51 leur
409 1584 307 51 sentence.
645 1584 260 51 Ensuite
834 1584 142 51 se
905 1584 284 51 tournant
1094 1584 142 51 vers

172 1648 158 66 ses
263 1648 316 66 officiers:
511 1648 316 66 «Licteurs,
760 1648 248 66 dit-il,
940 1648 226 66 faites
1076 1648 158 66 votre

170 1708 304 83 devoir.»
397 1708 304 83 Aussitôt
625 1708 152 83 le
701 1708 304 83 supplice
928 1708 304 83 commence
1131 1708 101 83 et

173 1783 248 76 Brutus,
354 1783 181 76 seul
467 1783 316 76 insensible
715 1783 113 76 à
760 1783 158 76 cet
850 1783 271 76 horrible
1031 1783 203 76 specta-

178 1838 166 72 cle,
282 1838 145 72 vit
365 1838 145 72 ses
448 1838 166 72 fils
552 1838 207 72 battre
697 1838 124 72 de
759 1838 207 72 verges
904 1838 124 72 et
966 1838 207 72 tomber
1091 1838 145 72 leurs

168 1909 193 72 têtes
296 1909 171 72 sous
403 1909 128 72 la
467 1909 193 72 hache
595 1909 150 72 des
660 1909 235 72 licteurs.

109 1983 357 83 Supplément
390 1983 179 83 aux
492 1983 204 83 vies
620 1983 179 83 des
722 1983 255 83 hommes
901 1983 332 83 illustres
1131 1983 102 83 de

58 2043 168 93 Plu
154 2043 263 93 tarque,
345 2043 311 93 traduites
585 2043 144 93 de
657 2043 311 93 l’anglais
896 2043 144 93 de
968 2043 239 93 Thomas
1111 2043 120 93 Row

56 2113 213 82 tome
163 2113 266 82 onzième.
