2527.5590551181103 4327.55905511811
1278.740157480315 256.6929133858268 242.51968503937007 192.1259842519685 (
1376.3779527559054 256.6929133858268 291.33858267716533 192.1259842519685 52
1474.015748031496 256.6929133858268 146.45669291338584 192.1259842519685 )

940.1574803149606 475.59055118110234 415.748031496063 143.30708661417322 MAYER
1170.0787401574803 475.59055118110234 785.8267716535433 143.30708661417322 (mademoiselle).

519.6850393700787 661.4173228346457 344.88188976377955 137.00787401574803 50.
716.5354330708661 661.4173228346457 296.06299212598424 137.00787401574803 Le
864.5669291338583 661.4173228346457 393.7007874015748 137.00787401574803 rêve
1110.236220472441 661.4173228346457 296.06299212598424 137.00787401574803 du
1209.4488188976377 661.4173228346457 492.9133858267717 137.00787401574803 bonheur.

774.8031496062993 850.3937007874016 324.40944881889766 148.03149606299212 Denx
977.9527559055118 850.3937007874016 404.7244094488189 148.03149606299212 jeunes
1261.4173228346456 850.3937007874016 363.7795275590551 148.03149606299212 époux
1503.9370078740158 850.3937007874016 324.40944881889766 148.03149606299212 dans
1707.0866141732283 850.3937007874016 283.46456692913387 148.03149606299212 une
1869.291338582677 850.3937007874016 445.6692913385827 148.03149606299212 barque,
2152.755905511811 850.3937007874016 242.51968503937007 148.03149606299212 avec

696.0629921259842 966.9291338582677 288.18897637795277 129.13385826771653 leur
875.5905511811023 966.9291338582677 396.8503937007874 129.13385826771653 enfant,
1163.7795275590552 966.9291338582677 288.18897637795277 129.13385826771653 sont
1344.8818897637796 966.9291338582677 431.496062992126 129.13385826771653 conduits
1669.291338582677 966.9291338582677 251.96850393700788 129.13385826771653 sur
1812.5984251968505 966.9291338582677 215.748031496063 129.13385826771653 le
1921.259842519685 966.9291338582677 360.62992125984255 129.13385826771653 fleuve
2173.228346456693 966.9291338582677 215.748031496063 129.13385826771653 de
2245.6692913385828 966.9291338582677 143.30708661417322 129.13385826771653 la

697.6377952755905 1096.0629921259842 258.26771653543307 107.08661417322834 vie
844.0944881889764 1096.0629921259842 258.26771653543307 107.08661417322834 par
992.1259842519685 1096.0629921259842 404.7244094488189 107.08661417322834 l’Amour
1286.6141732283465 1096.0629921259842 220.4724409448819 107.08661417322834 et
1396.8503937007874 1096.0629921259842 220.4724409448819 107.08661417322834 la
1469.291338582677 1096.0629921259842 368.503937007874 107.08661417322834 fortune.

559.0551181102362 1423.6220472440946 570.0787401574803 149.60629921259843 MAUZAISSE
998.4251968503937 1423.6220472440946 877.1653543307086 149.60629921259843 (Jean-Baptiste),
1743.3070866141732 1423.6220472440946 262.99212598425197 149.60629921259843 né
1875.5905511811025 1423.6220472440946 218.89763779527559 149.60629921259843 à
1919.6850393700788 1423.6220472440946 439.37007874015745 149.60629921259843 Corbeil,

880.3149606299213 1570.0787401574803 577.9527559055118 140.15748031496062 département
1341.732283464567 1570.0787401574803 231.49606299212599 140.15748031496062 de
1418.8976377952756 1570.0787401574803 617.3228346456693 140.15748031496062 Seine

521.2598425196851 1748.0314960629921 344.88188976377955 159.0551181102362 51.
718.1102362204724 1748.0314960629921 296.06299212598424 159.0551181102362 Le
866.1417322834645 1748.0314960629921 442.5196850393701 159.0551181102362 poëte
1160.6299212598426 1748.0314960629921 541.7322834645669 159.0551181102362 Arioste
1554.3307086614172 1748.0314960629921 590.5511811023622 159.0551181102362 respecté
1998.4251968503936 1748.0314960629921 344.88188976377955 159.0551181102362 par
2146.4566929133857 1748.0314960629921 245.66929133858267 159.0551181102362 des

573.2283464566929 1885.0393700787401 521.2598425196851 154.33070866141733 brigands.

784.2519685039371 2061.417322834646 337.00787401574803 116.53543307086615 Louis
1009.4488188976378 2061.417322834646 448.81889763779526 116.53543307086615 Arioste,
1346.4566929133857 2061.417322834646 374.8031496062992 116.53543307086615 fameux
1607.8740157480315 2061.417322834646 337.00787401574803 116.53543307086615 poëte
1833.0708661417323 2061.417322834646 448.81889763779526 116.53543307086615 italien,
2132.283464566929 2061.417322834646 261.4173228346457 116.53543307086615 d’une

697.6377952755905 2168.503937007874 258.26771653543307 107.08661417322834 des
844.0944881889764 2168.503937007874 480.31496062992125 107.08661417322834 premières
1214.1732283464567 2168.503937007874 444.09448818897636 107.08661417322834 familles
1548.0314960629921 2168.503937007874 222.04724409448818 107.08661417322834 de
1658.267716535433 2168.503937007874 406.2992125984252 107.08661417322834 Reggio,
1954.3307086614172 2168.503937007874 332.2834645669291 107.08661417322834 jouit
2140.1574803149606 2168.503937007874 258.26771653543307 107.08661417322834 d’une

696.0629921259842 2291.3385826771655 412.59842519685037 107.08661417322834 grande
984.2519685039371 2291.3385826771655 702.3622047244095 107.08661417322834 considération
1563.7795275590552 2291.3385826771655 206.29921259842519 107.08661417322834 à
1645.6692913385828 2291.3385826771655 247.24409448818898 107.08661417322834 la
1770.0787401574803 2291.3385826771655 330.70866141732284 107.08661417322834 cour
1976.3779527559054 2291.3385826771655 247.24409448818898 107.08661417322834 du
2099.212598425197 2291.3385826771655 289.76377952755905 107.08661417322834 duc
2223.6220472440946 2291.3385826771655 165.35433070866142 107.08661417322834 de

697.6377952755905 2400.0 431.496062992126 100.78740157480316 Ferrare,
1022.0472440944882 2400.0 288.18897637795277 100.78740157480316 dont
1201.5748031496064 2400.0 215.748031496063 100.78740157480316 il
1310.236220472441 2400.0 324.40944881889766 100.78740157480316 étoit
1525.984251968504 2400.0 360.62992125984255 100.78740157480316 allié.
1777.9527559055118 2400.0 324.40944881889766 100.78740157480316 Après
1993.7007874015749 2400.0 215.748031496063 100.78740157480316 la
2102.3622047244094 2400.0 288.18897637795277 100.78740157480316 mort
2247.244094488189 2400.0 143.30708661417322 100.78740157480316 du

703.9370078740158 2524.4094488188975 420.4724409448819 86.61417322834646 cardinal
1018.8976377952756 2524.4094488188975 456.6929133858268 86.61417322834646 Hippolyte
1370.0787401574803 2524.4094488188975 351.18110236220474 86.61417322834646 d’Est,
1615.748031496063 2524.4094488188975 351.18110236220474 86.61417322834646 auquel
1861.4173228346456 2524.4094488188975 211.0236220472441 86.61417322834646 il
1966.9291338582677 2524.4094488188975 385.8267716535433 86.61417322834646 s’étoit
2212.5984251968503 2524.4094488188975 174.8031496062992 86.61417322834646 at-

702.3622047244095 2604.7244094488187 374.8031496062992 116.53543307086615 taché,
965.3543307086615 2604.7244094488187 225.1968503937008 116.53543307086615 le
1077.1653543307086 2604.7244094488187 262.99212598425197 116.53543307086615 duc
1226.7716535433071 2604.7244094488187 450.3937007874016 116.53543307086615 Alphonse
1565.3543307086613 2604.7244094488187 412.59842519685037 116.53543307086615 procura
1864.5669291338584 2604.7244094488187 187.4015748031496 116.53543307086615 à
1938.5826771653544 2604.7244094488187 225.1968503937008 116.53543307086615 ce
2051.968503937008 2604.7244094488187 337.00787401574803 116.53543307086615 poëte
2239.3700787401576 2604.7244094488187 149.60629921259843 116.53543307086615 le

702.3622047244095 2733.8582677165355 292.9133858267717 92.91338582677166 sort
885.0393700787401 2733.8582677165355 220.4724409448819 92.91338582677166 le
995.2755905511812 2733.8582677165355 292.9133858267717 92.91338582677166 plus
1179.5275590551182 2733.8582677165355 440.9448818897638 92.91338582677166 agréable
1510.236220472441 2733.8582677165355 292.9133858267717 92.91338582677166 pour
1692.9133858267717 2733.8582677165355 220.4724409448819 92.91338582677166 le
1803.1496062992126 2733.8582677165355 330.70866141732284 92.91338582677166 fixer
2023.6220472440946 2733.8582677165355 366.92913385826773 92.91338582677166 auprès
2244.0944881889764 2733.8582677165355 146.45669291338584 92.91338582677166 de

699.2125984251968 2826.771653543307 281.8897637795276 132.28346456692913 lui.
875.5905511811023 2826.771653543307 387.40157480314963 132.28346456692913 Arioste
1157.4803149606298 2826.771653543307 211.0236220472441 132.28346456692913 en
1262.992125984252 2826.771653543307 387.40157480314963 132.28346456692913 profita
1544.8818897637796 2826.771653543307 281.8897637795276 132.28346456692913 pour
1721.259842519685 2826.771653543307 423.62204724409446 132.28346456692913 composer
2003.1496062992126 2826.771653543307 387.40157480314963 132.28346456692913 plusieurs

702.3622047244095 2959.0551181102364 467.7165354330709 107.08661417322834 ouvrages:
1061.4173228346456 2959.0551181102364 215.748031496063 107.08661417322834 le
1170.0787401574803 2959.0551181102364 288.18897637795277 107.08661417322834 plus
1349.6062992125985 2959.0551181102364 395.2755905511811 107.08661417322834 célèbre
1637.7952755905512 2959.0551181102364 215.748031496063 107.08661417322834 de
1744.8818897637796 2959.0551181102364 288.18897637795277 107.08661417322834 tous
1924.4094488188975 2959.0551181102364 251.96850393700788 107.08661417322834 est
2069.2913385826773 2959.0551181102364 215.748031496063 107.08661417322834 le
2140.1574803149606 2959.0551181102364 251.96850393700788 107.08661417322834 poëme

702.3622047244095 3040.9448818897636 225.1968503937008 113.38582677165354 de
815.7480314960629 3040.9448818897636 376.37795275590554 113.38582677165354 Roland
1078.740157480315 3040.9448818897636 451.9685039370079 113.38582677165354 furieux,
1417.3228346456692 3040.9448818897636 262.99212598425197 113.38582677165354 qui
1568.5039370078741 3040.9448818897636 262.99212598425197 113.38582677165354 lui
1718.1102362204724 3040.9448818897636 376.37795275590554 113.38582677165354 acquit
1981.1023622047244 3040.9448818897636 262.99212598425197 113.38582677165354 une
2094.488188976378 3040.9448818897636 300.78740157480314 113.38582677165354 grande

662.992125984252 3155.9055118110236 500.78740157480314 124.40944881889764 réputation.

779.5275590551181 3258.267716535433 255.11811023622047 116.53543307086615 On
907.0866141732283 3258.267716535433 297.6377952755906 116.53543307086615 dit
1077.1653543307086 3258.267716535433 297.6377952755906 116.53543307086615 que
1247.244094488189 3258.267716535433 255.11811023622047 116.53543307086615 ce
1374.8031496062993 3258.267716535433 425.1968503937008 116.53543307086615 poëte,
1672.4409448818897 3258.267716535433 382.6771653543307 116.53543307086615 nommé
1885.0393700787401 3258.267716535433 510.23622047244095 116.53543307086615 gouverneur

703.9370078740158 3370.0787401574803 215.748031496063 124.40944881889764 de
812.5984251968504 3370.0787401574803 574.8031496062993 124.40944881889764 Grafagnogna,
1278.740157480315 3370.0787401574803 322.8346456692913 124.40944881889764 étant
1494.4881889763778 3370.0787401574803 322.8346456692913 124.40944881889764 parti
1710.236220472441 3370.0787401574803 288.18897637795277 124.40944881889764 pour
1889.763779527559 3370.0787401574803 322.8346456692913 124.40944881889764 aller
2070.8661417322833 3370.0787401574803 322.8346456692913 124.40944881889764 apaiser

700.7874015748032 3491.3385826771655 256.6929133858268 152.75590551181102 des
847.2440944881889 3491.3385826771655 439.37007874015745 152.75590551181102 troubles
1176.3779527559054 3491.3385826771655 256.6929133858268 152.75590551181102 qui
1322.8346456692914 3491.3385826771655 475.59055118110234 152.75590551181102 s’étoient
1688.1889763779527 3491.3385826771655 511.81102362204723 152.75590551181102 manifestés
2089.763779527559 3491.3385826771655 292.9133858267717 152.75590551181102 dans
2236.220472440945 3491.3385826771655 146.45669291338584 152.75590551181102 la
