1539 2700
117 297 300 100 province,
347 297 161 100 fut
440 297 230 100 arrêté
601 297 138 100 en
670 297 230 100 chemin
831 297 161 100 par
924 297 161 100 une
993 297 184 100 troupe

120 377 140 72 de
190 377 304 72 brigands;
424 377 140 72 on
494 377 234 72 ajoute
658 377 164 72 que
752 377 187 72 ceux
869 377 140 72 ci
939 377 140 72 se
986 377 187 72 dispo-

122 443 219 70 soient
275 443 110 70 à
319 443 153 70 lui
407 443 241 70 enlever
582 443 175 70 tout
692 443 153 70 son
780 443 241 70 bagage,
933 443 241 70 lorsqu’il

119 515 172 74 fut
218 515 270 74 reconnu
414 515 172 74 par
512 515 196 74 l’un
634 515 245 74 d’eux.
806 515 147 74 Au
880 515 196 74 seul
1002 515 172 74 nom
1076 515 98 74 de

121 578 302 82 l’Arioste,
359 578 129 82 on
423 578 151 82 les
510 578 151 82 eût
596 578 173 82 tous
704 578 151 82 vus
790 578 216 82 rendre
941 578 151 82 les
1006 578 173 82 objets

122 660 220 64 volés,
276 660 132 64 se
342 660 308 64 prosterner
584 660 220 64 devant
737 660 132 64 le
803 660 220 64 poëte,
957 660 132 64 et
1001 660 176 64 témoi-

119 726 184 79 gner
234 726 161 79 par
326 726 207 79 leurs
464 726 322 79 transports
716 726 138 79 le
785 726 276 79 respect,
992 726 138 79 la
1038 726 138 79 joie

119 804 138 62 et
188 804 138 62 le
257 804 253 62 plaisir
441 804 230 62 qu’ils
602 804 345 62 éprouvoient
878 804 138 62 en
947 804 230 62 voyant
1085 804 92 62 un

120 879 272 66 écrivain
324 879 136 66 si
370 879 227 66 célèbre.

39 1131 298 99 MEYNIER
255 1131 379 99 (Charles),
553 1131 271 99 membre
742 1131 162 99 de
796 1131 352 99 l’Institut,

456 1209 141 82 né
526 1209 117 82 à
549 1209 188 82 Paris.

45 1302 178 117 2.
134 1302 178 117 Le
224 1302 297 117 berger
432 1302 327 117 Phorbas
670 1302 357 117 présente
907 1302 268 117 OÉdipe,

72 1392 337 106 enfant,
318 1392 153 106 à
379 1392 368 106 Péribée,
655 1392 276 106 femme
839 1392 184 106 de
900 1392 276 106 Polybe,

76 1490 196 74 roi
188 1490 168 74 de
244 1490 309 74 Corinthe.

175 1607 155 97 Le
253 1607 258 97 berger
433 1607 309 97 Phorbas,
665 1607 232 97 ayant
819 1607 258 97 trouvé
974 1607 206 97 OEdipe

123 1694 335 76 abandonné
381 1694 155 76 et
459 1694 310 76 suspendu
691 1694 181 76 par
794 1694 181 76 les
897 1694 232 76 pieds
1052 1694 129 76 à
1078 1694 103 76 un

131 1750 210 76 arbre
271 1750 164 76 sur
364 1750 140 76 le
435 1750 187 76 mont
552 1750 304 76 Cithéron,
785 1750 140 76 le
856 1750 210 76 porte
996 1750 187 76 dans
1089 1750 94 76 le

130 1813 228 86 palais
290 1813 137 86 de
358 1813 251 86 Polybe,
541 1813 160 86 roi
632 1813 137 86 de
701 1813 297 86 Corinthe,
929 1813 137 86 et
997 1813 137 86 le
1043 1813 137 86 pré-

131 1895 202 63 sente
265 1895 112 63 à
310 1895 134 63 la
377 1895 202 63 reine
511 1895 269 63 Péribée.
713 1895 202 63 C’est
847 1895 134 63 ce
914 1895 246 63 dernier
1071 1895 112 63 mo-

131 1977 183 54 ment
245 1977 160 54 que
337 1977 297 54 l’artiste
565 1977 114 54 a
611 1977 228 54 choisi
771 1977 183 54 pour
885 1977 228 54 donner
1045 1977 114 54 à
1068 1977 114 54 son

124 2028 208 79 sujet
262 2028 185 79 tout
378 2028 138 79 le
447 2028 392 79 développement
770 2028 138 79 et
839 2028 185 79 tout
931 2028 254 79 l’intérêt

129 2097 174 85 dont
238 2097 131 85 il
304 2097 153 85 est
369 2097 305 85 susceptible.

189 2157 139 75 La
258 2157 208 75 reine
397 2157 162 75 est
489 2157 277 75 entourée
697 2157 139 75 de
766 2157 231 75 femmes
928 2157 139 75 et
997 2157 139 75 de
1043 2157 139 75 jeu-

132 2226 156 96 nes
221 2226 223 96 filles
377 2226 268 96 occupées
579 2226 112 96 à
623 2226 201 96 jouer
757 2226 134 96 de
824 2226 134 96 la
891 2226 179 96 lyre
1003 2226 134 96 ou
1070 2226 112 96 à
1093 2226 89 96 de
