2423.6220472440946 4251.968503937008
184.251968503937 467.7165354330709 472.4409448818898 157.48031496062993 province,
546.4566929133858 467.7165354330709 253.54330708661416 157.48031496062993 fut
692.9133858267717 467.7165354330709 362.20472440944883 157.48031496062993 arrêté
946.4566929133858 467.7165354330709 217.3228346456693 157.48031496062993 en
1055.1181102362204 467.7165354330709 362.20472440944883 157.48031496062993 chemin
1308.6614173228347 467.7165354330709 253.54330708661416 157.48031496062993 par
1455.1181102362204 467.7165354330709 253.54330708661416 157.48031496062993 une
1563.7795275590552 467.7165354330709 289.76377952755905 157.48031496062993 troupe

188.9763779527559 593.7007874015748 220.4724409448819 113.38582677165354 de
299.21259842519686 593.7007874015748 478.74015748031496 113.38582677165354 brigands;
667.7165354330708 593.7007874015748 220.4724409448819 113.38582677165354 on
777.9527559055118 593.7007874015748 368.503937007874 113.38582677165354 ajoute
1036.2204724409448 593.7007874015748 258.26771653543307 113.38582677165354 que
1184.251968503937 593.7007874015748 294.48818897637796 113.38582677165354 ceux
1368.5039370078741 593.7007874015748 220.4724409448819 113.38582677165354 ci
1478.740157480315 593.7007874015748 220.4724409448819 113.38582677165354 se
1552.755905511811 593.7007874015748 294.48818897637796 113.38582677165354 dispo-

192.1259842519685 697.6377952755905 344.88188976377955 110.23622047244095 soient
433.07086614173227 697.6377952755905 173.22834645669292 110.23622047244095 à
502.3622047244094 697.6377952755905 240.9448818897638 110.23622047244095 lui
640.9448818897638 697.6377952755905 379.5275590551181 110.23622047244095 enlever
916.5354330708661 697.6377952755905 275.59055118110234 110.23622047244095 tout
1089.763779527559 697.6377952755905 240.9448818897638 110.23622047244095 son
1228.3464566929133 697.6377952755905 379.5275590551181 110.23622047244095 bagage,
1469.291338582677 697.6377952755905 379.5275590551181 110.23622047244095 lorsqu’il

187.4015748031496 811.0236220472441 270.86614173228344 116.53543307086615 fut
343.3070866141732 811.0236220472441 425.1968503937008 116.53543307086615 reconnu
651.9685039370079 811.0236220472441 270.86614173228344 116.53543307086615 par
806.2992125984252 811.0236220472441 308.66141732283467 116.53543307086615 l’un
998.4251968503937 811.0236220472441 385.8267716535433 116.53543307086615 d’eux.
1269.291338582677 811.0236220472441 231.49606299212599 116.53543307086615 Au
1385.8267716535433 811.0236220472441 308.66141732283467 116.53543307086615 seul
1577.9527559055118 811.0236220472441 270.86614173228344 116.53543307086615 nom
1694.4881889763778 811.0236220472441 154.33070866141733 116.53543307086615 de

190.5511811023622 910.2362204724409 475.59055118110234 129.13385826771653 l’Arioste,
565.3543307086615 910.2362204724409 203.1496062992126 129.13385826771653 on
666.1417322834645 910.2362204724409 237.79527559055117 129.13385826771653 les
803.1496062992126 910.2362204724409 237.79527559055117 129.13385826771653 eût
938.5826771653543 910.2362204724409 272.4409448818898 129.13385826771653 tous
1108.6614173228347 910.2362204724409 237.79527559055117 129.13385826771653 vus
1244.0944881889764 910.2362204724409 340.15748031496065 129.13385826771653 rendre
1481.8897637795276 910.2362204724409 237.79527559055117 129.13385826771653 les
1584.251968503937 910.2362204724409 272.4409448818898 129.13385826771653 objets

192.1259842519685 1039.3700787401574 346.45669291338584 100.78740157480316 volés,
434.6456692913386 1039.3700787401574 207.8740157480315 100.78740157480316 se
538.5826771653543 1039.3700787401574 485.03937007874015 100.78740157480316 prosterner
919.6850393700787 1039.3700787401574 346.45669291338584 100.78740157480316 devant
1160.6299212598426 1039.3700787401574 207.8740157480315 100.78740157480316 le
1264.5669291338584 1039.3700787401574 346.45669291338584 100.78740157480316 poëte,
1507.0866141732283 1039.3700787401574 207.8740157480315 100.78740157480316 et
1576.3779527559054 1039.3700787401574 277.1653543307087 100.78740157480316 témoi-

187.4015748031496 1143.3070866141732 289.76377952755905 124.40944881889764 gner
368.503937007874 1143.3070866141732 253.54330708661416 124.40944881889764 par
513.3858267716536 1143.3070866141732 325.98425196850394 124.40944881889764 leurs
730.7086614173228 1143.3070866141732 507.0866141732283 124.40944881889764 transports
1127.5590551181103 1143.3070866141732 217.3228346456693 124.40944881889764 le
1236.2204724409448 1143.3070866141732 434.6456692913386 124.40944881889764 respect,
1562.2047244094488 1143.3070866141732 217.3228346456693 124.40944881889764 la
1634.6456692913387 1143.3070866141732 217.3228346456693 124.40944881889764 joie

187.4015748031496 1266.1417322834645 217.3228346456693 97.63779527559055 et
296.06299212598424 1266.1417322834645 217.3228346456693 97.63779527559055 le
404.7244094488189 1266.1417322834645 398.4251968503937 97.63779527559055 plaisir
694.488188976378 1266.1417322834645 362.20472440944883 97.63779527559055 qu’ils
948.0314960629921 1266.1417322834645 543.3070866141733 97.63779527559055 éprouvoient
1382.6771653543308 1266.1417322834645 217.3228346456693 97.63779527559055 en
1491.3385826771653 1266.1417322834645 362.20472440944883 97.63779527559055 voyant
1708.6614173228347 1266.1417322834645 144.88188976377953 97.63779527559055 un

188.9763779527559 1384.251968503937 428.34645669291336 103.93700787401575 écrivain
510.23622047244095 1384.251968503937 214.17322834645668 103.93700787401575 si
582.6771653543307 1384.251968503937 357.4803149606299 103.93700787401575 célèbre.

61.41732283464567 1781.1023622047244 469.29133858267716 155.90551181102362 MEYNIER
401.5748031496063 1781.1023622047244 596.8503937007874 155.90551181102362 (Charles),
870.8661417322835 1781.1023622047244 426.7716535433071 155.90551181102362 membre
1168.5039370078741 1781.1023622047244 255.11811023622047 155.90551181102362 de
1253.5433070866143 1781.1023622047244 554.3307086614174 155.90551181102362 l’Institut,

718.1102362204724 1903.9370078740158 222.04724409448818 129.13385826771653 né
828.3464566929134 1903.9370078740158 184.251968503937 129.13385826771653 à
864.5669291338583 1903.9370078740158 296.06299212598424 129.13385826771653 Paris.

70.86614173228347 2050.3937007874015 280.31496062992125 184.251968503937 2.
211.0236220472441 2050.3937007874015 280.31496062992125 184.251968503937 Le
352.755905511811 2050.3937007874015 467.7165354330709 184.251968503937 berger
680.3149606299213 2050.3937007874015 514.9606299212599 184.251968503937 Phorbas
1055.1181102362204 2050.3937007874015 562.2047244094488 184.251968503937 présente
1428.3464566929133 2050.3937007874015 422.0472440944882 184.251968503937 OÉdipe,

113.38582677165354 2192.1259842519685 530.7086614173228 166.9291338582677 enfant,
500.78740157480314 2192.1259842519685 240.9448818897638 166.9291338582677 à
596.8503937007874 2192.1259842519685 579.5275590551181 166.9291338582677 Péribée,
1031.4960629921259 2192.1259842519685 434.6456692913386 166.9291338582677 femme
1321.259842519685 2192.1259842519685 289.76377952755905 166.9291338582677 de
1417.3228346456692 2192.1259842519685 434.6456692913386 166.9291338582677 Polybe,

119.68503937007874 2346.4566929133857 308.66141732283467 116.53543307086615 roi
296.06299212598424 2346.4566929133857 264.56692913385825 116.53543307086615 de
384.251968503937 2346.4566929133857 486.61417322834643 116.53543307086615 Corinthe.

275.59055118110234 2530.7086614173227 244.09448818897638 152.75590551181102 Le
398.4251968503937 2530.7086614173227 406.2992125984252 152.75590551181102 berger
681.8897637795276 2530.7086614173227 486.61417322834643 152.75590551181102 Phorbas,
1047.244094488189 2530.7086614173227 365.3543307086614 152.75590551181102 ayant
1289.763779527559 2530.7086614173227 406.2992125984252 152.75590551181102 trouvé
1533.8582677165355 2530.7086614173227 324.40944881889766 152.75590551181102 OEdipe

193.70078740157481 2667.716535433071 527.5590551181102 119.68503937007874 abandonné
600.0 2667.716535433071 244.09448818897638 119.68503937007874 et
722.8346456692914 2667.716535433071 488.18897637795277 119.68503937007874 suspendu
1088.1889763779527 2667.716535433071 285.03937007874015 119.68503937007874 par
1250.3937007874015 2667.716535433071 285.03937007874015 119.68503937007874 les
1412.5984251968505 2667.716535433071 365.3543307086614 119.68503937007874 pieds
1656.6929133858268 2667.716535433071 203.1496062992126 119.68503937007874 à
1697.6377952755906 2667.716535433071 162.20472440944883 119.68503937007874 un

206.29921259842519 2755.9055118110236 330.70866141732284 119.68503937007874 arbre
426.7716535433071 2755.9055118110236 258.26771653543307 119.68503937007874 sur
573.2283464566929 2755.9055118110236 220.4724409448819 119.68503937007874 le
685.0393700787401 2755.9055118110236 294.48818897637796 119.68503937007874 mont
869.2913385826772 2755.9055118110236 478.74015748031496 119.68503937007874 Cithéron,
1236.2204724409448 2755.9055118110236 220.4724409448819 119.68503937007874 le
1348.0314960629921 2755.9055118110236 330.70866141732284 119.68503937007874 porte
1568.5039370078741 2755.9055118110236 294.48818897637796 119.68503937007874 dans
1714.9606299212599 2755.9055118110236 148.03149606299212 119.68503937007874 le

204.7244094488189 2855.1181102362207 359.0551181102362 135.43307086614172 palais
456.6929133858268 2855.1181102362207 215.748031496063 135.43307086614172 de
563.7795275590552 2855.1181102362207 395.2755905511811 135.43307086614172 Polybe,
851.9685039370079 2855.1181102362207 251.96850393700788 135.43307086614172 roi
995.2755905511812 2855.1181102362207 215.748031496063 135.43307086614172 de
1103.9370078740158 2855.1181102362207 467.7165354330709 135.43307086614172 Corinthe,
1462.992125984252 2855.1181102362207 215.748031496063 135.43307086614172 et
1570.0787401574803 2855.1181102362207 215.748031496063 135.43307086614172 le
1642.5196850393702 2855.1181102362207 215.748031496063 135.43307086614172 pré-

206.29921259842519 2984.251968503937 318.1102362204724 99.21259842519684 sente
417.3228346456693 2984.251968503937 176.3779527559055 99.21259842519684 à
488.18897637795277 2984.251968503937 211.0236220472441 99.21259842519684 la
593.7007874015748 2984.251968503937 318.1102362204724 99.21259842519684 reine
804.7244094488188 2984.251968503937 423.62204724409446 99.21259842519684 Péribée.
1122.8346456692914 2984.251968503937 318.1102362204724 99.21259842519684 C’est
1333.8582677165355 2984.251968503937 211.0236220472441 99.21259842519684 ce
1439.3700787401574 2984.251968503937 387.40157480314963 99.21259842519684 dernier
1686.6141732283465 2984.251968503937 176.3779527559055 99.21259842519684 mo-

206.29921259842519 3113.3858267716537 288.18897637795277 85.03937007874016 ment
385.8267716535433 3113.3858267716537 251.96850393700788 85.03937007874016 que
530.7086614173228 3113.3858267716537 467.7165354330709 85.03937007874016 l’artiste
889.7637795275591 3113.3858267716537 179.5275590551181 85.03937007874016 a
962.2047244094488 3113.3858267716537 359.0551181102362 85.03937007874016 choisi
1214.1732283464567 3113.3858267716537 288.18897637795277 85.03937007874016 pour
1393.7007874015749 3113.3858267716537 359.0551181102362 85.03937007874016 donner
1645.6692913385828 3113.3858267716537 179.5275590551181 85.03937007874016 à
1681.8897637795276 3113.3858267716537 179.5275590551181 85.03937007874016 son

195.2755905511811 3193.700787401575 327.5590551181102 124.40944881889764 sujet
412.59842519685037 3193.700787401575 291.33858267716533 124.40944881889764 tout
595.2755905511812 3193.700787401575 217.3228346456693 124.40944881889764 le
703.9370078740158 3193.700787401575 617.3228346456693 124.40944881889764 développement
1212.5984251968505 3193.700787401575 217.3228346456693 124.40944881889764 et
1321.259842519685 3193.700787401575 291.33858267716533 124.40944881889764 tout
1466.1417322834645 3193.700787401575 400.0 124.40944881889764 l’intérêt

203.1496062992126 3302.3622047244094 274.01574803149606 133.85826771653544 dont
374.8031496062992 3302.3622047244094 206.29921259842519 133.85826771653544 il
478.74015748031496 3302.3622047244094 240.9448818897638 133.85826771653544 est
581.1023622047244 3302.3622047244094 480.31496062992125 133.85826771653544 susceptible.

297.6377952755906 3396.850393700787 218.89763779527559 118.11023622047244 La
406.2992125984252 3396.850393700787 327.5590551181102 118.11023622047244 reine
625.1968503937007 3396.850393700787 255.11811023622047 118.11023622047244 est
770.0787401574803 3396.850393700787 436.2204724409449 118.11023622047244 entourée
1097.6377952755906 3396.850393700787 218.89763779527559 118.11023622047244 de
1206.2992125984251 3396.850393700787 363.7795275590551 118.11023622047244 femmes
1461.4173228346456 3396.850393700787 218.89763779527559 118.11023622047244 et
1570.0787401574803 3396.850393700787 218.89763779527559 118.11023622047244 de
1642.5196850393702 3396.850393700787 218.89763779527559 118.11023622047244 jeu-

207.8740157480315 3505.511811023622 245.66929133858267 151.1811023622047 nes
348.0314960629921 3505.511811023622 351.18110236220474 151.1811023622047 filles
593.7007874015748 3505.511811023622 422.0472440944882 151.1811023622047 occupées
911.8110236220473 3505.511811023622 176.3779527559055 151.1811023622047 à
981.1023622047244 3505.511811023622 316.53543307086613 151.1811023622047 jouer
1192.1259842519685 3505.511811023622 211.0236220472441 151.1811023622047 de
1297.6377952755906 3505.511811023622 211.0236220472441 151.1811023622047 la
1403.1496062992126 3505.511811023622 281.8897637795276 151.1811023622047 lyre
1579.5275590551182 3505.511811023622 211.0236220472441 151.1811023622047 ou
1685.0393700787401 3505.511811023622 176.3779527559055 151.1811023622047 à
1721.259842519685 3505.511811023622 140.15748031496062 151.1811023622047 de
