2489.763779527559 4261.417322834645
1165.3543307086613 291.33858267716533 245.66929133858267 171.6535433070866 (
1262.992125984252 291.33858267716533 294.48818897637796 171.6535433070866 54
1362.2047244094488 291.33858267716533 148.03149606299212 171.6535433070866 )

593.7007874015748 436.2204724409449 335.43307086614175 149.60629921259843 légers
828.3464566929134 436.2204724409449 370.0787401574803 149.60629921259843 travaux
1097.6377952755906 436.2204724409449 201.5748031496063 149.60629921259843 de
1198.4251968503936 436.2204724409449 269.29133858267716 149.60629921259843 leur
1365.3543307086613 436.2204724409449 302.3622047244094 149.60629921259843 sexe.
1566.9291338582677 436.2204724409449 470.86614173228344 149.60629921259843 Distraites
1937.007874015748 436.2204724409449 234.64566929133858 149.60629921259843 par
2037.7952755905512 436.2204724409449 234.64566929133858 149.60629921259843 l’ar-

590.5511811023622 568.503937007874 321.25984251968504 118.11023622047244 rivée
806.2992125984252 568.503937007874 214.17322834645668 118.11023622047244 de
913.3858267716536 568.503937007874 429.9212598425197 118.11023622047244 Phorbas,
1234.6456692913387 568.503937007874 321.25984251968504 118.11023622047244 elles
1450.3937007874015 568.503937007874 214.17322834645668 118.11023622047244 se
1557.4803149606298 568.503937007874 393.7007874015748 118.11023622047244 lèvent,
1807.8740157480315 568.503937007874 464.56692913385825 118.11023622047244 l’écoutent,

595.2755905511812 675.5905511811023 223.6220472440945 122.83464566929133 et
707.0866141732283 675.5905511811023 522.8346456692914 122.83464566929133 témoignent
1118.1102362204724 675.5905511811023 560.6299212598425 122.83464566929133 diversement
1566.9291338582677 675.5905511811023 485.03937007874015 122.83464566929133 l’intérêt
1940.1574803149606 675.5905511811023 261.4173228346457 122.83464566929133 que
2051.968503937008 675.5905511811023 223.6220472440945 122.83464566929133 leur

598.4251968503937 795.2755905511812 376.37795275590554 119.68503937007874 inspire
872.4409448818898 795.2755905511812 204.7244094488189 119.68503937007874 le
974.8031496062993 795.2755905511812 307.0866141732283 119.68503937007874 jeune
1179.5275590551182 795.2755905511812 376.37795275590554 119.68503937007874 enfant.
1453.5433070866143 795.2755905511812 204.7244094488189 119.68503937007874 Il
1555.9055118110236 795.2755905511812 239.37007874015748 119.68503937007874 est
1692.9133858267717 795.2755905511812 341.73228346456693 119.68503937007874 encore
1932.283464566929 795.2755905511812 341.73228346456693 119.68503937007874 foible
2137.0078740157483 795.2755905511812 137.00787401574803 119.68503937007874 et

598.4251968503937 891.3385826771654 477.1653543307087 127.55905511811024 souffrant,
974.8031496062993 891.3385826771654 204.7244094488189 127.55905511811024 et
1077.1653543307086 891.3385826771654 272.4409448818898 127.55905511811024 dans
1247.244094488189 891.3385826771654 239.37007874015748 127.55905511811024 les
1384.251968503937 891.3385826771654 272.4409448818898 127.55905511811024 bras
1554.3307086614172 891.3385826771654 204.7244094488189 127.55905511811024 du
1656.6929133858268 891.3385826771654 374.8031496062992 127.55905511811024 berger,
1929.1338582677165 891.3385826771654 239.37007874015748 127.55905511811024 qui
2031.4960629921259 891.3385826771654 239.37007874015748 127.55905511811024 s’ap-

595.2755905511812 1014.1732283464567 411.0236220472441 100.78740157480316 proche
881.8897637795276 1014.1732283464567 822.0472440944882 100.78740157480316 respectueusement
1581.1023622047244 1014.1732283464567 245.66929133858267 100.78740157480316 de
1703.9370078740158 1014.1732283464567 245.66929133858267 100.78740157480316 la
1826.7716535433071 1014.1732283464567 411.0236220472441 100.78740157480316 reine.
2074.015748031496 1014.1732283464567 204.7244094488189 100.78740157480316 Une

593.7007874015748 1127.5590551181103 329.13385826771656 124.40944881889764 femme
812.5984251968504 1127.5590551181103 329.13385826771656 124.40944881889764 prend
1031.4960629921259 1127.5590551181103 475.59055118110234 124.40944881889764 l’enfant,
1396.8503937007874 1127.5590551181103 218.89763779527559 124.40944881889764 le
1507.0866141732283 1127.5590551181103 401.5748031496063 124.40944881889764 soulève
1798.4251968503936 1127.5590551181103 292.9133858267717 124.40944881889764 pour
1981.1023622047244 1127.5590551181103 218.89763779527559 124.40944881889764 le
2055.1181102362207 1127.5590551181103 218.89763779527559 124.40944881889764 pré-

595.2755905511812 1236.2204724409448 365.3543307086614 119.68503937007874 senter
850.3937007874016 1236.2204724409448 182.6771653543307 119.68503937007874 à
922.8346456692914 1236.2204724409448 437.79527559055117 119.68503937007874 Péribée,
1251.9685039370079 1236.2204724409448 218.89763779527559 119.68503937007874 et
1360.6299212598426 1236.2204724409448 365.3543307086614 119.68503937007874 semble
1615.748031496063 1236.2204724409448 437.79527559055117 119.68503937007874 attendre
1944.8818897637796 1236.2204724409448 291.33858267716533 119.68503937007874 avec
2089.763779527559 1236.2204724409448 182.6771653543307 119.68503937007874 in-

595.2755905511812 1335.4330708661416 447.244094488189 108.66141732283465 quiétude
930.7086614173228 1335.4330708661416 223.6220472440945 108.66141732283465 ce
1044.0944881889764 1335.4330708661416 411.0236220472441 108.66141732283465 qu’elle
1341.732283464567 1335.4330708661416 223.6220472440945 108.66141732283465 va
1453.5433070866143 1335.4330708661416 485.03937007874015 108.66141732283465 prononcer
1826.7716535433071 1335.4330708661416 261.4173228346457 108.66141732283465 sur
1976.3779527559054 1335.4330708661416 223.6220472440945 108.66141732283465 le
2050.3937007874015 1335.4330708661416 223.6220472440945 108.66141732283465 sort

596.8503937007874 1451.9685039370079 218.89763779527559 114.96062992125984 de
705.511811023622 1451.9685039370079 255.11811023622047 114.96062992125984 cet
815.7480314960629 1451.9685039370079 436.2204724409449 114.96062992125984 infortuné.

1044.0944881889764 1897.6377952755906 543.3070866141733 130.70866141732284 MEYNIER.

417.3228346456693 2059.8425196850394 283.46456692913387 125.98425196850394 53.
579.5275590551181 2059.8425196850394 485.03937007874015 125.98425196850394 Phocion,
943.3070866141733 2059.8425196850394 485.03937007874015 125.98425196850394 condamné
1307.0866141732283 2059.8425196850394 283.46456692913387 125.98425196850394 par
1469.291338582677 2059.8425196850394 242.51968503937007 125.98425196850394 le
1590.5511811023623 2059.8425196850394 404.7244094488189 125.98425196850394 peuple
1833.0708661417323 2059.8425196850394 445.6692913385827 125.98425196850394 d’Athènes

587.4015748031496 2201.5748031496064 187.4015748031496 102.36220472440945 à
662.992125984252 2201.5748031496064 337.00787401574803 102.36220472440945 boire
886.6141732283464 2201.5748031496064 225.1968503937008 102.36220472440945 la
1000.0 2201.5748031496064 374.8031496062992 102.36220472440945 cigué,
1261.4173228346456 2201.5748031496064 374.8031496062992 102.36220472440945 expira
1522.8346456692914 2201.5748031496064 337.00787401574803 102.36220472440945 comme
1748.0314960629921 2201.5748031496064 448.81889763779526 102.36220472440945 Socrate,
2047.244094488189 2201.5748031496064 225.1968503937008 102.36220472440945 dont

592.1259842519685 2319.685039370079 201.5748031496063 105.51181102362204 il
692.9133858267717 2319.685039370079 303.93700787401576 105.51181102362204 avoit
894.488188976378 2319.685039370079 236.2204724409449 105.51181102362204 les
1029.9212598425197 2319.685039370079 370.0787401574803 105.51181102362204 vertus,
1299.2125984251968 2319.685039370079 370.0787401574803 105.51181102362204 victime
1568.5039370078741 2319.685039370079 303.93700787401576 105.51181102362204 d’une
1771.6535433070867 2319.685039370079 337.00787401574803 105.51181102362204 cabale
1973.2283464566929 2319.685039370079 303.93700787401576 105.51181102362204 jalouse

587.4015748031496 2406.299212598425 231.49606299212599 127.55905511811024 et
702.3622047244095 2406.299212598425 538.5826771653543 127.55905511811024 ignorante.
1125.984251968504 2406.299212598425 231.49606299212599 127.55905511811024 On
1240.9448818897638 2406.299212598425 461.4173228346457 127.55905511811024 défendit
1587.4015748031495 2406.299212598425 231.49606299212599 127.55905511811024 de
1702.3622047244094 2406.299212598425 269.29133858267716 127.55905511811024 lui
1856.6929133858268 2406.299212598425 384.251968503937 127.55905511811024 rendre
2088.1889763779527 2406.299212598425 192.1259842519685 127.55905511811024 les

587.4015748031496 2519.685039370079 439.37007874015745 105.51181102362204 derniers
916.5354330708661 2519.685039370079 439.37007874015745 105.51181102362204 devoirs,
1247.244094488189 2519.685039370079 220.4724409448819 105.51181102362204 et
1355.9055118110236 2519.685039370079 256.6929133858268 105.51181102362204 son
1502.3622047244094 2519.685039370079 329.13385826771656 105.51181102362204 corps
1722.8346456692914 2519.685039370079 256.6929133858268 105.51181102362204 fut
1869.291338582677 2519.685039370079 329.13385826771656 105.51181102362204 brûlé
2051.968503937008 2519.685039370079 220.4724409448819 105.51181102362204 loin

585.8267716535433 2648.818897637795 225.1968503937008 113.38582677165354 du
699.2125984251968 2648.818897637795 525.9842519685039 113.38582677165354 territoire
1111.8110236220473 2648.818897637795 225.1968503937008 113.38582677165354 de
1225.1968503937007 2648.818897637795 525.9842519685039 113.38582677165354 l’Attique.
1637.7952755905512 2648.818897637795 262.99212598425197 113.38582677165354 Une
1788.976377952756 2648.818897637795 338.5826771653543 113.38582677165354 femme
2014.1732283464567 2648.818897637795 225.1968503937008 113.38582677165354 de
2089.763779527559 2648.818897637795 187.4015748031496 113.38582677165354 Mé-

585.8267716535433 2733.8582677165355 313.38582677165357 146.45669291338584 gare
782.6771653543307 2733.8582677165355 508.66141732283467 146.45669291338584 rassembla
1173.2283464566929 2733.8582677165355 274.01574803149606 146.45669291338584 les
1330.708661417323 2733.8582677165355 392.12598425196853 146.45669291338584 restes
1604.724409448819 2733.8582677165355 470.86614173228344 146.45669291338584 précieux
1957.4803149606298 2733.8582677165355 313.38582677165357 146.45669291338584 dans
2113.3858267716537 2733.8582677165355 157.48031496062993 146.45669291338584 un

585.8267716535433 2880.314960629921 225.1968503937008 100.78740157480316 un
699.2125984251968 2880.314960629921 262.99212598425197 100.78740157480316 pan
848.8188976377953 2880.314960629921 225.1968503937008 100.78740157480316 de
960.6299212598425 2880.314960629921 225.1968503937008 100.78740157480316 sa
1074.015748031496 2880.314960629921 337.00787401574803 100.78740157480316 robe,
1299.2125984251968 2880.314960629921 225.1968503937008 100.78740157480316 et
1411.023622047244 2880.314960629921 262.99212598425197 100.78740157480316 les
1560.6299212598426 2880.314960629921 337.00787401574803 100.78740157480316 porta
1785.8267716535433 2880.314960629921 300.78740157480314 100.78740157480316 dans
1973.2283464566929 2880.314960629921 225.1968503937008 100.78740157480316 sa
2048.818897637795 2880.314960629921 225.1968503937008 100.78740157480316 mai-

584.2519685039371 2955.9055118110236 294.48818897637796 119.68503937007874 son.
768.503937007874 2955.9055118110236 258.26771653543307 119.68503937007874 Là,
914.9606299212599 2955.9055118110236 220.4724409448819 119.68503937007874 au
1025.1968503937007 2955.9055118110236 368.503937007874 119.68503937007874 milieu
1283.4645669291338 2955.9055118110236 220.4724409448819 119.68503937007874 de
1393.7007874015749 2955.9055118110236 220.4724409448819 119.68503937007874 sa
1505.5118110236222 2955.9055118110236 442.5196850393701 119.68503937007874 famille,
1836.2204724409448 2955.9055118110236 332.2834645669291 119.68503937007874 après
2020.4724409448818 2955.9055118110236 258.26771653543307 119.68503937007874 avoir

584.2519685039371 3078.740157480315 324.40944881889766 119.68503937007874 passé
800.0 3078.740157480315 215.748031496063 119.68503937007874 la
908.6614173228346 3078.740157480315 288.18897637795277 119.68503937007874 nuit
1088.1889763779527 3078.740157480315 179.5275590551181 119.68503937007874 à
1160.6299212598426 3078.740157480315 324.40944881889766 119.68503937007874 faire
1376.3779527559054 3078.740157480315 251.96850393700788 119.68503937007874 des
1521.259842519685 3078.740157480315 396.8503937007874 119.68503937007874 prières
1809.4488188976377 3078.740157480315 215.748031496063 119.68503937007874 et
1916.5354330708662 3078.740157480315 251.96850393700788 119.68503937007874 des
2025.1968503937007 3078.740157480315 251.96850393700788 119.68503937007874 liba-

587.4015748031496 3179.527559055118 385.8267716535433 140.15748031496062 tions,
856.6929133858267 3179.527559055118 308.66141732283467 140.15748031496062 elle
1048.8188976377953 3179.527559055118 308.66141732283467 140.15748031496062 leur
1240.9448818897638 3179.527559055118 346.45669291338584 140.15748031496062 donna
1472.4409448818897 3179.527559055118 231.49606299212599 140.15748031496062 la
1588.976377952756 3179.527559055118 500.78740157480314 140.15748031496062 sépulture
1973.2283464566929 3179.527559055118 308.66141732283467 140.15748031496062 près
2127.5590551181103 3179.527559055118 154.33070866141733 140.15748031496062 de

587.4015748031496 3292.9133858267714 381.1023622047244 110.23622047244095 l’autel
864.5669291338583 3292.9133858267714 207.8740157480315 110.23622047244095 de
968.503937007874 3292.9133858267714 242.51968503937007 110.23622047244095 ses
1072.4409448818897 3292.9133858267714 277.1653543307087 110.23622047244095 dieux.

670.8661417322835 3403.149606299213 225.1968503937008 121.25984251968504 Le
784.2519685039371 3403.149606299213 299.21259842519686 121.25984251968504 plus
971.6535433070866 3403.149606299213 337.00787401574803 121.25984251968504 jeune
1195.275590551181 3403.149606299213 225.1968503937008 121.25984251968504 de
1308.6614173228347 3403.149606299213 262.99212598425197 121.25984251968504 ses
1458.267716535433 3403.149606299213 299.21259842519686 121.25984251968504 fils
1645.6692913385828 3403.149606299213 448.81889763779526 121.25984251968504 témoigne
1982.6771653543308 3403.149606299213 225.1968503937008 121.25984251968504 sa
2056.6929133858266 3403.149606299213 225.1968503937008 121.25984251968504 sur-

588.9763779527559 3502.3622047244094 321.25984251968504 177.95275590551182 prise
804.7244094488188 3502.3622047244094 214.17322834645668 177.95275590551182 et
911.8110236220473 3502.3622047244094 250.39370078740157 177.95275590551182 son
1055.1181102362204 3502.3622047244094 537.007874015748 177.95275590551182 indignation
1483.4645669291338 3502.3622047244094 214.17322834645668 177.95275590551182 au
1590.5511811023623 3502.3622047244094 321.25984251968504 177.95275590551182 récit
1806.2992125984251 3502.3622047244094 250.39370078740157 177.95275590551182 que
1949.6062992125985 3502.3622047244094 250.39370078740157 177.95275590551182 lui
2056.6929133858266 3502.3622047244094 214.17322834645668 177.95275590551182 fait
