<?xml version="1.0" encoding="UTF-8"?>
<alto xmlns:xsi="http://www.w3.org/2001/XMLSchema-instance"
      xmlns="http://www.loc.gov/standards/alto/ns-v2#"
      xmlns:page="http://schema.primaresearch.org/PAGE/gts/pagecontent/2013-07-15"
      xsi:schemaLocation="http://www.loc.gov/standards/alto/ns-v2# http://www.loc.gov/standards/alto/alto.xsd">
   <Description>
      <MeasurementUnit>pixel</MeasurementUnit>
      <OCRProcessing ID="IdOcr">
         <ocrProcessingStep>
            <processingDateTime>2020-06-24T15:07:59.698+02:00</processingDateTime>
            <processingSoftware>
               <softwareCreator>READ COOP</softwareCreator>
               <softwareName>Transkribus</softwareName>
            </processingSoftware>
         </ocrProcessingStep>
      </OCRProcessing>
   </Description>
   <Tags/>
   <Layout>
      <Page ID="Page1" PHYSICAL_IMG_NR="1" HEIGHT="2706" WIDTH="1581">
         <TopMargin HEIGHT="48" WIDTH="1581" VPOS="0" HPOS="0"/>
         <LeftMargin HEIGHT="2576" WIDTH="173" VPOS="48" HPOS="0"/>
         <RightMargin HEIGHT="2576" WIDTH="56" VPOS="48" HPOS="1525"/>
         <BottomMargin HEIGHT="82" WIDTH="1581" VPOS="2624" HPOS="0"/>
         <PrintSpace HEIGHT="2576" WIDTH="1352" VPOS="48" HPOS="173">
            <TextBlock ID="r_1_1" HEIGHT="66" WIDTH="172" VPOS="210" HPOS="780">
               <Shape>
                  <Polygon POINTS="780,210 952,210 952,276 780,276"/>
               </Shape>
               <TextLine ID="tl_1"
                         BASELINE="294"
                         HEIGHT="109"
                         WIDTH="187"
                         VPOS="185"
                         HPOS="771">
                  <String HEIGHT="109" WIDTH="156" VPOS="185" HPOS="740" CONTENT="("/>
                  <SP HEIGHT="109" WIDTH="31" VPOS="185" HPOS="896"/>
                  <String HEIGHT="109" WIDTH="187" VPOS="185" HPOS="802" CONTENT="54"/>
                  <SP HEIGHT="109" WIDTH="31" VPOS="185" HPOS="989"/>
                  <String HEIGHT="109" WIDTH="94" VPOS="185" HPOS="865" CONTENT=")"/>
               </TextLine>
            </TextBlock>
            <TextBlock ID="r_1_2" HEIGHT="670" WIDTH="1036" VPOS="304" HPOS="404">
               <Shape>
                  <Polygon POINTS="404,304 1440,304 1440,974 404,974"/>
               </Shape>
               <TextLine ID="tl_2"
                         BASELINE="372"
                         HEIGHT="95"
                         WIDTH="1045"
                         VPOS="277"
                         HPOS="398">
                  <String HEIGHT="95"
                          WIDTH="213"
                          VPOS="277"
                          HPOS="377"
                          CONTENT="légers"/>
                  <SP HEIGHT="95" WIDTH="21" VPOS="277" HPOS="590"/>
                  <String HEIGHT="95"
                          WIDTH="235"
                          VPOS="277"
                          HPOS="526"
                          CONTENT="travaux"/>
                  <SP HEIGHT="95" WIDTH="21" VPOS="277" HPOS="761"/>
                  <String HEIGHT="95" WIDTH="128" VPOS="277" HPOS="697" CONTENT="de"/>
                  <SP HEIGHT="95" WIDTH="21" VPOS="277" HPOS="825"/>
                  <String HEIGHT="95"
                          WIDTH="171"
                          VPOS="277"
                          HPOS="761"
                          CONTENT="leur"/>
                  <SP HEIGHT="95" WIDTH="21" VPOS="277" HPOS="931"/>
                  <String HEIGHT="95"
                          WIDTH="192"
                          VPOS="277"
                          HPOS="867"
                          CONTENT="sexe."/>
                  <SP HEIGHT="95" WIDTH="21" VPOS="277" HPOS="1059"/>
                  <String HEIGHT="95"
                          WIDTH="299"
                          VPOS="277"
                          HPOS="995"
                          CONTENT="Distraites"/>
                  <SP HEIGHT="95" WIDTH="21" VPOS="277" HPOS="1294"/>
                  <String HEIGHT="95"
                          WIDTH="149"
                          VPOS="277"
                          HPOS="1230"
                          CONTENT="par"/>
                  <SP HEIGHT="95" WIDTH="21" VPOS="277" HPOS="1379"/>
                  <String HEIGHT="95"
                          WIDTH="149"
                          VPOS="277"
                          HPOS="1294"
                          CONTENT="l’ar"
                          SUBS_TYPE="HypPart1"
                          SUBS_CONTENT="l’arrivée"/>
                  <HYP CONTENT="-"/>
               </TextLine>
               <TextLine ID="tl_3"
                         BASELINE="436"
                         HEIGHT="75"
                         WIDTH="1045"
                         VPOS="361"
                         HPOS="398">
                  <String HEIGHT="75"
                          WIDTH="204"
                          VPOS="361"
                          HPOS="375"
                          CONTENT="rivée"
                          SUBS_TYPE="HypPart2"
                          SUBS_CONTENT="l’arrivée"/>
                  <SP HEIGHT="75" WIDTH="23" VPOS="361" HPOS="580"/>
                  <String HEIGHT="75" WIDTH="136" VPOS="361" HPOS="512" CONTENT="de"/>
                  <SP HEIGHT="75" WIDTH="23" VPOS="361" HPOS="648"/>
                  <String HEIGHT="75"
                          WIDTH="273"
                          VPOS="361"
                          HPOS="580"
                          CONTENT="Phorbas,"/>
                  <SP HEIGHT="75" WIDTH="23" VPOS="361" HPOS="852"/>
                  <String HEIGHT="75"
                          WIDTH="204"
                          VPOS="361"
                          HPOS="784"
                          CONTENT="elles"/>
                  <SP HEIGHT="75" WIDTH="23" VPOS="361" HPOS="989"/>
                  <String HEIGHT="75" WIDTH="136" VPOS="361" HPOS="921" CONTENT="se"/>
                  <SP HEIGHT="75" WIDTH="23" VPOS="361" HPOS="1057"/>
                  <String HEIGHT="75"
                          WIDTH="250"
                          VPOS="361"
                          HPOS="989"
                          CONTENT="lèvent,"/>
                  <SP HEIGHT="75" WIDTH="23" VPOS="361" HPOS="1239"/>
                  <String HEIGHT="75"
                          WIDTH="295"
                          VPOS="361"
                          HPOS="1148"
                          CONTENT="l’écoutent,"/>
               </TextLine>
               <TextLine ID="tl_4"
                         BASELINE="507"
                         HEIGHT="78"
                         WIDTH="1043"
                         VPOS="429"
                         HPOS="402">
                  <String HEIGHT="78" WIDTH="142" VPOS="429" HPOS="378" CONTENT="et"/>
                  <SP HEIGHT="78" WIDTH="24" VPOS="429" HPOS="521"/>
                  <String HEIGHT="78"
                          WIDTH="332"
                          VPOS="429"
                          HPOS="449"
                          CONTENT="témoignent"/>
                  <SP HEIGHT="78" WIDTH="24" VPOS="429" HPOS="781"/>
                  <String HEIGHT="78"
                          WIDTH="356"
                          VPOS="429"
                          HPOS="710"
                          CONTENT="diversement"/>
                  <SP HEIGHT="78" WIDTH="24" VPOS="429" HPOS="1066"/>
                  <String HEIGHT="78"
                          WIDTH="308"
                          VPOS="429"
                          HPOS="995"
                          CONTENT="l’intérêt"/>
                  <SP HEIGHT="78" WIDTH="24" VPOS="429" HPOS="1303"/>
                  <String HEIGHT="78"
                          WIDTH="166"
                          VPOS="429"
                          HPOS="1232"
                          CONTENT="que"/>
                  <SP HEIGHT="78" WIDTH="24" VPOS="429" HPOS="1398"/>
                  <String HEIGHT="78"
                          WIDTH="142"
                          VPOS="429"
                          HPOS="1303"
                          CONTENT="leur"/>
               </TextLine>
               <TextLine ID="tl_5"
                         BASELINE="581"
                         HEIGHT="76"
                         WIDTH="1042"
                         VPOS="505"
                         HPOS="402">
                  <String HEIGHT="76"
                          WIDTH="239"
                          VPOS="505"
                          HPOS="380"
                          CONTENT="inspire"/>
                  <SP HEIGHT="76" WIDTH="22" VPOS="505" HPOS="619"/>
                  <String HEIGHT="76" WIDTH="130" VPOS="505" HPOS="554" CONTENT="le"/>
                  <SP HEIGHT="76" WIDTH="22" VPOS="505" HPOS="684"/>
                  <String HEIGHT="76"
                          WIDTH="195"
                          VPOS="505"
                          HPOS="619"
                          CONTENT="jeune"/>
                  <SP HEIGHT="76" WIDTH="22" VPOS="505" HPOS="814"/>
                  <String HEIGHT="76"
                          WIDTH="239"
                          VPOS="505"
                          HPOS="749"
                          CONTENT="enfant."/>
                  <SP HEIGHT="76" WIDTH="22" VPOS="505" HPOS="988"/>
                  <String HEIGHT="76" WIDTH="130" VPOS="505" HPOS="923" CONTENT="Il"/>
                  <SP HEIGHT="76" WIDTH="22" VPOS="505" HPOS="1053"/>
                  <String HEIGHT="76" WIDTH="152" VPOS="505" HPOS="988" CONTENT="est"/>
                  <SP HEIGHT="76" WIDTH="22" VPOS="505" HPOS="1140"/>
                  <String HEIGHT="76"
                          WIDTH="217"
                          VPOS="505"
                          HPOS="1075"
                          CONTENT="encore"/>
                  <SP HEIGHT="76" WIDTH="22" VPOS="505" HPOS="1292"/>
                  <String HEIGHT="76"
                          WIDTH="217"
                          VPOS="505"
                          HPOS="1227"
                          CONTENT="foible"/>
                  <SP HEIGHT="76" WIDTH="22" VPOS="505" HPOS="1444"/>
                  <String HEIGHT="76" WIDTH="87" VPOS="505" HPOS="1357" CONTENT="et"/>
               </TextLine>
               <TextLine ID="tl_6"
                         BASELINE="647"
                         HEIGHT="81"
                         WIDTH="1040"
                         VPOS="566"
                         HPOS="402">
                  <String HEIGHT="81"
                          WIDTH="303"
                          VPOS="566"
                          HPOS="380"
                          CONTENT="souffrant,"/>
                  <SP HEIGHT="81" WIDTH="22" VPOS="566" HPOS="684"/>
                  <String HEIGHT="81" WIDTH="130" VPOS="566" HPOS="619" CONTENT="et"/>
                  <SP HEIGHT="81" WIDTH="22" VPOS="566" HPOS="749"/>
                  <String HEIGHT="81"
                          WIDTH="173"
                          VPOS="566"
                          HPOS="684"
                          CONTENT="dans"/>
                  <SP HEIGHT="81" WIDTH="22" VPOS="566" HPOS="857"/>
                  <String HEIGHT="81" WIDTH="152" VPOS="566" HPOS="792" CONTENT="les"/>
                  <SP HEIGHT="81" WIDTH="22" VPOS="566" HPOS="944"/>
                  <String HEIGHT="81"
                          WIDTH="173"
                          VPOS="566"
                          HPOS="879"
                          CONTENT="bras"/>
                  <SP HEIGHT="81" WIDTH="22" VPOS="566" HPOS="1052"/>
                  <String HEIGHT="81" WIDTH="130" VPOS="566" HPOS="987" CONTENT="du"/>
                  <SP HEIGHT="81" WIDTH="22" VPOS="566" HPOS="1117"/>
                  <String HEIGHT="81"
                          WIDTH="238"
                          VPOS="566"
                          HPOS="1052"
                          CONTENT="berger,"/>
                  <SP HEIGHT="81" WIDTH="22" VPOS="566" HPOS="1290"/>
                  <String HEIGHT="81"
                          WIDTH="152"
                          VPOS="566"
                          HPOS="1225"
                          CONTENT="qui"/>
                  <SP HEIGHT="81" WIDTH="22" VPOS="566" HPOS="1377"/>
                  <String HEIGHT="81"
                          WIDTH="152"
                          VPOS="566"
                          HPOS="1290"
                          CONTENT="s’ap"
                          SUBS_TYPE="HypPart1"
                          SUBS_CONTENT="s’approche"/>
                  <HYP CONTENT="-"/>
               </TextLine>
               <TextLine ID="tl_7"
                         BASELINE="708"
                         HEIGHT="64"
                         WIDTH="1043"
                         VPOS="644"
                         HPOS="404">
                  <String HEIGHT="64"
                          WIDTH="261"
                          VPOS="644"
                          HPOS="378"
                          CONTENT="proche"
                          SUBS_TYPE="HypPart2"
                          SUBS_CONTENT="s’approche"/>
                  <SP HEIGHT="64" WIDTH="26" VPOS="644" HPOS="639"/>
                  <String HEIGHT="64"
                          WIDTH="522"
                          VPOS="644"
                          HPOS="560"
                          CONTENT="respectueusement"/>
                  <SP HEIGHT="64" WIDTH="26" VPOS="644" HPOS="1082"/>
                  <String HEIGHT="64" WIDTH="156" VPOS="644" HPOS="1004" CONTENT="de"/>
                  <SP HEIGHT="64" WIDTH="26" VPOS="644" HPOS="1160"/>
                  <String HEIGHT="64" WIDTH="156" VPOS="644" HPOS="1082" CONTENT="la"/>
                  <SP HEIGHT="64" WIDTH="26" VPOS="644" HPOS="1238"/>
                  <String HEIGHT="64"
                          WIDTH="261"
                          VPOS="644"
                          HPOS="1160"
                          CONTENT="reine."/>
                  <SP HEIGHT="64" WIDTH="26" VPOS="644" HPOS="1421"/>
                  <String HEIGHT="64"
                          WIDTH="130"
                          VPOS="644"
                          HPOS="1317"
                          CONTENT="Une"/>
               </TextLine>
               <TextLine ID="tl_8"
                         BASELINE="795"
                         HEIGHT="79"
                         WIDTH="1044"
                         VPOS="716"
                         HPOS="400">
                  <String HEIGHT="79"
                          WIDTH="209"
                          VPOS="716"
                          HPOS="377"
                          CONTENT="femme"/>
                  <SP HEIGHT="79" WIDTH="23" VPOS="716" HPOS="586"/>
                  <String HEIGHT="79"
                          WIDTH="209"
                          VPOS="716"
                          HPOS="516"
                          CONTENT="prend"/>
                  <SP HEIGHT="79" WIDTH="23" VPOS="716" HPOS="725"/>
                  <String HEIGHT="79"
                          WIDTH="302"
                          VPOS="716"
                          HPOS="655"
                          CONTENT="l’enfant,"/>
                  <SP HEIGHT="79" WIDTH="23" VPOS="716" HPOS="957"/>
                  <String HEIGHT="79" WIDTH="139" VPOS="716" HPOS="887" CONTENT="le"/>
                  <SP HEIGHT="79" WIDTH="23" VPOS="716" HPOS="1026"/>
                  <String HEIGHT="79"
                          WIDTH="255"
                          VPOS="716"
                          HPOS="957"
                          CONTENT="soulève"/>
                  <SP HEIGHT="79" WIDTH="23" VPOS="716" HPOS="1212"/>
                  <String HEIGHT="79"
                          WIDTH="186"
                          VPOS="716"
                          HPOS="1142"
                          CONTENT="pour"/>
                  <SP HEIGHT="79" WIDTH="23" VPOS="716" HPOS="1328"/>
                  <String HEIGHT="79" WIDTH="139" VPOS="716" HPOS="1258" CONTENT="le"/>
                  <SP HEIGHT="79" WIDTH="23" VPOS="716" HPOS="1398"/>
                  <String HEIGHT="79"
                          WIDTH="139"
                          VPOS="716"
                          HPOS="1305"
                          CONTENT="pré"
                          SUBS_TYPE="HypPart1"
                          SUBS_CONTENT="présenter"/>
                  <HYP CONTENT="-"/>
               </TextLine>
               <TextLine ID="tl_9"
                         BASELINE="861"
                         HEIGHT="76"
                         WIDTH="1042"
                         VPOS="785"
                         HPOS="401">
                  <String HEIGHT="76"
                          WIDTH="232"
                          VPOS="785"
                          HPOS="378"
                          CONTENT="senter"
                          SUBS_TYPE="HypPart2"
                          SUBS_CONTENT="présenter"/>
                  <SP HEIGHT="76" WIDTH="23" VPOS="785" HPOS="609"/>
                  <String HEIGHT="76" WIDTH="116" VPOS="785" HPOS="540" CONTENT="à"/>
                  <SP HEIGHT="76" WIDTH="23" VPOS="785" HPOS="656"/>
                  <String HEIGHT="76"
                          WIDTH="278"
                          VPOS="785"
                          HPOS="586"
                          CONTENT="Péribée,"/>
                  <SP HEIGHT="76" WIDTH="23" VPOS="785" HPOS="864"/>
                  <String HEIGHT="76" WIDTH="139" VPOS="785" HPOS="795" CONTENT="et"/>
                  <SP HEIGHT="76" WIDTH="23" VPOS="785" HPOS="934"/>
                  <String HEIGHT="76"
                          WIDTH="232"
                          VPOS="785"
                          HPOS="864"
                          CONTENT="semble"/>
                  <SP HEIGHT="76" WIDTH="23" VPOS="785" HPOS="1096"/>
                  <String HEIGHT="76"
                          WIDTH="278"
                          VPOS="785"
                          HPOS="1026"
                          CONTENT="attendre"/>
                  <SP HEIGHT="76" WIDTH="23" VPOS="785" HPOS="1304"/>
                  <String HEIGHT="76"
                          WIDTH="185"
                          VPOS="785"
                          HPOS="1235"
                          CONTENT="avec"/>
                  <SP HEIGHT="76" WIDTH="23" VPOS="785" HPOS="1420"/>
                  <String HEIGHT="76"
                          WIDTH="116"
                          VPOS="785"
                          HPOS="1327"
                          CONTENT="in"
                          SUBS_TYPE="HypPart1"
                          SUBS_CONTENT="inquiétude"/>
                  <HYP CONTENT="-"/>
               </TextLine>
               <TextLine ID="tl_10"
                         BASELINE="917"
                         HEIGHT="69"
                         WIDTH="1042"
                         VPOS="848"
                         HPOS="402">
                  <String HEIGHT="69"
                          WIDTH="284"
                          VPOS="848"
                          HPOS="378"
                          CONTENT="quiétude"
                          SUBS_TYPE="HypPart2"
                          SUBS_CONTENT="inquiétude"/>
                  <SP HEIGHT="69" WIDTH="24" VPOS="848" HPOS="663"/>
                  <String HEIGHT="69" WIDTH="142" VPOS="848" HPOS="591" CONTENT="ce"/>
                  <SP HEIGHT="69" WIDTH="24" VPOS="848" HPOS="734"/>
                  <String HEIGHT="69"
                          WIDTH="261"
                          VPOS="848"
                          HPOS="663"
                          CONTENT="qu’elle"/>
                  <SP HEIGHT="69" WIDTH="24" VPOS="848" HPOS="923"/>
                  <String HEIGHT="69" WIDTH="142" VPOS="848" HPOS="852" CONTENT="va"/>
                  <SP HEIGHT="69" WIDTH="24" VPOS="848" HPOS="994"/>
                  <String HEIGHT="69"
                          WIDTH="308"
                          VPOS="848"
                          HPOS="923"
                          CONTENT="prononcer"/>
                  <SP HEIGHT="69" WIDTH="24" VPOS="848" HPOS="1231"/>
                  <String HEIGHT="69"
                          WIDTH="166"
                          VPOS="848"
                          HPOS="1160"
                          CONTENT="sur"/>
                  <SP HEIGHT="69" WIDTH="24" VPOS="848" HPOS="1326"/>
                  <String HEIGHT="69" WIDTH="142" VPOS="848" HPOS="1255" CONTENT="le"/>
                  <SP HEIGHT="69" WIDTH="24" VPOS="848" HPOS="1397"/>
                  <String HEIGHT="69"
                          WIDTH="142"
                          VPOS="848"
                          HPOS="1302"
                          CONTENT="sort"/>
               </TextLine>
               <TextLine ID="tl_11"
                         BASELINE="995"
                         HEIGHT="73"
                         WIDTH="393"
                         VPOS="922"
                         HPOS="402">
                  <String HEIGHT="73" WIDTH="139" VPOS="922" HPOS="379" CONTENT="de"/>
                  <SP HEIGHT="73" WIDTH="23" VPOS="922" HPOS="518"/>
                  <String HEIGHT="73" WIDTH="162" VPOS="922" HPOS="448" CONTENT="cet"/>
                  <SP HEIGHT="73" WIDTH="23" VPOS="922" HPOS="610"/>
                  <String HEIGHT="73"
                          WIDTH="277"
                          VPOS="922"
                          HPOS="518"
                          CONTENT="infortuné."/>
               </TextLine>
            </TextBlock>
            <TextBlock ID="r_2_1" HEIGHT="43" WIDTH="264" VPOS="1222" HPOS="738">
               <Shape>
                  <Polygon POINTS="738,1222 1002,1222 1002,1265 738,1265"/>
               </Shape>
               <TextLine ID="tl_12"
                         BASELINE="1288"
                         HEIGHT="83"
                         WIDTH="276"
                         VPOS="1205"
                         HPOS="732">
                  <String HEIGHT="83"
                          WIDTH="345"
                          VPOS="1205"
                          HPOS="663"
                          CONTENT="MEYNIER."/>
               </TextLine>
            </TextBlock>
            <TextBlock ID="r_2_2" HEIGHT="806" WIDTH="1145" VPOS="1338" HPOS="297">
               <Shape>
                  <Polygon POINTS="297,1338 1442,1338 1442,2144 297,2144"/>
               </Shape>
               <TextLine ID="tl_13"
                         BASELINE="1388"
                         HEIGHT="80"
                         WIDTH="1156"
                         VPOS="1308"
                         HPOS="291">
                  <String HEIGHT="80"
                          WIDTH="180"
                          VPOS="1308"
                          HPOS="265"
                          CONTENT="53."/>
                  <SP HEIGHT="80" WIDTH="26" VPOS="1308" HPOS="445"/>
                  <String HEIGHT="80"
                          WIDTH="308"
                          VPOS="1308"
                          HPOS="368"
                          CONTENT="Phocion,"/>
                  <SP HEIGHT="80" WIDTH="26" VPOS="1308" HPOS="676"/>
                  <String HEIGHT="80"
                          WIDTH="308"
                          VPOS="1308"
                          HPOS="599"
                          CONTENT="condamné"/>
                  <SP HEIGHT="80" WIDTH="26" VPOS="1308" HPOS="908"/>
                  <String HEIGHT="80"
                          WIDTH="180"
                          VPOS="1308"
                          HPOS="830"
                          CONTENT="par"/>
                  <SP HEIGHT="80" WIDTH="26" VPOS="1308" HPOS="1010"/>
                  <String HEIGHT="80" WIDTH="154" VPOS="1308" HPOS="933" CONTENT="le"/>
                  <SP HEIGHT="80" WIDTH="26" VPOS="1308" HPOS="1087"/>
                  <String HEIGHT="80"
                          WIDTH="257"
                          VPOS="1308"
                          HPOS="1010"
                          CONTENT="peuple"/>
                  <SP HEIGHT="80" WIDTH="26" VPOS="1308" HPOS="1267"/>
                  <String HEIGHT="80"
                          WIDTH="283"
                          VPOS="1308"
                          HPOS="1164"
                          CONTENT="d’Athènes"/>
               </TextLine>
               <TextLine ID="tl_14"
                         BASELINE="1463"
                         HEIGHT="65"
                         WIDTH="1045"
                         VPOS="1398"
                         HPOS="397">
                  <String HEIGHT="65" WIDTH="119" VPOS="1398" HPOS="373" CONTENT="à"/>
                  <SP HEIGHT="65" WIDTH="24" VPOS="1398" HPOS="492"/>
                  <String HEIGHT="65"
                          WIDTH="214"
                          VPOS="1398"
                          HPOS="421"
                          CONTENT="boire"/>
                  <SP HEIGHT="65" WIDTH="24" VPOS="1398" HPOS="635"/>
                  <String HEIGHT="65" WIDTH="143" VPOS="1398" HPOS="563" CONTENT="la"/>
                  <SP HEIGHT="65" WIDTH="24" VPOS="1398" HPOS="706"/>
                  <String HEIGHT="65"
                          WIDTH="238"
                          VPOS="1398"
                          HPOS="635"
                          CONTENT="cigué,"/>
                  <SP HEIGHT="65" WIDTH="24" VPOS="1398" HPOS="872"/>
                  <String HEIGHT="65"
                          WIDTH="238"
                          VPOS="1398"
                          HPOS="801"
                          CONTENT="expira"/>
                  <SP HEIGHT="65" WIDTH="24" VPOS="1398" HPOS="1038"/>
                  <String HEIGHT="65"
                          WIDTH="214"
                          VPOS="1398"
                          HPOS="967"
                          CONTENT="comme"/>
                  <SP HEIGHT="65" WIDTH="24" VPOS="1398" HPOS="1181"/>
                  <String HEIGHT="65"
                          WIDTH="285"
                          VPOS="1398"
                          HPOS="1110"
                          CONTENT="Socrate,"/>
                  <SP HEIGHT="65" WIDTH="24" VPOS="1398" HPOS="1395"/>
                  <String HEIGHT="65"
                          WIDTH="143"
                          VPOS="1398"
                          HPOS="1300"
                          CONTENT="dont"/>
               </TextLine>
               <TextLine ID="tl_15"
                         BASELINE="1540"
                         HEIGHT="67"
                         WIDTH="1049"
                         VPOS="1473"
                         HPOS="397">
                  <String HEIGHT="67" WIDTH="128" VPOS="1473" HPOS="376" CONTENT="il"/>
                  <SP HEIGHT="67" WIDTH="21" VPOS="1473" HPOS="504"/>
                  <String HEIGHT="67"
                          WIDTH="193"
                          VPOS="1473"
                          HPOS="440"
                          CONTENT="avoit"/>
                  <SP HEIGHT="67" WIDTH="21" VPOS="1473" HPOS="632"/>
                  <String HEIGHT="67"
                          WIDTH="150"
                          VPOS="1473"
                          HPOS="568"
                          CONTENT="les"/>
                  <SP HEIGHT="67" WIDTH="21" VPOS="1473" HPOS="718"/>
                  <String HEIGHT="67"
                          WIDTH="235"
                          VPOS="1473"
                          HPOS="654"
                          CONTENT="vertus,"/>
                  <SP HEIGHT="67" WIDTH="21" VPOS="1473" HPOS="889"/>
                  <String HEIGHT="67"
                          WIDTH="235"
                          VPOS="1473"
                          HPOS="825"
                          CONTENT="victime"/>
                  <SP HEIGHT="67" WIDTH="21" VPOS="1473" HPOS="1061"/>
                  <String HEIGHT="67"
                          WIDTH="193"
                          VPOS="1473"
                          HPOS="996"
                          CONTENT="d’une"/>
                  <SP HEIGHT="67" WIDTH="21" VPOS="1473" HPOS="1189"/>
                  <String HEIGHT="67"
                          WIDTH="214"
                          VPOS="1473"
                          HPOS="1125"
                          CONTENT="cabale"/>
                  <SP HEIGHT="67" WIDTH="21" VPOS="1473" HPOS="1339"/>
                  <String HEIGHT="67"
                          WIDTH="193"
                          VPOS="1473"
                          HPOS="1253"
                          CONTENT="jalouse"/>
               </TextLine>
               <TextLine ID="tl_16"
                         BASELINE="1609"
                         HEIGHT="81"
                         WIDTH="1051"
                         VPOS="1528"
                         HPOS="397">
                  <String HEIGHT="81" WIDTH="147" VPOS="1528" HPOS="373" CONTENT="et"/>
                  <SP HEIGHT="81" WIDTH="24" VPOS="1528" HPOS="519"/>
                  <String HEIGHT="81"
                          WIDTH="342"
                          VPOS="1528"
                          HPOS="446"
                          CONTENT="ignorante."/>
                  <SP HEIGHT="81" WIDTH="24" VPOS="1528" HPOS="788"/>
                  <String HEIGHT="81" WIDTH="147" VPOS="1528" HPOS="715" CONTENT="On"/>
                  <SP HEIGHT="81" WIDTH="24" VPOS="1528" HPOS="861"/>
                  <String HEIGHT="81"
                          WIDTH="293"
                          VPOS="1528"
                          HPOS="788"
                          CONTENT="défendit"/>
                  <SP HEIGHT="81" WIDTH="24" VPOS="1528" HPOS="1081"/>
                  <String HEIGHT="81"
                          WIDTH="147"
                          VPOS="1528"
                          HPOS="1008"
                          CONTENT="de"/>
                  <SP HEIGHT="81" WIDTH="24" VPOS="1528" HPOS="1155"/>
                  <String HEIGHT="81"
                          WIDTH="171"
                          VPOS="1528"
                          HPOS="1081"
                          CONTENT="lui"/>
                  <SP HEIGHT="81" WIDTH="24" VPOS="1528" HPOS="1252"/>
                  <String HEIGHT="81"
                          WIDTH="244"
                          VPOS="1528"
                          HPOS="1179"
                          CONTENT="rendre"/>
                  <SP HEIGHT="81" WIDTH="24" VPOS="1528" HPOS="1424"/>
                  <String HEIGHT="81"
                          WIDTH="122"
                          VPOS="1528"
                          HPOS="1326"
                          CONTENT="les"/>
               </TextLine>
               <TextLine ID="tl_17"
                         BASELINE="1667"
                         HEIGHT="67"
                         WIDTH="1047"
                         VPOS="1600"
                         HPOS="396">
                  <String HEIGHT="67"
                          WIDTH="279"
                          VPOS="1600"
                          HPOS="373"
                          CONTENT="derniers"/>
                  <SP HEIGHT="67" WIDTH="23" VPOS="1600" HPOS="652"/>
                  <String HEIGHT="67"
                          WIDTH="279"
                          VPOS="1600"
                          HPOS="582"
                          CONTENT="devoirs,"/>
                  <SP HEIGHT="67" WIDTH="23" VPOS="1600" HPOS="861"/>
                  <String HEIGHT="67" WIDTH="140" VPOS="1600" HPOS="792" CONTENT="et"/>
                  <SP HEIGHT="67" WIDTH="23" VPOS="1600" HPOS="931"/>
                  <String HEIGHT="67"
                          WIDTH="163"
                          VPOS="1600"
                          HPOS="861"
                          CONTENT="son"/>
                  <SP HEIGHT="67" WIDTH="23" VPOS="1600" HPOS="1024"/>
                  <String HEIGHT="67"
                          WIDTH="209"
                          VPOS="1600"
                          HPOS="954"
                          CONTENT="corps"/>
                  <SP HEIGHT="67" WIDTH="23" VPOS="1600" HPOS="1164"/>
                  <String HEIGHT="67"
                          WIDTH="163"
                          VPOS="1600"
                          HPOS="1094"
                          CONTENT="fut"/>
                  <SP HEIGHT="67" WIDTH="23" VPOS="1600" HPOS="1257"/>
                  <String HEIGHT="67"
                          WIDTH="209"
                          VPOS="1600"
                          HPOS="1187"
                          CONTENT="brûlé"/>
                  <SP HEIGHT="67" WIDTH="23" VPOS="1600" HPOS="1396"/>
                  <String HEIGHT="67"
                          WIDTH="140"
                          VPOS="1600"
                          HPOS="1303"
                          CONTENT="loin"/>
               </TextLine>
               <TextLine ID="tl_18"
                         BASELINE="1754"
                         HEIGHT="72"
                         WIDTH="1050"
                         VPOS="1682"
                         HPOS="396">
                  <String HEIGHT="72" WIDTH="143" VPOS="1682" HPOS="372" CONTENT="du"/>
                  <SP HEIGHT="72" WIDTH="24" VPOS="1682" HPOS="515"/>
                  <String HEIGHT="72"
                          WIDTH="334"
                          VPOS="1682"
                          HPOS="444"
                          CONTENT="territoire"/>
                  <SP HEIGHT="72" WIDTH="24" VPOS="1682" HPOS="778"/>
                  <String HEIGHT="72" WIDTH="143" VPOS="1682" HPOS="706" CONTENT="de"/>
                  <SP HEIGHT="72" WIDTH="24" VPOS="1682" HPOS="849"/>
                  <String HEIGHT="72"
                          WIDTH="334"
                          VPOS="1682"
                          HPOS="778"
                          CONTENT="l’Attique."/>
                  <SP HEIGHT="72" WIDTH="24" VPOS="1682" HPOS="1112"/>
                  <String HEIGHT="72"
                          WIDTH="167"
                          VPOS="1682"
                          HPOS="1040"
                          CONTENT="Une"/>
                  <SP HEIGHT="72" WIDTH="24" VPOS="1682" HPOS="1207"/>
                  <String HEIGHT="72"
                          WIDTH="215"
                          VPOS="1682"
                          HPOS="1136"
                          CONTENT="femme"/>
                  <SP HEIGHT="72" WIDTH="24" VPOS="1682" HPOS="1351"/>
                  <String HEIGHT="72"
                          WIDTH="143"
                          VPOS="1682"
                          HPOS="1279"
                          CONTENT="de"/>
                  <SP HEIGHT="72" WIDTH="24" VPOS="1682" HPOS="1422"/>
                  <String HEIGHT="72"
                          WIDTH="119"
                          VPOS="1682"
                          HPOS="1327"
                          CONTENT="Mé"
                          SUBS_TYPE="HypPart1"
                          SUBS_CONTENT="Mégare"/>
                  <HYP CONTENT="-"/>
               </TextLine>
               <TextLine ID="tl_19"
                         BASELINE="1829"
                         HEIGHT="93"
                         WIDTH="1045"
                         VPOS="1736"
                         HPOS="397">
                  <String HEIGHT="93"
                          WIDTH="199"
                          VPOS="1736"
                          HPOS="372"
                          CONTENT="gare"
                          SUBS_TYPE="HypPart2"
                          SUBS_CONTENT="Mégare"/>
                  <SP HEIGHT="93" WIDTH="25" VPOS="1736" HPOS="571"/>
                  <String HEIGHT="93"
                          WIDTH="323"
                          VPOS="1736"
                          HPOS="497"
                          CONTENT="rassembla"/>
                  <SP HEIGHT="93" WIDTH="25" VPOS="1736" HPOS="820"/>
                  <String HEIGHT="93"
                          WIDTH="174"
                          VPOS="1736"
                          HPOS="745"
                          CONTENT="les"/>
                  <SP HEIGHT="93" WIDTH="25" VPOS="1736" HPOS="920"/>
                  <String HEIGHT="93"
                          WIDTH="249"
                          VPOS="1736"
                          HPOS="845"
                          CONTENT="restes"/>
                  <SP HEIGHT="93" WIDTH="25" VPOS="1736" HPOS="1094"/>
                  <String HEIGHT="93"
                          WIDTH="299"
                          VPOS="1736"
                          HPOS="1019"
                          CONTENT="précieux"/>
                  <SP HEIGHT="93" WIDTH="25" VPOS="1736" HPOS="1318"/>
                  <String HEIGHT="93"
                          WIDTH="199"
                          VPOS="1736"
                          HPOS="1243"
                          CONTENT="dans"/>
                  <SP HEIGHT="93" WIDTH="25" VPOS="1736" HPOS="1442"/>
                  <String HEIGHT="93"
                          WIDTH="100"
                          VPOS="1736"
                          HPOS="1342"
                          CONTENT="un"/>
               </TextLine>
               <TextLine ID="tl_20"
                         BASELINE="1893"
                         HEIGHT="64"
                         WIDTH="1048"
                         VPOS="1829"
                         HPOS="396">
                  <String HEIGHT="64" WIDTH="143" VPOS="1829" HPOS="372" CONTENT="un"/>
                  <SP HEIGHT="64" WIDTH="24" VPOS="1829" HPOS="515"/>
                  <String HEIGHT="64"
                          WIDTH="167"
                          VPOS="1829"
                          HPOS="444"
                          CONTENT="pan"/>
                  <SP HEIGHT="64" WIDTH="24" VPOS="1829" HPOS="610"/>
                  <String HEIGHT="64" WIDTH="143" VPOS="1829" HPOS="539" CONTENT="de"/>
                  <SP HEIGHT="64" WIDTH="24" VPOS="1829" HPOS="682"/>
                  <String HEIGHT="64" WIDTH="143" VPOS="1829" HPOS="610" CONTENT="sa"/>
                  <SP HEIGHT="64" WIDTH="24" VPOS="1829" HPOS="753"/>
                  <String HEIGHT="64"
                          WIDTH="214"
                          VPOS="1829"
                          HPOS="682"
                          CONTENT="robe,"/>
                  <SP HEIGHT="64" WIDTH="24" VPOS="1829" HPOS="896"/>
                  <String HEIGHT="64" WIDTH="143" VPOS="1829" HPOS="825" CONTENT="et"/>
                  <SP HEIGHT="64" WIDTH="24" VPOS="1829" HPOS="968"/>
                  <String HEIGHT="64"
                          WIDTH="167"
                          VPOS="1829"
                          HPOS="896"
                          CONTENT="les"/>
                  <SP HEIGHT="64" WIDTH="24" VPOS="1829" HPOS="1063"/>
                  <String HEIGHT="64"
                          WIDTH="214"
                          VPOS="1829"
                          HPOS="991"
                          CONTENT="porta"/>
                  <SP HEIGHT="64" WIDTH="24" VPOS="1829" HPOS="1206"/>
                  <String HEIGHT="64"
                          WIDTH="191"
                          VPOS="1829"
                          HPOS="1134"
                          CONTENT="dans"/>
                  <SP HEIGHT="64" WIDTH="24" VPOS="1829" HPOS="1325"/>
                  <String HEIGHT="64"
                          WIDTH="143"
                          VPOS="1829"
                          HPOS="1253"
                          CONTENT="sa"/>
                  <SP HEIGHT="64" WIDTH="24" VPOS="1829" HPOS="1396"/>
                  <String HEIGHT="64"
                          WIDTH="143"
                          VPOS="1829"
                          HPOS="1301"
                          CONTENT="mai"
                          SUBS_TYPE="HypPart1"
                          SUBS_CONTENT="maison."/>
                  <HYP CONTENT="-"/>
               </TextLine>
               <TextLine ID="tl_21"
                         BASELINE="1953"
                         HEIGHT="76"
                         WIDTH="1053"
                         VPOS="1877"
                         HPOS="394">
                  <String HEIGHT="76"
                          WIDTH="187"
                          VPOS="1877"
                          HPOS="371"
                          CONTENT="son."
                          SUBS_TYPE="HypPart2"
                          SUBS_CONTENT="maison."/>
                  <SP HEIGHT="76" WIDTH="23" VPOS="1877" HPOS="558"/>
                  <String HEIGHT="76"
                          WIDTH="164"
                          VPOS="1877"
                          HPOS="488"
                          CONTENT="Là,"/>
                  <SP HEIGHT="76" WIDTH="23" VPOS="1877" HPOS="651"/>
                  <String HEIGHT="76" WIDTH="140" VPOS="1877" HPOS="581" CONTENT="au"/>
                  <SP HEIGHT="76" WIDTH="23" VPOS="1877" HPOS="722"/>
                  <String HEIGHT="76"
                          WIDTH="234"
                          VPOS="1877"
                          HPOS="651"
                          CONTENT="milieu"/>
                  <SP HEIGHT="76" WIDTH="23" VPOS="1877" HPOS="885"/>
                  <String HEIGHT="76" WIDTH="140" VPOS="1877" HPOS="815" CONTENT="de"/>
                  <SP HEIGHT="76" WIDTH="23" VPOS="1877" HPOS="956"/>
                  <String HEIGHT="76" WIDTH="140" VPOS="1877" HPOS="885" CONTENT="sa"/>
                  <SP HEIGHT="76" WIDTH="23" VPOS="1877" HPOS="1026"/>
                  <String HEIGHT="76"
                          WIDTH="281"
                          VPOS="1877"
                          HPOS="956"
                          CONTENT="famille,"/>
                  <SP HEIGHT="76" WIDTH="23" VPOS="1877" HPOS="1236"/>
                  <String HEIGHT="76"
                          WIDTH="211"
                          VPOS="1877"
                          HPOS="1166"
                          CONTENT="après"/>
                  <SP HEIGHT="76" WIDTH="23" VPOS="1877" HPOS="1377"/>
                  <String HEIGHT="76"
                          WIDTH="164"
                          VPOS="1877"
                          HPOS="1283"
                          CONTENT="avoir"/>
               </TextLine>
               <TextLine ID="tl_22"
                         BASELINE="2031"
                         HEIGHT="76"
                         WIDTH="1052"
                         VPOS="1955"
                         HPOS="394">
                  <String HEIGHT="76"
                          WIDTH="206"
                          VPOS="1955"
                          HPOS="371"
                          CONTENT="passé"/>
                  <SP HEIGHT="76" WIDTH="23" VPOS="1955" HPOS="577"/>
                  <String HEIGHT="76" WIDTH="137" VPOS="1955" HPOS="508" CONTENT="la"/>
                  <SP HEIGHT="76" WIDTH="23" VPOS="1955" HPOS="646"/>
                  <String HEIGHT="76"
                          WIDTH="183"
                          VPOS="1955"
                          HPOS="577"
                          CONTENT="nuit"/>
                  <SP HEIGHT="76" WIDTH="23" VPOS="1955" HPOS="760"/>
                  <String HEIGHT="76" WIDTH="114" VPOS="1955" HPOS="691" CONTENT="à"/>
                  <SP HEIGHT="76" WIDTH="23" VPOS="1955" HPOS="806"/>
                  <String HEIGHT="76"
                          WIDTH="206"
                          VPOS="1955"
                          HPOS="737"
                          CONTENT="faire"/>
                  <SP HEIGHT="76" WIDTH="23" VPOS="1955" HPOS="943"/>
                  <String HEIGHT="76"
                          WIDTH="160"
                          VPOS="1955"
                          HPOS="874"
                          CONTENT="des"/>
                  <SP HEIGHT="76" WIDTH="23" VPOS="1955" HPOS="1034"/>
                  <String HEIGHT="76"
                          WIDTH="252"
                          VPOS="1955"
                          HPOS="966"
                          CONTENT="prières"/>
                  <SP HEIGHT="76" WIDTH="23" VPOS="1955" HPOS="1217"/>
                  <String HEIGHT="76"
                          WIDTH="137"
                          VPOS="1955"
                          HPOS="1149"
                          CONTENT="et"/>
                  <SP HEIGHT="76" WIDTH="23" VPOS="1955" HPOS="1286"/>
                  <String HEIGHT="76"
                          WIDTH="160"
                          VPOS="1955"
                          HPOS="1217"
                          CONTENT="des"/>
                  <SP HEIGHT="76" WIDTH="23" VPOS="1955" HPOS="1377"/>
                  <String HEIGHT="76"
                          WIDTH="160"
                          VPOS="1955"
                          HPOS="1286"
                          CONTENT="liba"
                          SUBS_TYPE="HypPart1"
                          SUBS_CONTENT="libations,"/>
                  <HYP CONTENT="-"/>
               </TextLine>
               <TextLine ID="tl_23"
                         BASELINE="2108"
                         HEIGHT="89"
                         WIDTH="1052"
                         VPOS="2019"
                         HPOS="397">
                  <String HEIGHT="89"
                          WIDTH="245"
                          VPOS="2019"
                          HPOS="373"
                          CONTENT="tions,"
                          SUBS_TYPE="HypPart2"
                          SUBS_CONTENT="libations,"/>
                  <SP HEIGHT="89" WIDTH="24" VPOS="2019" HPOS="617"/>
                  <String HEIGHT="89"
                          WIDTH="196"
                          VPOS="2019"
                          HPOS="544"
                          CONTENT="elle"/>
                  <SP HEIGHT="89" WIDTH="24" VPOS="2019" HPOS="740"/>
                  <String HEIGHT="89"
                          WIDTH="196"
                          VPOS="2019"
                          HPOS="666"
                          CONTENT="leur"/>
                  <SP HEIGHT="89" WIDTH="24" VPOS="2019" HPOS="862"/>
                  <String HEIGHT="89"
                          WIDTH="220"
                          VPOS="2019"
                          HPOS="788"
                          CONTENT="donna"/>
                  <SP HEIGHT="89" WIDTH="24" VPOS="2019" HPOS="1009"/>
                  <String HEIGHT="89" WIDTH="147" VPOS="2019" HPOS="935" CONTENT="la"/>
                  <SP HEIGHT="89" WIDTH="24" VPOS="2019" HPOS="1082"/>
                  <String HEIGHT="89"
                          WIDTH="318"
                          VPOS="2019"
                          HPOS="1009"
                          CONTENT="sépulture"/>
                  <SP HEIGHT="89" WIDTH="24" VPOS="2019" HPOS="1327"/>
                  <String HEIGHT="89"
                          WIDTH="196"
                          VPOS="2019"
                          HPOS="1253"
                          CONTENT="près"/>
                  <SP HEIGHT="89" WIDTH="24" VPOS="2019" HPOS="1449"/>
                  <String HEIGHT="89" WIDTH="98" VPOS="2019" HPOS="1351" CONTENT="de"/>
               </TextLine>
               <TextLine ID="tl_24"
                         BASELINE="2161"
                         HEIGHT="70"
                         WIDTH="462"
                         VPOS="2091"
                         HPOS="395">
                  <String HEIGHT="70"
                          WIDTH="242"
                          VPOS="2091"
                          HPOS="373"
                          CONTENT="l’autel"/>
                  <SP HEIGHT="70" WIDTH="22" VPOS="2091" HPOS="615"/>
                  <String HEIGHT="70" WIDTH="132" VPOS="2091" HPOS="549" CONTENT="de"/>
                  <SP HEIGHT="70" WIDTH="22" VPOS="2091" HPOS="681"/>
                  <String HEIGHT="70"
                          WIDTH="154"
                          VPOS="2091"
                          HPOS="615"
                          CONTENT="ses"/>
                  <SP HEIGHT="70" WIDTH="22" VPOS="2091" HPOS="769"/>
                  <String HEIGHT="70"
                          WIDTH="176"
                          VPOS="2091"
                          HPOS="681"
                          CONTENT="dieux."/>
               </TextLine>
            </TextBlock>
            <TextBlock ID="r_2_3" HEIGHT="127" WIDTH="1039" VPOS="2171" HPOS="403">
               <Shape>
                  <Polygon POINTS="403,2171 1442,2171 1442,2298 403,2298"/>
               </Shape>
               <TextLine ID="tl_25"
                         BASELINE="2238"
                         HEIGHT="77"
                         WIDTH="999"
                         VPOS="2161"
                         HPOS="450">
                  <String HEIGHT="77" WIDTH="143" VPOS="2161" HPOS="426" CONTENT="Le"/>
                  <SP HEIGHT="77" WIDTH="24" VPOS="2161" HPOS="569"/>
                  <String HEIGHT="77"
                          WIDTH="190"
                          VPOS="2161"
                          HPOS="498"
                          CONTENT="plus"/>
                  <SP HEIGHT="77" WIDTH="24" VPOS="2161" HPOS="688"/>
                  <String HEIGHT="77"
                          WIDTH="214"
                          VPOS="2161"
                          HPOS="617"
                          CONTENT="jeune"/>
                  <SP HEIGHT="77" WIDTH="24" VPOS="2161" HPOS="831"/>
                  <String HEIGHT="77" WIDTH="143" VPOS="2161" HPOS="759" CONTENT="de"/>
                  <SP HEIGHT="77" WIDTH="24" VPOS="2161" HPOS="902"/>
                  <String HEIGHT="77"
                          WIDTH="167"
                          VPOS="2161"
                          HPOS="831"
                          CONTENT="ses"/>
                  <SP HEIGHT="77" WIDTH="24" VPOS="2161" HPOS="997"/>
                  <String HEIGHT="77"
                          WIDTH="190"
                          VPOS="2161"
                          HPOS="926"
                          CONTENT="fils"/>
                  <SP HEIGHT="77" WIDTH="24" VPOS="2161" HPOS="1116"/>
                  <String HEIGHT="77"
                          WIDTH="285"
                          VPOS="2161"
                          HPOS="1045"
                          CONTENT="témoigne"/>
                  <SP HEIGHT="77" WIDTH="24" VPOS="2161" HPOS="1330"/>
                  <String HEIGHT="77"
                          WIDTH="143"
                          VPOS="2161"
                          HPOS="1259"
                          CONTENT="sa"/>
                  <SP HEIGHT="77" WIDTH="24" VPOS="2161" HPOS="1401"/>
                  <String HEIGHT="77"
                          WIDTH="143"
                          VPOS="2161"
                          HPOS="1306"
                          CONTENT="sur"
                          SUBS_TYPE="HypPart1"
                          SUBS_CONTENT="surprise"/>
                  <HYP CONTENT="-"/>
               </TextLine>
               <TextLine ID="tl_26"
                         BASELINE="2337"
                         HEIGHT="113"
                         WIDTH="1045"
                         VPOS="2224"
                         HPOS="397">
                  <String HEIGHT="113"
                          WIDTH="204"
                          VPOS="2224"
                          HPOS="374"
                          CONTENT="prise"
                          SUBS_TYPE="HypPart2"
                          SUBS_CONTENT="surprise"/>
                  <SP HEIGHT="113" WIDTH="23" VPOS="2224" HPOS="579"/>
                  <String HEIGHT="113"
                          WIDTH="136"
                          VPOS="2224"
                          HPOS="511"
                          CONTENT="et"/>
                  <SP HEIGHT="113" WIDTH="23" VPOS="2224" HPOS="647"/>
                  <String HEIGHT="113"
                          WIDTH="159"
                          VPOS="2224"
                          HPOS="579"
                          CONTENT="son"/>
                  <SP HEIGHT="113" WIDTH="23" VPOS="2224" HPOS="738"/>
                  <String HEIGHT="113"
                          WIDTH="341"
                          VPOS="2224"
                          HPOS="670"
                          CONTENT="indignation"/>
                  <SP HEIGHT="113" WIDTH="23" VPOS="2224" HPOS="1010"/>
                  <String HEIGHT="113"
                          WIDTH="136"
                          VPOS="2224"
                          HPOS="942"
                          CONTENT="au"/>
                  <SP HEIGHT="113" WIDTH="23" VPOS="2224" HPOS="1079"/>
                  <String HEIGHT="113"
                          WIDTH="204"
                          VPOS="2224"
                          HPOS="1010"
                          CONTENT="récit"/>
                  <SP HEIGHT="113" WIDTH="23" VPOS="2224" HPOS="1215"/>
                  <String HEIGHT="113"
                          WIDTH="159"
                          VPOS="2224"
                          HPOS="1147"
                          CONTENT="que"/>
                  <SP HEIGHT="113" WIDTH="23" VPOS="2224" HPOS="1306"/>
                  <String HEIGHT="113"
                          WIDTH="159"
                          VPOS="2224"
                          HPOS="1238"
                          CONTENT="lui"/>
                  <SP HEIGHT="113" WIDTH="23" VPOS="2224" HPOS="1397"/>
                  <String HEIGHT="113"
                          WIDTH="136"
                          VPOS="2224"
                          HPOS="1306"
                          CONTENT="fait"/>
               </TextLine>
            </TextBlock>
            <GraphicalElement ID="r_3" HEIGHT="5" WIDTH="107" VPOS="48" HPOS="173"/>
            <GraphicalElement ID="r_4" HEIGHT="5" WIDTH="190" VPOS="1090" HPOS="770"/>
            <GraphicalElement ID="r_5" HEIGHT="571" WIDTH="14" VPOS="2053" HPOS="1488"/>
            <GraphicalElement ID="r_6" HEIGHT="640" WIDTH="16" VPOS="1296" HPOS="1499"/>
            <GraphicalElement ID="r_7" HEIGHT="616" WIDTH="11" VPOS="291" HPOS="1514"/>
         </PrintSpace>
      </Page>
   </Layout>
</alto>
