1584 2712
695 171 165 96 (
728 171 165 96 55)

296 265 159 82 son
387 265 181 82 père
500 265 159 82 des
591 265 227 82 vertus
750 265 136 82 de
818 265 272 82 Phocion,
1022 265 136 82 et
1090 265 136 82 de
1135 265 227 82 l’ingra-

296 350 228 75 titude
456 350 137 75 de
524 350 160 75 ses
593 350 319 75 concitoyens.

345 403 347 90 Plutarque
613 403 187 90 met
719 403 214 90 dans
853 403 160 90 la
933 403 267 90 bouche
1120 403 160 90 de
1174 403 187 90 cette

294 471 228 91 femme
446 471 330 91 vertueuse
700 471 178 91 ces
801 471 203 91 mots
902 471 381 91 remarquables:

352 556 264 83 «Reçois
544 556 192 83 dans
664 556 168 83 ton
760 556 216 83 sein,
903 556 168 83 mon
999 556 192 83 cher
1119 556 240 83 foyer,
1263 556 96 83 la

299 618 165 63 «la
394 618 307 63 dépouille
630 618 284 63 mortelle
843 618 142 63 de
914 618 165 63 cet
1008 618 213 63 homme
1150 618 142 63 de
1198 618 165 63 bien;

299 690 377 57 «conserve-la
606 690 424 57 précieusement,
959 690 141 57 tu
1029 690 141 57 la
1100 690 259 57 rendras
1265 690 94 57 un

301 751 203 87 «jour
437 751 180 87 pour
549 751 135 87 la
617 751 225 87 réunir
774 751 113 87 à
819 751 225 87 celles
977 751 135 87 de
1045 751 158 87 ses
1112 751 248 87 ancêtres,

291 838 261 79 «quand
473 838 183 79 les
578 838 339 79 Athéniens
839 838 261 79 seront
1021 838 287 79 devenus
1204 838 156 79 plus

269 911 259 63 «sages.»

350 964 138 70 La
419 964 207 70 chose
557 964 230 70 arriva
718 964 207 70 comme
856 964 184 70 elle
971 964 253 70 l’avoit
1132 964 230 70 prédite,

297 1037 139 66 et
366 1037 139 66 le
435 1037 254 66 peuple,
620 1037 254 66 honteux
805 1037 139 66 de
874 1037 162 66 son
966 1037 369 66 ingratitude,
1244 1037 115 66 lui

297 1095 251 98 décerna
480 1095 160 98 des
549 1095 229 98 statues.

619 1166 364 99 (Plutarque,
910 1166 170 99 vie
1007 1166 146 99 de
1055 1166 267 99 Phocion.)

574 1385 356 93 MENJAUD.

188 1464 200 111 54.
303 1464 314 111 L’avare
502 1464 200 111 puni.

353 1597 134 86 Un
420 1597 201 86 avare
554 1597 201 86 avoit
688 1597 179 86 fait
800 1597 224 86 placer
957 1597 112 86 à
1002 1597 134 86 la
1069 1597 201 86 porte
1203 1597 134 86 du
1248 1597 112 86 ca-

296 1665 193 69 veau
417 1665 169 69 qui
513 1665 314 69 contenoit
755 1665 169 69 son
851 1665 241 69 trésor
1020 1665 169 69 une
1117 1665 266 69 serrure
1286 1665 72 69 à

297 1728 248 71 secret,
478 1728 180 71 dont
591 1728 248 71 l’effet
771 1728 203 71 étoit
906 1728 135 71 de
974 1728 271 71 refermer
1154 1728 203 71 sur-

296 1793 213 69 champ
438 1793 213 69 cette
580 1793 236 69 porte,
745 1793 189 69 sans
864 1793 213 69 qu’il
1005 1793 165 69 fût
1100 1793 284 69 possible
1289 1793 71 69 à

299 1877 203 65 celui
434 1877 158 65 qui
524 1877 203 65 étoit
659 1877 203 65 entré
794 1877 135 65 de
861 1877 135 65 la
929 1877 248 65 rouvrir
1109 1877 248 65 jamais.
1266 1877 90 65 La

296 1940 310 76 précaution
540 1940 200 76 qu’il
673 1940 244 76 falloit
850 1940 244 76 prendre
1027 1940 200 76 avant
1138 1940 222 76 d’entrer

295 2017 181 79 dans
409 2017 136 79 le
477 2017 227 79 caveau
635 2017 181 79 pour
748 2017 249 79 pouvoir
930 2017 136 79 en
998 2017 249 79 sortir,
1156 2017 204 79 n’étoit

296 2078 237 66 connue
462 2078 166 66 que
557 2078 142 66 de
628 2078 166 66 lui
722 2078 213 66 seul.
864 2078 142 66 Un
935 2078 189 66 jour
1053 2078 213 66 qu’il
1172 2078 189 66 alloit

296 2135 260 95 visiter
486 2135 166 95 son
580 2135 260 95 argent,
770 2135 142 95 il
840 2135 237 95 oublia
1006 2135 142 95 la
1077 2135 237 95 fatale
1219 2135 142 95 pré-

300 2218 278 96 caution,
508 2218 139 96 et
578 2218 139 96 la
647 2218 208 96 porte
786 2218 139 96 se
832 2218 232 96 referma.
