2494.488188976378 4270.866141732284
1094.4881889763778 269.29133858267716 259.84251968503935 151.1811023622047 (
1146.4566929133857 269.29133858267716 259.84251968503935 151.1811023622047 55)

466.1417322834646 417.3228346456693 250.39370078740157 129.13385826771653 son
609.4488188976378 417.3228346456693 285.03937007874015 129.13385826771653 père
787.4015748031496 417.3228346456693 250.39370078740157 129.13385826771653 des
930.7086614173228 417.3228346456693 357.4803149606299 129.13385826771653 vertus
1181.1023622047244 417.3228346456693 214.17322834645668 129.13385826771653 de
1288.1889763779527 417.3228346456693 428.34645669291336 129.13385826771653 Phocion,
1609.4488188976377 417.3228346456693 214.17322834645668 129.13385826771653 et
1716.5354330708662 417.3228346456693 214.17322834645668 129.13385826771653 de
1787.4015748031495 417.3228346456693 357.4803149606299 129.13385826771653 l’ingra-

466.1417322834646 551.1811023622047 359.0551181102362 118.11023622047244 titude
718.1102362204724 551.1811023622047 215.748031496063 118.11023622047244 de
825.1968503937007 551.1811023622047 251.96850393700788 118.11023622047244 ses
933.8582677165355 551.1811023622047 502.3622047244094 118.11023622047244 concitoyens.

543.3070866141733 634.6456692913385 546.4566929133858 141.73228346456693 Plutarque
965.3543307086615 634.6456692913385 294.48818897637796 141.73228346456693 met
1132.283464566929 634.6456692913385 337.00787401574803 141.73228346456693 dans
1343.3070866141732 634.6456692913385 251.96850393700788 141.73228346456693 la
1469.291338582677 634.6456692913385 420.4724409448819 141.73228346456693 bouche
1763.7795275590552 634.6456692913385 251.96850393700788 141.73228346456693 de
1848.8188976377953 634.6456692913385 294.48818897637796 141.73228346456693 cette

462.99212598425197 741.7322834645669 359.0551181102362 143.30708661417322 femme
702.3622047244095 741.7322834645669 519.6850393700787 143.30708661417322 vertueuse
1102.3622047244094 741.7322834645669 280.31496062992125 143.30708661417322 ces
1261.4173228346456 741.7322834645669 319.68503937007875 143.30708661417322 mots
1420.4724409448818 741.7322834645669 600.0 143.30708661417322 remarquables:

554.3307086614174 875.5905511811023 415.748031496063 130.70866141732284 «Reçois
856.6929133858267 875.5905511811023 302.3622047244094 130.70866141732284 dans
1045.6692913385828 875.5905511811023 264.56692913385825 130.70866141732284 ton
1196.8503937007874 875.5905511811023 340.15748031496065 130.70866141732284 sein,
1422.0472440944882 875.5905511811023 264.56692913385825 130.70866141732284 mon
1573.2283464566929 875.5905511811023 302.3622047244094 130.70866141732284 cher
1762.2047244094488 875.5905511811023 377.9527559055118 130.70866141732284 foyer,
1988.976377952756 875.5905511811023 151.1811023622047 130.70866141732284 la

470.86614173228344 973.2283464566929 259.84251968503935 99.21259842519684 «la
620.4724409448819 973.2283464566929 483.46456692913387 99.21259842519684 dépouille
992.1259842519685 973.2283464566929 447.244094488189 99.21259842519684 mortelle
1327.5590551181103 973.2283464566929 223.6220472440945 99.21259842519684 de
1439.3700787401574 973.2283464566929 259.84251968503935 99.21259842519684 cet
1587.4015748031495 973.2283464566929 335.43307086614175 99.21259842519684 homme
1811.023622047244 973.2283464566929 223.6220472440945 99.21259842519684 de
1886.6141732283465 973.2283464566929 259.84251968503935 99.21259842519684 bien;

470.86614173228344 1086.6141732283465 593.7007874015748 89.76377952755905 «conserve-la
954.3307086614174 1086.6141732283465 667.7165354330708 89.76377952755905 précieusement,
1510.236220472441 1086.6141732283465 222.04724409448818 89.76377952755905 tu
1620.4724409448818 1086.6141732283465 222.04724409448818 89.76377952755905 la
1732.283464566929 1086.6141732283465 407.87401574803147 89.76377952755905 rendras
1992.1259842519685 1086.6141732283465 148.03149606299212 89.76377952755905 un

474.01574803149606 1182.6771653543308 319.68503937007875 137.00787401574803 «jour
688.1889763779527 1182.6771653543308 283.46456692913387 137.00787401574803 pour
864.5669291338583 1182.6771653543308 212.5984251968504 137.00787401574803 la
971.6535433070866 1182.6771653543308 354.3307086614173 137.00787401574803 réunir
1218.8976377952756 1182.6771653543308 177.95275590551182 137.00787401574803 à
1289.763779527559 1182.6771653543308 354.3307086614173 137.00787401574803 celles
1538.5826771653544 1182.6771653543308 212.5984251968504 137.00787401574803 de
1645.6692913385828 1182.6771653543308 248.8188976377953 137.00787401574803 ses
1751.1811023622047 1182.6771653543308 390.5511811023622 137.00787401574803 ancêtres,

458.26771653543307 1319.6850393700788 411.0236220472441 124.40944881889764 «quand
744.8818897637796 1319.6850393700788 288.18897637795277 124.40944881889764 les
910.2362204724409 1319.6850393700788 533.8582677165355 124.40944881889764 Athéniens
1321.259842519685 1319.6850393700788 411.0236220472441 124.40944881889764 seront
1607.8740157480315 1319.6850393700788 451.9685039370079 124.40944881889764 devenus
1896.0629921259842 1319.6850393700788 245.66929133858267 124.40944881889764 plus

423.62204724409446 1434.6456692913387 407.87401574803147 99.21259842519684 «sages.»

551.1811023622047 1518.1102362204724 217.3228346456693 110.23622047244095 La
659.8425196850394 1518.1102362204724 325.98425196850394 110.23622047244095 chose
877.1653543307086 1518.1102362204724 362.20472440944883 110.23622047244095 arriva
1130.708661417323 1518.1102362204724 325.98425196850394 110.23622047244095 comme
1348.0314960629921 1518.1102362204724 289.76377952755905 110.23622047244095 elle
1529.1338582677165 1518.1102362204724 398.4251968503937 110.23622047244095 l’avoit
1782.6771653543308 1518.1102362204724 362.20472440944883 110.23622047244095 prédite,

467.7165354330709 1633.0708661417323 218.89763779527559 103.93700787401575 et
576.3779527559055 1633.0708661417323 218.89763779527559 103.93700787401575 le
685.0393700787401 1633.0708661417323 400.0 103.93700787401575 peuple,
976.3779527559055 1633.0708661417323 400.0 103.93700787401575 honteux
1267.716535433071 1633.0708661417323 218.89763779527559 103.93700787401575 de
1376.3779527559054 1633.0708661417323 255.11811023622047 103.93700787401575 son
1521.259842519685 1633.0708661417323 581.1023622047244 103.93700787401575 ingratitude,
1959.0551181102362 1633.0708661417323 181.10236220472441 103.93700787401575 lui

467.7165354330709 1724.4094488188975 395.2755905511811 154.33070866141733 décerna
755.9055118110236 1724.4094488188975 251.96850393700788 154.33070866141733 des
864.5669291338583 1724.4094488188975 360.62992125984255 154.33070866141733 statues.

974.8031496062993 1836.2204724409448 573.2283464566929 155.90551181102362 (Plutarque,
1433.0708661417323 1836.2204724409448 267.7165354330709 155.90551181102362 vie
1585.8267716535433 1836.2204724409448 229.92125984251967 155.90551181102362 de
1661.4173228346456 1836.2204724409448 420.4724409448819 155.90551181102362 Phocion.)

903.9370078740158 2181.1023622047246 560.6299212598425 146.45669291338584 MENJAUD.

296.06299212598424 2305.511811023622 314.96062992125985 174.8031496062992 54.
477.1653543307087 2305.511811023622 494.48818897637796 174.8031496062992 L’avare
790.5511811023622 2305.511811023622 314.96062992125985 174.8031496062992 puni.

555.9055118110236 2514.9606299212596 211.0236220472441 135.43307086614172 Un
661.4173228346457 2514.9606299212596 316.53543307086613 135.43307086614172 avare
872.4409448818898 2514.9606299212596 316.53543307086613 135.43307086614172 avoit
1083.4645669291338 2514.9606299212596 281.8897637795276 135.43307086614172 fait
1259.8425196850394 2514.9606299212596 352.755905511811 135.43307086614172 placer
1507.0866141732283 2514.9606299212596 176.3779527559055 135.43307086614172 à
1577.9527559055118 2514.9606299212596 211.0236220472441 135.43307086614172 la
1683.4645669291338 2514.9606299212596 316.53543307086613 135.43307086614172 porte
1894.4881889763778 2514.9606299212596 211.0236220472441 135.43307086614172 du
1965.3543307086613 2514.9606299212596 176.3779527559055 135.43307086614172 ca-

466.1417322834646 2622.047244094488 303.93700787401576 108.66141732283465 veau
656.6929133858267 2622.047244094488 266.1417322834646 108.66141732283465 qui
807.8740157480315 2622.047244094488 494.48818897637796 108.66141732283465 contenoit
1188.976377952756 2622.047244094488 266.1417322834646 108.66141732283465 son
1340.1574803149606 2622.047244094488 379.5275590551181 108.66141732283465 trésor
1606.2992125984251 2622.047244094488 266.1417322834646 108.66141732283465 une
1759.0551181102362 2622.047244094488 418.8976377952756 108.66141732283465 serrure
2025.1968503937007 2622.047244094488 113.38582677165354 108.66141732283465 à

467.7165354330709 2721.259842519685 390.5511811023622 111.81102362204724 secret,
752.7559055118111 2721.259842519685 283.46456692913387 111.81102362204724 dont
930.7086614173228 2721.259842519685 390.5511811023622 111.81102362204724 l’effet
1214.1732283464567 2721.259842519685 319.68503937007875 111.81102362204724 étoit
1426.7716535433071 2721.259842519685 212.5984251968504 111.81102362204724 de
1533.8582677165355 2721.259842519685 426.7716535433071 111.81102362204724 refermer
1817.3228346456692 2721.259842519685 319.68503937007875 111.81102362204724 sur-

466.1417322834646 2823.6220472440946 335.43307086614175 108.66141732283465 champ
689.7637795275591 2823.6220472440946 335.43307086614175 108.66141732283465 cette
913.3858267716536 2823.6220472440946 371.65354330708664 108.66141732283465 porte,
1173.2283464566929 2823.6220472440946 297.6377952755906 108.66141732283465 sans
1360.6299212598426 2823.6220472440946 335.43307086614175 108.66141732283465 qu’il
1582.6771653543308 2823.6220472440946 259.84251968503935 108.66141732283465 fût
1732.283464566929 2823.6220472440946 447.244094488189 108.66141732283465 possible
2029.9212598425197 2823.6220472440946 111.81102362204724 108.66141732283465 à

470.86614173228344 2955.9055118110236 319.68503937007875 102.36220472440945 celui
683.4645669291339 2955.9055118110236 248.8188976377953 102.36220472440945 qui
825.1968503937007 2955.9055118110236 319.68503937007875 102.36220472440945 étoit
1037.7952755905512 2955.9055118110236 319.68503937007875 102.36220472440945 entré
1250.3937007874015 2955.9055118110236 212.5984251968504 102.36220472440945 de
1355.9055118110236 2955.9055118110236 212.5984251968504 102.36220472440945 la
1462.992125984252 2955.9055118110236 390.5511811023622 102.36220472440945 rouvrir
1746.4566929133857 2955.9055118110236 390.5511811023622 102.36220472440945 jamais.
1993.7007874015749 2955.9055118110236 141.73228346456693 102.36220472440945 La

466.1417322834646 3055.1181102362207 488.18897637795277 119.68503937007874 précaution
850.3937007874016 3055.1181102362207 314.96062992125985 119.68503937007874 qu’il
1059.8425196850394 3055.1181102362207 384.251968503937 119.68503937007874 falloit
1338.5826771653544 3055.1181102362207 384.251968503937 119.68503937007874 prendre
1617.3228346456692 3055.1181102362207 314.96062992125985 119.68503937007874 avant
1792.1259842519685 3055.1181102362207 349.6062992125984 119.68503937007874 d’entrer

464.56692913385825 3176.3779527559054 285.03937007874015 124.40944881889764 dans
644.0944881889764 3176.3779527559054 214.17322834645668 124.40944881889764 le
751.1811023622047 3176.3779527559054 357.4803149606299 124.40944881889764 caveau
1000.0 3176.3779527559054 285.03937007874015 124.40944881889764 pour
1177.9527559055118 3176.3779527559054 392.12598425196853 124.40944881889764 pouvoir
1464.5669291338584 3176.3779527559054 214.17322834645668 124.40944881889764 en
1571.6535433070867 3176.3779527559054 392.12598425196853 124.40944881889764 sortir,
1820.4724409448818 3176.3779527559054 321.25984251968504 124.40944881889764 n’étoit

466.1417322834646 3272.4409448818897 373.2283464566929 103.93700787401575 connue
727.5590551181102 3272.4409448818897 261.4173228346457 103.93700787401575 que
877.1653543307086 3272.4409448818897 223.6220472440945 103.93700787401575 de
988.9763779527559 3272.4409448818897 261.4173228346457 103.93700787401575 lui
1137.007874015748 3272.4409448818897 335.43307086614175 103.93700787401575 seul.
1360.6299212598426 3272.4409448818897 223.6220472440945 103.93700787401575 Un
1472.4409448818897 3272.4409448818897 297.6377952755906 103.93700787401575 jour
1658.267716535433 3272.4409448818897 335.43307086614175 103.93700787401575 qu’il
1845.6692913385828 3272.4409448818897 297.6377952755906 103.93700787401575 alloit

466.1417322834646 3362.2047244094488 409.4488188976378 149.60629921259843 visiter
765.3543307086615 3362.2047244094488 261.4173228346457 149.60629921259843 son
913.3858267716536 3362.2047244094488 409.4488188976378 149.60629921259843 argent,
1212.5984251968505 3362.2047244094488 223.6220472440945 149.60629921259843 il
1322.8346456692914 3362.2047244094488 373.2283464566929 149.60629921259843 oublia
1584.251968503937 3362.2047244094488 223.6220472440945 149.60629921259843 la
1696.0629921259842 3362.2047244094488 373.2283464566929 149.60629921259843 fatale
1919.6850393700788 3362.2047244094488 223.6220472440945 149.60629921259843 pré-

472.4409448818898 3492.9133858267714 437.79527559055117 151.1811023622047 caution,
800.0 3492.9133858267714 218.89763779527559 151.1811023622047 et
910.2362204724409 3492.9133858267714 218.89763779527559 151.1811023622047 la
1018.8976377952756 3492.9133858267714 327.5590551181102 151.1811023622047 porte
1237.7952755905512 3492.9133858267714 218.89763779527559 151.1811023622047 se
1310.236220472441 3492.9133858267714 365.3543307086614 151.1811023622047 referma.
