1629 2748
658 184 152 102 (
718 184 182 102 56
779 184 91 102 )

344 272 207 90 Après
482 272 298 90 plusieurs
711 272 207 90 jours
849 272 344 90 d’horribles
1102 272 252 90 souffran-

293 351 166 91 ces,
397 351 125 91 il
459 351 208 91 expire
605 351 125 91 de
667 351 166 91 faim
771 351 125 91 et
834 351 125 91 de
896 351 166 91 soif
1000 351 145 91 sur
1083 351 145 91 ses
1145 351 208 91 trésors.

296 614 254 95 MONGIN
473 614 533 95 (Pierre-Antoine),
930 614 152 95 né
1006 614 127 95 à
1031 614 203 95 Paris.

178 742 215 96 55.
301 742 215 96 Fin
424 742 276 96 d’une
577 742 368 96 Tourmente.

345 843 165 80 Des
439 843 329 80 voyageurs,
697 843 259 80 surpris
885 843 165 80 par
979 843 141 80 la
1050 843 259 80 tempête
1214 843 141 80 dans

286 928 174 74 des
386 928 323 74 montagnes
634 928 323 74 couvertes
883 928 149 74 de
958 928 249 74 neige,
1107 928 249 74 arrivent

289 987 260 84 excédés
478 987 142 84 de
549 987 283 84 fatigue,
762 987 189 84 pres
880 987 142 84 de
951 987 142 84 la
1021 987 283 84 chapelle
1210 987 142 84 d’un

288 1068 297 69 hospice.
511 1068 173 69 Une
610 1068 223 69 jeune
758 1068 223 69 femme
907 1068 297 69 évanouie
1129 1068 124 69 a
1154 1068 198 69 laissé

290 1140 226 70 tomber
449 1140 271 70 l’enfant
652 1140 248 70 qu’elle
833 1140 248 70 portoit
1013 1140 181 70 dans
1126 1140 158 70 ses
1194 1140 158 70 bras;

290 1203 142 60 la
361 1203 189 60 mère
479 1203 142 60 de
550 1203 213 60 cette
692 1203 213 60 femme
834 1203 260 60 cherche
1023 1203 118 60 à
1070 1203 142 60 la
1118 1203 236 60 relever.

291 1273 155 59 Une
380 1273 200 59 jeune
513 1273 200 59 fille
646 1273 200 59 tombe
779 1273 133 59 de
846 1273 311 59 lassitude.
1090 1273 155 59 Les
1157 1273 200 59 ermites

291 1344 139 60 de
360 1344 324 60 l’hospice,
615 1344 162 60 qui
707 1344 162 60 ont
800 1344 254 60 entendu
985 1344 162 60 les
1077 1344 185 60 cris
1193 1344 139 60 de
1239 1344 116 60 ces

289 1409 355 73 infortunés,
573 1409 307 73 accourent
809 1409 189 73 avec
928 1409 213 73 leurs
1069 1409 236 73 chiens
1211 1409 142 73 pour

289 1473 191 74 leur
409 1473 239 74 donner
576 1473 167 74 des
648 1473 239 74 secours.

348 1554 134 69 Le
415 1554 179 69 site
527 1554 157 69 est
616 1554 179 69 pris
728 1554 157 69 sur
817 1554 134 69 le
884 1554 224 69 sommet
1041 1554 157 69 des
1130 1554 224 69 Alpes,
1265 1554 89 69 au

266 1613 401 85 Saint

208 1859 300 70 MONSIAU
426 1859 382 70 (Nicolas),
726 1859 164 70 né
808 1859 137 70 à
863 1859 273 70 Paris,
1054 1859 273 70 membre
1218 1859 109 70 de

278 1925 343 99 l’ancienne
548 1925 294 99 Académie
769 1925 245 99 royale
940 1925 147 99 de
989 1925 270 99 peinture.

178 2033 243 85 56.
317 2033 451 85 Admirable
664 2033 486 85 dévouement
1046 2033 208 85 de
1150 2033 208 85 M.
1219 2033 139 85 de

243 2132 361 85 Belzunce
513 2132 301 85 évêque
724 2132 180 85 de
814 2132 421 85 Marseille,
1115 2132 240 85 durant

247 2206 159 98 la
326 2206 238 98 peste
485 2206 185 98 qui
590 2206 265 98 désola
776 2206 238 98 cette
934 2206 238 98 ville
1093 2206 159 98 en
1146 2206 185 98 1720.
