2565.3543307086616 4327.55905511811
1036.2204724409448 289.76377952755905 239.37007874015748 160.62992125984252 (
1130.708661417323 289.76377952755905 286.61417322834643 160.62992125984252 56
1226.7716535433071 289.76377952755905 143.30708661417322 160.62992125984252 )

541.7322834645669 428.34645669291336 325.98425196850394 141.73228346456693 Après
759.0551181102362 428.34645669291336 469.29133858267716 141.73228346456693 plusieurs
1119.6850393700788 428.34645669291336 325.98425196850394 141.73228346456693 jours
1337.007874015748 428.34645669291336 541.7322834645669 141.73228346456693 d’horribles
1735.4330708661416 428.34645669291336 396.8503937007874 141.73228346456693 souffran-

461.4173228346457 552.7559055118111 261.4173228346457 143.30708661417322 ces,
625.1968503937007 552.7559055118111 196.8503937007874 143.30708661417322 il
722.8346456692914 552.7559055118111 327.5590551181102 143.30708661417322 expire
952.7559055118111 552.7559055118111 196.8503937007874 143.30708661417322 de
1050.3937007874015 552.7559055118111 261.4173228346457 143.30708661417322 faim
1214.1732283464567 552.7559055118111 196.8503937007874 143.30708661417322 et
1313.3858267716535 552.7559055118111 196.8503937007874 143.30708661417322 de
1411.023622047244 552.7559055118111 261.4173228346457 143.30708661417322 soif
1574.8031496062993 552.7559055118111 228.3464566929134 143.30708661417322 sur
1705.5118110236222 552.7559055118111 228.3464566929134 143.30708661417322 ses
1803.1496062992126 552.7559055118111 327.5590551181102 143.30708661417322 trésors.

466.1417322834646 966.9291338582677 400.0 149.60629921259843 MONGIN
744.8818897637796 966.9291338582677 839.3700787401575 149.60629921259843 (Pierre-Antoine),
1464.5669291338584 966.9291338582677 239.37007874015748 149.60629921259843 né
1584.251968503937 966.9291338582677 200.0 149.60629921259843 à
1623.6220472440946 966.9291338582677 319.68503937007875 149.60629921259843 Paris.

280.31496062992125 1168.5039370078741 338.5826771653543 151.1811023622047 55.
474.01574803149606 1168.5039370078741 338.5826771653543 151.1811023622047 Fin
667.7165354330708 1168.5039370078741 434.6456692913386 151.1811023622047 d’une
908.6614173228346 1168.5039370078741 579.5275590551181 151.1811023622047 Tourmente.

543.3070866141733 1327.5590551181103 259.84251968503935 125.98425196850394 Des
691.3385826771654 1327.5590551181103 518.1102362204724 125.98425196850394 voyageurs,
1097.6377952755906 1327.5590551181103 407.87401574803147 125.98425196850394 surpris
1393.7007874015749 1327.5590551181103 259.84251968503935 125.98425196850394 par
1541.732283464567 1327.5590551181103 222.04724409448818 125.98425196850394 la
1653.5433070866143 1327.5590551181103 407.87401574803147 125.98425196850394 tempête
1911.8110236220473 1327.5590551181103 222.04724409448818 125.98425196850394 dans

450.3937007874016 1461.4173228346456 274.01574803149606 116.53543307086615 des
607.8740157480315 1461.4173228346456 508.66141732283467 116.53543307086615 montagnes
998.4251968503937 1461.4173228346456 508.66141732283467 116.53543307086615 couvertes
1390.5511811023623 1461.4173228346456 234.64566929133858 116.53543307086615 de
1508.6614173228347 1461.4173228346456 392.12598425196853 116.53543307086615 neige,
1743.3070866141732 1461.4173228346456 392.12598425196853 116.53543307086615 arrivent

455.11811023622045 1554.3307086614172 409.4488188976378 132.28346456692913 excédés
752.7559055118111 1554.3307086614172 223.6220472440945 132.28346456692913 de
864.5669291338583 1554.3307086614172 445.6692913385827 132.28346456692913 fatigue,
1200.0 1554.3307086614172 297.6377952755906 132.28346456692913 pres
1385.8267716535433 1554.3307086614172 223.6220472440945 132.28346456692913 de
1497.6377952755906 1554.3307086614172 223.6220472440945 132.28346456692913 la
1607.8740157480315 1554.3307086614172 445.6692913385827 132.28346456692913 chapelle
1905.5118110236222 1554.3307086614172 223.6220472440945 132.28346456692913 d’un

453.54330708661416 1681.8897637795276 467.7165354330709 108.66141732283465 hospice.
804.7244094488188 1681.8897637795276 272.4409448818898 108.66141732283465 Une
960.6299212598425 1681.8897637795276 351.18110236220474 108.66141732283465 jeune
1193.7007874015749 1681.8897637795276 351.18110236220474 108.66141732283465 femme
1428.3464566929133 1681.8897637795276 467.7165354330709 108.66141732283465 évanouie
1777.9527559055118 1681.8897637795276 195.2755905511811 108.66141732283465 a
1817.3228346456692 1681.8897637795276 311.81102362204723 108.66141732283465 laissé

456.6929133858268 1795.275590551181 355.90551181102364 110.23622047244095 tomber
707.0866141732283 1795.275590551181 426.7716535433071 110.23622047244095 l’enfant
1026.7716535433071 1795.275590551181 390.5511811023622 110.23622047244095 qu’elle
1311.8110236220473 1795.275590551181 390.5511811023622 110.23622047244095 portoit
1595.275590551181 1795.275590551181 285.03937007874015 110.23622047244095 dans
1773.2283464566929 1795.275590551181 248.8188976377953 110.23622047244095 ses
1880.3149606299212 1795.275590551181 248.8188976377953 110.23622047244095 bras;

456.6929133858268 1894.4881889763778 223.6220472440945 94.48818897637796 la
568.503937007874 1894.4881889763778 297.6377952755906 94.48818897637796 mère
754.3307086614174 1894.4881889763778 223.6220472440945 94.48818897637796 de
866.1417322834645 1894.4881889763778 335.43307086614175 94.48818897637796 cette
1089.763779527559 1894.4881889763778 335.43307086614175 94.48818897637796 femme
1313.3858267716535 1894.4881889763778 409.4488188976378 94.48818897637796 cherche
1611.023622047244 1894.4881889763778 185.82677165354332 94.48818897637796 à
1685.0393700787401 1894.4881889763778 223.6220472440945 94.48818897637796 la
1760.6299212598426 1894.4881889763778 371.65354330708664 94.48818897637796 relever.

458.26771653543307 2004.724409448819 244.09448818897638 92.91338582677166 Une
598.4251968503937 2004.724409448819 314.96062992125985 92.91338582677166 jeune
807.8740157480315 2004.724409448819 314.96062992125985 92.91338582677166 fille
1017.3228346456693 2004.724409448819 314.96062992125985 92.91338582677166 tombe
1226.7716535433071 2004.724409448819 209.4488188976378 92.91338582677166 de
1332.283464566929 2004.724409448819 489.76377952755905 92.91338582677166 lassitude.
1716.5354330708662 2004.724409448819 244.09448818897638 92.91338582677166 Les
1822.0472440944882 2004.724409448819 314.96062992125985 92.91338582677166 ermites

458.26771653543307 2116.535433070866 218.89763779527559 94.48818897637796 de
566.9291338582677 2116.535433070866 510.23622047244095 94.48818897637796 l’hospice,
968.503937007874 2116.535433070866 255.11811023622047 94.48818897637796 qui
1113.3858267716535 2116.535433070866 255.11811023622047 94.48818897637796 ont
1259.8425196850394 2116.535433070866 400.0 94.48818897637796 entendu
1551.1811023622047 2116.535433070866 255.11811023622047 94.48818897637796 les
1696.0629921259842 2116.535433070866 291.33858267716533 94.48818897637796 cris
1878.740157480315 2116.535433070866 218.89763779527559 94.48818897637796 de
1951.1811023622047 2116.535433070866 182.6771653543307 94.48818897637796 ces

455.11811023622045 2218.8976377952754 559.0551181102362 114.96062992125984 infortunés,
902.3622047244095 2218.8976377952754 483.46456692913387 114.96062992125984 accourent
1274.015748031496 2218.8976377952754 297.6377952755906 114.96062992125984 avec
1461.4173228346456 2218.8976377952754 335.43307086614175 114.96062992125984 leurs
1683.4645669291338 2218.8976377952754 371.65354330708664 114.96062992125984 chiens
1907.0866141732283 2218.8976377952754 223.6220472440945 114.96062992125984 pour

455.11811023622045 2319.685039370079 300.78740157480314 116.53543307086615 leur
644.0944881889764 2319.685039370079 376.37795275590554 116.53543307086615 donner
907.0866141732283 2319.685039370079 262.99212598425197 116.53543307086615 des
1020.4724409448819 2319.685039370079 376.37795275590554 116.53543307086615 secours.

548.0314960629921 2447.244094488189 211.0236220472441 108.66141732283465 Le
653.5433070866142 2447.244094488189 281.8897637795276 108.66141732283465 site
829.9212598425197 2447.244094488189 247.24409448818898 108.66141732283465 est
970.0787401574803 2447.244094488189 281.8897637795276 108.66141732283465 pris
1146.4566929133857 2447.244094488189 247.24409448818898 108.66141732283465 sur
1286.6141732283465 2447.244094488189 211.0236220472441 108.66141732283465 le
1392.1259842519685 2447.244094488189 352.755905511811 108.66141732283465 sommet
1639.3700787401574 2447.244094488189 247.24409448818898 108.66141732283465 des
1779.5275590551182 2447.244094488189 352.755905511811 108.66141732283465 Alpes,
1992.1259842519685 2447.244094488189 140.15748031496062 108.66141732283465 au

418.8976377952756 2540.1574803149606 631.496062992126 133.85826771653544 Saint

327.5590551181102 2927.5590551181103 472.4409448818898 110.23622047244095 MONSIAU
670.8661417322835 2927.5590551181103 601.5748031496063 110.23622047244095 (Nicolas),
1143.3070866141732 2927.5590551181103 258.26771653543307 110.23622047244095 né
1272.4409448818897 2927.5590551181103 215.748031496063 110.23622047244095 à
1359.0551181102362 2927.5590551181103 429.9212598425197 110.23622047244095 Paris,
1659.8425196850394 2927.5590551181103 429.9212598425197 110.23622047244095 membre
1918.1102362204724 2927.5590551181103 171.6535433070866 110.23622047244095 de

437.79527559055117 3031.496062992126 540.1574803149606 155.90551181102362 l’ancienne
862.992125984252 3031.496062992126 462.99212598425197 155.90551181102362 Académie
1211.023622047244 3031.496062992126 385.8267716535433 155.90551181102362 royale
1480.3149606299212 3031.496062992126 231.49606299212599 155.90551181102362 de
1557.4803149606298 3031.496062992126 425.1968503937008 155.90551181102362 peinture.

280.31496062992125 3201.5748031496064 382.6771653543307 133.85826771653544 56.
499.21259842519686 3201.5748031496064 710.2362204724409 133.85826771653544 Admirable
1045.6692913385828 3201.5748031496064 765.3543307086615 133.85826771653544 dévouement
1647.244094488189 3201.5748031496064 327.5590551181102 133.85826771653544 de
1811.023622047244 3201.5748031496064 327.5590551181102 133.85826771653544 M.
1919.6850393700788 3201.5748031496064 218.89763779527559 133.85826771653544 de

382.6771653543307 3357.48031496063 568.503937007874 133.85826771653544 Belzunce
807.8740157480315 3357.48031496063 474.01574803149606 133.85826771653544 évêque
1140.1574803149606 3357.48031496063 283.46456692913387 133.85826771653544 de
1281.8897637795276 3357.48031496063 662.992125984252 133.85826771653544 Marseille,
1755.9055118110236 3357.48031496063 377.9527559055118 133.85826771653544 durant

388.9763779527559 3474.015748031496 250.39370078740157 154.33070866141733 la
513.3858267716536 3474.015748031496 374.8031496062992 154.33070866141733 peste
763.7795275590552 3474.015748031496 291.33858267716533 154.33070866141733 qui
929.1338582677165 3474.015748031496 417.3228346456693 154.33070866141733 désola
1222.0472440944882 3474.015748031496 374.8031496062992 154.33070866141733 cette
1470.8661417322835 3474.015748031496 374.8031496062992 154.33070866141733 ville
1721.259842519685 3474.015748031496 250.39370078740157 154.33070866141733 en
1804.724409448819 3474.015748031496 291.33858267716533 154.33070866141733 1720.
