2480.314960629921 4285.03937007874
533.8582677165355 365.3543307086614 233.0708661417323 100.78740157480316 Ce
650.3937007874016 365.3543307086614 388.9763779527559 100.78740157480316 prélat
922.8346456692914 365.3543307086614 272.4409448818898 100.78740157480316 est
1077.1653543307086 365.3543307086614 543.3070866141733 100.78740157480316 représenté
1505.5118110236222 365.3543307086614 310.23622047244095 100.78740157480316 dans
1699.2125984251968 365.3543307086614 272.4409448818898 100.78740157480316 ses
1815.748031496063 365.3543307086614 310.23622047244095 100.78740157480316 habits

437.79527559055117 481.8897637795276 707.0866141732283 143.30708661417322 pontificaux,
1012.5984251968504 481.8897637795276 486.61417322834643 143.30708661417322 donnant
1366.9291338582677 481.8897637795276 264.56692913385825 143.30708661417322 la
1499.2125984251968 481.8897637795276 574.8031496062993 143.30708661417322 communion
1897.6377952755906 481.8897637795276 220.4724409448819 143.30708661417322 aux

412.59842519685037 592.1259842519685 444.09448818897636 141.73228346456693 pestiférés.

270.86614173228344 1039.3700787401574 433.07086614173227 91.33858267716535 PRUDHON
585.8267716535433 1039.3700787401574 707.0866141732283 91.33858267716535 (Pierre-Paul),
1174.8031496062993 1039.3700787401574 393.7007874015748 91.33858267716535 membre
1450.3937007874015 1039.3700787401574 236.2204724409449 91.33858267716535 de
1568.5039370078741 1039.3700787401574 549.6062992125984 91.33858267716535 l’Institut
1960.6299212598426 1039.3700787401574 157.48031496062993 91.33858267716535 et

355.90551181102364 1154.3307086614172 234.64566929133858 135.43307086614172 de
474.01574803149606 1154.3307086614172 234.64566929133858 135.43307086614172 la
590.5511811023622 1154.3307086614172 820.4724409448819 135.43307086614172 Légion-d’Honneur,
1294.4881889763778 1154.3307086614172 234.64566929133858 135.43307086614172 né
1411.023622047244 1154.3307086614172 195.2755905511811 135.43307086614172 à
1489.763779527559 1154.3307086614172 390.5511811023622 135.43307086614172 Cluny,
1724.4094488188975 1154.3307086614172 390.5511811023622 135.43307086614172 départe-

357.4803149606299 1261.4173228346456 311.81102362204723 114.96062992125984 ment
552.7559055118111 1261.4173228346456 233.0708661417323 114.96062992125984 de
629.9212598425197 1261.4173228346456 662.992125984252 114.96062992125984 Saône

270.86614173228344 1455.1181102362204 340.15748031496065 148.03149606299212 57.
466.1417322834646 1455.1181102362204 291.33858267716533 148.03149606299212 La
611.0236220472441 1455.1181102362204 533.8582677165355 148.03149606299212 Justice
1000.0 1455.1181102362204 291.33858267716533 148.03149606299212 et
1144.8818897637796 1455.1181102362204 291.33858267716533 148.03149606299212 la
1291.3385826771653 1455.1181102362204 631.496062992126 148.03149606299212 Vengeance
1727.5590551181103 1455.1181102362204 388.9763779527559 148.03149606299212 divine

357.4803149606299 1629.9212598425197 725.9842519685039 170.07874015748033 poursuivant
938.5826771653543 1629.9212598425197 289.76377952755905 170.07874015748033 le
1083.4645669291338 1629.9212598425197 483.46456692913387 170.07874015748033 crime.
1422.0472440944882 1629.9212598425197 242.51968503937007 170.07874015748033 —
1470.8661417322835 1629.9212598425197 579.5275590551181 170.07874015748033 ALLÉGORIE.

530.7086614173228 1826.7716535433071 281.8897637795276 151.1811023622047 Dans
707.0866141732283 1826.7716535433071 211.0236220472441 151.1811023622047 un
812.5984251968504 1826.7716535433071 281.8897637795276 151.1811023622047 site
988.9763779527559 1826.7716535433071 387.40157480314963 151.1811023622047 sauvage
1270.8661417322835 1826.7716535433071 387.40157480314963 151.1811023622047 éclairé
1552.755905511811 1826.7716535433071 247.24409448818898 151.1811023622047 par
1692.9133858267717 1826.7716535433071 211.0236220472441 151.1811023622047 la
1800.0 1826.7716535433071 316.53543307086613 151.1811023622047 lune,
1974.8031496062993 1826.7716535433071 141.73228346456693 151.1811023622047 on

440.9448818897638 1979.5275590551182 303.93700787401576 80.31496062992126 voit
631.496062992126 1979.5275590551182 228.3464566929134 80.31496062992126 un
744.8818897637796 1979.5275590551182 456.6929133858268 80.31496062992126 criminel
1086.6141732283465 1979.5275590551182 266.1417322834646 80.31496062992126 qui
1239.3700787401574 1979.5275590551182 341.73228346456693 80.31496062992126 fuit,
1467.716535433071 1979.5275590551182 228.3464566929134 80.31496062992126 le
1581.1023622047244 1979.5275590551182 456.6929133858268 80.31496062992126 poignard
1922.8346456692914 1979.5275590551182 190.5511811023622 80.31496062992126 à
1960.6299212598426 1979.5275590551182 152.75590551181102 80.31496062992126 la

440.9448818897638 2083.464566929134 341.73228346456693 81.88976377952756 main,
669.2913385826772 2083.464566929134 494.48818897637796 81.88976377952756 emportant
1048.8188976377953 2083.464566929134 266.1417322834646 81.88976377952756 les
1200.0 2083.464566929134 532.2834645669292 81.88976377952756 dépouilles
1617.3228346456692 2083.464566929134 228.3464566929134 81.88976377952756 et
1732.283464566929 2083.464566929134 228.3464566929134 81.88976377952756 la
1807.8740157480315 2083.464566929134 303.93700787401576 81.88976377952756 bourse

440.9448818897638 2160.6299212598424 303.93700787401576 149.60629921259843 d’un
631.496062992126 2160.6299212598424 341.73228346456693 149.60629921259843 jeune
858.2677165354331 2160.6299212598424 341.73228346456693 149.60629921259843 homme
1086.6141732283465 2160.6299212598424 341.73228346456693 149.60629921259843 qu’il
1314.9606299212599 2160.6299212598424 341.73228346456693 149.60629921259843 vient
1543.3070866141732 2160.6299212598424 228.3464566929134 149.60629921259843 de
1656.6929133858268 2160.6299212598424 456.6929133858268 149.60629921259843 frapper,
1960.6299212598426 2160.6299212598424 152.75590551181102 149.60629921259843 et

440.9448818897638 2266.1417322834645 333.8582677165354 116.53543307086615 qu’il
664.5669291338583 2266.1417322834645 371.65354330708664 116.53543307086615 laisse
924.4094488188977 2266.1417322834645 371.65354330708664 116.53543307086615 étendu
1184.251968503937 2266.1417322834645 407.87401574803147 116.53543307086615 mourant
1480.3149606299212 2266.1417322834645 259.84251968503935 116.53543307086615 sur
1629.9212598425197 2266.1417322834645 222.04724409448818 116.53543307086615 la
1740.1574803149606 2266.1417322834645 371.65354330708664 116.53543307086615 place,
1963.7795275590552 2266.1417322834645 148.03149606299212 116.53543307086615 et

437.79527559055117 2384.251968503937 355.90551181102364 99.21259842519684 baigné
686.6141732283464 2384.251968503937 285.03937007874015 99.21259842519684 dans
864.5669291338583 2384.251968503937 248.8188976377953 99.21259842519684 son
1006.2992125984252 2384.251968503937 319.68503937007875 99.21259842519684 sang.
1220.4724409448818 2384.251968503937 285.03937007874015 99.21259842519684 Mais
1398.4251968503936 2384.251968503937 497.6377952755906 99.21259842519684 l’assassin
1788.976377952756 2384.251968503937 212.5984251968504 99.21259842519684 va
1859.8425196850394 2384.251968503937 248.8188976377953 99.21259842519684 rece-

439.37007874015745 2497.6377952755906 296.06299212598424 108.66141732283465 voir
625.1968503937007 2497.6377952755906 222.04724409448818 108.66141732283465 le
737.007874015748 2497.6377952755906 481.8897637795276 108.66141732283465 châtiment
1107.0866141732283 2497.6377952755906 222.04724409448818 108.66141732283465 de
1218.8976377952756 2497.6377952755906 259.84251968503935 108.66141732283465 son
1366.9291338582677 2497.6377952755906 370.0787401574803 108.66141732283465 crime:
1626.7716535433071 2497.6377952755906 296.06299212598424 108.66141732283465 déjà
1812.5984251968505 2497.6377952755906 222.04724409448818 108.66141732283465 la
1886.6141732283465 2497.6377952755906 222.04724409448818 108.66141732283465 Jus-

444.09448818897636 2587.4015748031497 283.46456692913387 116.53543307086615 tice
620.4724409448819 2587.4015748031497 212.5984251968504 116.53543307086615 et
725.9842519685039 2587.4015748031497 212.5984251968504 116.53543307086615 la
833.0708661417323 2587.4015748031497 459.84251968503935 116.53543307086615 Vengeance
1187.4015748031495 2587.4015748031497 354.3307086614173 116.53543307086615 divine
1434.6456692913387 2587.4015748031497 212.5984251968504 116.53543307086615 le
1540.1574803149606 2587.4015748031497 566.9291338582677 116.53543307086615 poursuivent,
1965.3543307086613 2587.4015748031497 141.73228346456693 116.53543307086615 et

440.9448818897638 2705.511811023622 272.4409448818898 102.36220472440945 sont
611.0236220472441 2705.511811023622 237.79527559055117 102.36220472440945 sur
748.0314960629921 2705.511811023622 204.7244094488189 102.36220472440945 le
848.8188976377953 2705.511811023622 305.51181102362204 102.36220472440945 point
1053.5433070866143 2705.511811023622 510.23622047244095 102.36220472440945 d’atteindre
1461.4173228346456 2705.511811023622 204.7244094488189 102.36220472440945 le
1563.7795275590552 2705.511811023622 442.5196850393701 102.36220472440945 coupable;
1869.291338582677 2705.511811023622 237.79527559055117 102.36220472440945 l’une

439.37007874015745 2836.220472440945 305.51181102362204 97.63779527559055 porte
644.0944881889764 2836.220472440945 204.7244094488189 97.63779527559055 la
746.4566929133858 2836.220472440945 373.2283464566929 97.63779527559055 balance
1017.3228346456693 2836.220472440945 204.7244094488189 97.63779527559055 et
1119.6850393700788 2836.220472440945 204.7244094488189 97.63779527559055 le
1222.0472440944882 2836.220472440945 373.2283464566929 97.63779527559055 glaive,
1494.4881889763778 2836.220472440945 373.2283464566929 97.63779527559055 l’autre
1765.3543307086613 2836.220472440945 237.79527559055117 97.63779527559055 est
1867.716535433071 2836.220472440945 237.79527559055117 97.63779527559055 armée

437.79527559055117 2918.1102362204724 218.89763779527559 119.68503937007874 du
546.4566929133858 2918.1102362204724 437.79527559055117 119.68503937007874 flambeau
875.5905511811023 2918.1102362204724 218.89763779527559 119.68503937007874 de
985.8267716535433 2918.1102362204724 218.89763779527559 119.68503937007874 la
1058.267716535433 2918.1102362204724 329.13385826771656 119.68503937007874 vérité.
