1575 2721
339 232 148 64 Ce
413 232 247 64 prélat
586 232 173 64 est
684 232 345 64 représenté
956 232 197 64 dans
1079 232 173 64 ses
1153 232 197 64 habits

278 306 449 91 pontificaux,
643 306 309 91 donnant
868 306 168 91 la
952 306 365 91 communion
1205 306 140 91 aux

262 376 282 90 pestiférés.

172 660 275 58 PRUDHON
372 660 449 58 (Pierre-Paul),
746 660 250 58 membre
921 660 150 58 de
996 660 349 58 l’Institut
1245 660 100 58 et

226 733 149 86 de
301 733 149 86 la
375 733 521 86 Légion-d’Honneur,
822 733 149 86 né
896 733 124 86 à
946 733 248 86 Cluny,
1095 733 248 86 départe-

227 801 198 73 ment
351 801 148 73 de
400 801 421 73 Saône

172 924 216 94 57.
296 924 185 94 La
388 924 339 94 Justice
635 924 185 94 et
727 924 185 94 la
820 924 401 94 Vengeance
1097 924 247 94 divine

227 1035 461 108 poursuivant
596 1035 184 108 le
688 1035 307 108 crime.
903 1035 154 108 —
934 1035 368 108 ALLÉGORIE.

337 1160 179 96 Dans
449 1160 134 96 un
516 1160 179 96 site
628 1160 246 96 sauvage
807 1160 246 96 éclairé
986 1160 157 96 par
1075 1160 134 96 la
1143 1160 201 96 lune,
1254 1160 90 96 on

280 1257 193 51 voit
401 1257 145 51 un
473 1257 290 51 criminel
690 1257 169 51 qui
787 1257 217 51 fuit,
932 1257 145 51 le
1004 1257 290 51 poignard
1221 1257 121 51 à
1245 1257 97 51 la

280 1323 217 52 main,
425 1323 314 52 emportant
666 1323 169 52 les
762 1323 338 52 dépouilles
1027 1323 145 52 et
1100 1323 145 52 la
1148 1323 193 52 bourse

280 1372 193 95 d’un
401 1372 217 95 jeune
545 1372 217 95 homme
690 1372 217 95 qu’il
835 1372 217 95 vient
980 1372 145 95 de
1052 1372 290 95 frapper,
1245 1372 97 95 et

280 1439 212 74 qu’il
422 1439 236 74 laisse
587 1439 236 74 étendu
752 1439 259 74 mourant
940 1439 165 74 sur
1035 1439 141 74 la
1105 1439 236 74 place,
1247 1439 94 74 et

278 1514 226 63 baigné
436 1514 181 63 dans
549 1514 158 63 son
639 1514 203 63 sang.
775 1514 181 63 Mais
888 1514 316 63 l’assassin
1136 1514 135 63 va
1181 1514 158 63 rece-

279 1586 188 69 voir
397 1586 141 69 le
468 1586 306 69 châtiment
703 1586 141 69 de
774 1586 165 69 son
868 1586 235 69 crime:
1033 1586 188 69 déjà
1151 1586 141 69 la
1198 1586 141 69 Jus-

282 1643 180 74 tice
394 1643 135 74 et
461 1643 135 74 la
529 1643 292 74 Vengeance
754 1643 225 74 divine
911 1643 135 74 le
978 1643 360 74 poursuivent,
1248 1643 90 74 et

280 1718 173 65 sont
388 1718 151 65 sur
475 1718 130 65 le
539 1718 194 65 point
669 1718 324 65 d’atteindre
928 1718 130 65 le
993 1718 281 65 coupable;
1187 1718 151 65 l’une

279 1801 194 62 porte
409 1801 130 62 la
474 1801 237 62 balance
646 1801 130 62 et
711 1801 130 62 le
776 1801 237 62 glaive,
949 1801 237 62 l’autre
1121 1801 151 62 est
1186 1801 151 62 armée

278 1853 139 76 du
347 1853 278 76 flambeau
556 1853 139 76 de
626 1853 139 76 la
672 1853 209 76 vérité.
