1644 2763
708 163 153 108 (
769 163 183 108 58
830 163 92 108 )

235 310 293 93 REGNAULT
455 310 220 93 (Jean
601 310 342 93 Baptiste),
870 310 244 93 membre
1041 310 147 93 de
1090 310 318 93 l’Institut,

288 404 323 82 chevalier
537 404 174 82 des
636 404 249 82 ordres
810 404 149 82 du
885 404 199 82 Roi,
1009 404 149 82 de
1059 404 348 82 Saint

288 463 139 84 et
357 463 139 84 de
427 463 139 84 la
496 463 486 84 Légion-d’Honneur,
912 463 139 84 né
982 463 116 84 à
1005 463 185 84 Paris.

235 604 195 68 58.
347 604 447 68 Jésus-Christ
710 604 335 68 descendu
961 604 168 68 de
1045 604 168 68 la
1101 604 223 68 croix.

406 730 167 69 Les
502 730 239 69 Juifs,
669 730 143 69 ne
741 730 263 69 voulant
932 730 167 69 pas
1028 730 167 69 que
1123 730 143 69 le
1195 730 215 69 corps
1314 730 96 69 de

348 792 199 80 Jésus
481 792 133 80 et
547 792 155 80 des
635 792 177 80 deux
746 792 243 80 larrons
923 792 309 80 restassent
1166 792 243 80 exposés
1321 792 88 80 le

342 868 181 82 jour
456 868 136 82 de
524 868 249 82 Pâques,
705 868 295 82 obtinrent
932 868 136 82 du
1000 868 181 82 juge
1113 868 227 82 Pilate
1249 868 159 82 qu’on

348 942 150 70 les
433 942 172 70 ôtât
541 942 129 70 de
605 942 129 70 la
648 942 172 70 croix.

402 996 240 85 Pilate
570 996 240 85 permit
739 996 216 85 aussi
883 996 120 85 à
931 996 240 85 Joseph
1075 996 337 85 d’Arimathie,

348 1076 271 71 disciple
551 1076 135 71 de
619 1076 225 71 Jésus,
777 1076 338 71 d’ensevelir
1047 1076 135 71 le
1115 1076 203 71 corps
1250 1076 135 71 de
1295 1076 113 71 son

344 1136 279 87 maître.
547 1136 152 87 Le
623 1136 305 87 sénateur
851 1136 305 87 Nicomède
1080 1136 254 87 voulut
1232 1136 178 87 aider

346 1219 222 60 Joseph
501 1219 111 60 à
546 1219 155 60 lui
634 1219 222 60 rendre
790 1219 155 60 les
878 1219 266 60 derniers
1078 1219 266 60 devoirs.
1256 1219 155 60 Après

349 1297 207 71 avoir
487 1297 253 71 embaumé
672 1297 138 71 et
741 1297 300 71 enveloppé
971 1297 138 71 le
1040 1297 207 71 corps
1179 1297 138 71 de
1225 1297 184 71 Jésus,

348 1353 161 97 ils
440 1353 415 97 l’ensevelirent
786 1353 185 97 dans
902 1353 138 97 un
971 1353 254 97 tombeau
1155 1353 161 97 que
1224 1353 185 97 Joseph

345 1427 218 62 avoit
490 1427 242 62 taillé
660 1427 194 62 dans
781 1427 145 62 le
853 1427 194 62 roc.
974 1427 315 62 Plusieurs
1192 1427 218 62 femmes,

347 1499 222 69 parmi
496 1499 346 69 lesquelles
767 1499 346 69 figuroient
1039 1499 222 69 Marie
1188 1499 148 69 et
1237 1499 173 69 Made-

352 1565 230 71 leine,
513 1565 161 71 qui
605 1565 253 71 avoient
788 1565 161 71 été
880 1565 298 71 présentes
1110 1565 115 71 à
1155 1565 138 71 la
1224 1565 184 71 mort
1316 1565 92 71 du

348 1632 267 72 Sauveur,
548 1632 334 72 assistèrent
815 1632 200 72 aussi
949 1632 111 72 à
993 1632 134 72 sa
1038 1632 267 72 sépulture.

742 1695 270 92 (Évangile
950 1695 187 92 selon
1075 1695 125 92 S.
1116 1695 250 92 Matthieu).

401 1790 227 88 C’est
552 1790 151 88 ce
628 1790 277 88 dernier
829 1790 252 88 moment
1006 1790 176 88 que
1107 1790 328 88 l’artiste
1333 1790 76 88 a

350 1853 242 75 choisi.
526 1853 220 75 Jésus,
681 1853 265 75 descendu
879 1853 132 75 de
945 1853 132 75 la
1011 1853 220 75 croix,
1166 1853 154 75 est
1232 1853 176 75 étendu

347 1933 236 71 devant
512 1933 141 71 sa
583 1933 212 71 mère,
725 1933 165 71 qui
819 1933 189 71 lève
937 1933 165 71 ses
1031 1933 189 71 bras
1149 1933 141 71 au
1219 1933 189 71 ciel
1314 1933 94 71 en

351 1990 265 82 montrant
550 1990 155 82 son
638 1990 177 82 fils
749 1990 177 82 mort
859 1990 111 82 à
904 1990 155 82 ses
992 1990 221 82 pieds.
1147 1990 177 82 Près
1235 1990 177 82 d’elle

350 2061 177 75 est
451 2061 506 75 Marie-Madeleine,
881 2061 177 75 qui
982 2061 253 75 semble
1134 2061 278 75 succomber

348 2132 118 82 à
396 2132 142 82 sa
466 2132 283 82 douleur;
679 2132 189 82 plus
797 2132 189 82 loin
915 2132 142 82 on
986 2132 189 82 voit
1104 2132 260 82 Marthe,
1269 2132 142 82 sœur

350 2204 141 98 de
421 2204 259 98 Lazare,
609 2204 330 98 embrassant
868 2204 141 98 la
939 2204 235 98 croix;
1104 2204 118 98 à
1151 2204 235 98 droite
1292 2204 118 98 est
