2588.9763779527557 4351.181102362205
1114.9606299212599 256.6929133858268 240.9448818897638 170.07874015748033 (
1211.023622047244 256.6929133858268 288.18897637795277 170.07874015748033 58
1307.0866141732283 256.6929133858268 144.88188976377953 170.07874015748033 )

370.0787401574803 488.18897637795277 461.4173228346457 146.45669291338584 REGNAULT
716.5354330708661 488.18897637795277 346.45669291338584 146.45669291338584 (Jean
946.4566929133858 488.18897637795277 538.5826771653543 146.45669291338584 Baptiste),
1370.0787401574803 488.18897637795277 384.251968503937 146.45669291338584 membre
1639.3700787401574 488.18897637795277 231.49606299212599 146.45669291338584 de
1716.5354330708662 488.18897637795277 500.78740157480314 146.45669291338584 l’Institut,

453.54330708661416 636.2204724409448 508.66141732283467 129.13385826771653 chevalier
845.6692913385826 636.2204724409448 274.01574803149606 129.13385826771653 des
1001.5748031496063 636.2204724409448 392.12598425196853 129.13385826771653 ordres
1275.5905511811025 636.2204724409448 234.64566929133858 129.13385826771653 du
1393.7007874015749 636.2204724409448 313.38582677165357 129.13385826771653 Roi,
1588.976377952756 636.2204724409448 234.64566929133858 129.13385826771653 de
1667.716535433071 636.2204724409448 548.0314960629921 129.13385826771653 Saint

453.54330708661416 729.1338582677165 218.89763779527559 132.28346456692913 et
562.2047244094488 729.1338582677165 218.89763779527559 132.28346456692913 de
672.4409448818898 729.1338582677165 218.89763779527559 132.28346456692913 la
781.1023622047244 729.1338582677165 765.3543307086615 132.28346456692913 Légion-d’Honneur,
1436.2204724409448 729.1338582677165 218.89763779527559 132.28346456692913 né
1546.4566929133857 729.1338582677165 182.6771653543307 132.28346456692913 à
1582.6771653543308 729.1338582677165 291.33858267716533 132.28346456692913 Paris.

370.0787401574803 951.1811023622047 307.0866141732283 107.08661417322834 58.
546.4566929133858 951.1811023622047 703.9370078740158 107.08661417322834 Jésus-Christ
1118.1102362204724 951.1811023622047 527.5590551181102 107.08661417322834 descendu
1513.3858267716535 951.1811023622047 264.56692913385825 107.08661417322834 de
1645.6692913385828 951.1811023622047 264.56692913385825 107.08661417322834 la
1733.8582677165355 951.1811023622047 351.18110236220474 107.08661417322834 croix.

639.3700787401575 1149.6062992125985 262.99212598425197 108.66141732283465 Les
790.5511811023622 1149.6062992125985 376.37795275590554 108.66141732283465 Juifs,
1053.5433070866143 1149.6062992125985 225.1968503937008 108.66141732283465 ne
1166.9291338582677 1149.6062992125985 414.1732283464567 108.66141732283465 voulant
1467.716535433071 1149.6062992125985 262.99212598425197 108.66141732283465 pas
1618.8976377952756 1149.6062992125985 262.99212598425197 108.66141732283465 que
1768.5039370078741 1149.6062992125985 225.1968503937008 108.66141732283465 le
1881.8897637795276 1149.6062992125985 338.5826771653543 108.66141732283465 corps
2069.2913385826773 1149.6062992125985 151.1811023622047 108.66141732283465 de

548.0314960629921 1247.244094488189 313.38582677165357 125.98425196850394 Jésus
757.4803149606299 1247.244094488189 209.4488188976378 125.98425196850394 et
861.4173228346457 1247.244094488189 244.09448818897638 125.98425196850394 des
1000.0 1247.244094488189 278.74015748031496 125.98425196850394 deux
1174.8031496062993 1247.244094488189 382.6771653543307 125.98425196850394 larrons
1453.5433070866143 1247.244094488189 486.61417322834643 125.98425196850394 restassent
1836.2204724409448 1247.244094488189 382.6771653543307 125.98425196850394 exposés
2080.314960629921 1247.244094488189 138.58267716535434 125.98425196850394 le

538.5826771653543 1366.9291338582677 285.03937007874015 129.13385826771653 jour
718.1102362204724 1366.9291338582677 214.17322834645668 129.13385826771653 de
825.1968503937007 1366.9291338582677 392.12598425196853 129.13385826771653 Pâques,
1110.236220472441 1366.9291338582677 464.56692913385825 129.13385826771653 obtinrent
1467.716535433071 1366.9291338582677 214.17322834645668 129.13385826771653 du
1574.8031496062993 1366.9291338582677 285.03937007874015 129.13385826771653 juge
1752.755905511811 1366.9291338582677 357.4803149606299 129.13385826771653 Pilate
1966.9291338582677 1366.9291338582677 250.39370078740157 129.13385826771653 qu’on

548.0314960629921 1483.4645669291338 236.2204724409449 110.23622047244095 les
681.8897637795276 1483.4645669291338 270.86614173228344 110.23622047244095 ôtât
851.9685039370079 1483.4645669291338 203.1496062992126 110.23622047244095 de
952.7559055118111 1483.4645669291338 203.1496062992126 110.23622047244095 la
1020.4724409448819 1483.4645669291338 270.86614173228344 110.23622047244095 croix.

633.0708661417323 1568.5039370078741 377.9527559055118 133.85826771653544 Pilate
897.6377952755905 1568.5039370078741 377.9527559055118 133.85826771653544 permit
1163.7795275590552 1568.5039370078741 340.15748031496065 133.85826771653544 aussi
1390.5511811023623 1568.5039370078741 188.9763779527559 133.85826771653544 à
1466.1417322834645 1568.5039370078741 377.9527559055118 133.85826771653544 Joseph
1692.9133858267717 1568.5039370078741 530.7086614173228 133.85826771653544 d’Arimathie,

548.0314960629921 1694.4881889763778 426.7716535433071 111.81102362204724 disciple
867.7165354330708 1694.4881889763778 212.5984251968504 111.81102362204724 de
974.8031496062993 1694.4881889763778 354.3307086614173 111.81102362204724 Jésus,
1223.6220472440946 1694.4881889763778 532.2834645669292 111.81102362204724 d’ensevelir
1648.8188976377953 1694.4881889763778 212.5984251968504 111.81102362204724 le
1755.9055118110236 1694.4881889763778 319.68503937007875 111.81102362204724 corps
1968.5039370078741 1694.4881889763778 212.5984251968504 111.81102362204724 de
2039.3700787401574 1694.4881889763778 177.95275590551182 111.81102362204724 son

541.7322834645669 1788.976377952756 439.37007874015745 137.00787401574803 maître.
861.4173228346457 1788.976377952756 239.37007874015748 137.00787401574803 Le
981.1023622047244 1788.976377952756 480.31496062992125 137.00787401574803 sénateur
1340.1574803149606 1788.976377952756 480.31496062992125 137.00787401574803 Nicomède
1700.7874015748032 1788.976377952756 400.0 137.00787401574803 voulut
1940.1574803149606 1788.976377952756 280.31496062992125 137.00787401574803 aider

544.8818897637796 1919.6850393700788 349.6062992125984 94.48818897637796 Joseph
788.9763779527559 1919.6850393700788 174.8031496062992 94.48818897637796 à
859.8425196850394 1919.6850393700788 244.09448818897638 94.48818897637796 lui
998.4251968503937 1919.6850393700788 349.6062992125984 94.48818897637796 rendre
1244.0944881889764 1919.6850393700788 244.09448818897638 94.48818897637796 les
1382.6771653543308 1919.6850393700788 418.8976377952756 94.48818897637796 derniers
1697.6377952755906 1919.6850393700788 418.8976377952756 94.48818897637796 devoirs.
1977.9527559055118 1919.6850393700788 244.09448818897638 94.48818897637796 Après

549.6062992125984 2042.5196850393702 325.98425196850394 111.81102362204724 avoir
766.9291338582677 2042.5196850393702 398.4251968503937 111.81102362204724 embaumé
1058.267716535433 2042.5196850393702 217.3228346456693 111.81102362204724 et
1166.9291338582677 2042.5196850393702 472.4409448818898 111.81102362204724 enveloppé
1529.1338582677165 2042.5196850393702 217.3228346456693 111.81102362204724 le
1637.7952755905512 2042.5196850393702 325.98425196850394 111.81102362204724 corps
1856.6929133858268 2042.5196850393702 217.3228346456693 111.81102362204724 de
1929.1338582677165 2042.5196850393702 289.76377952755905 111.81102362204724 Jésus,

548.0314960629921 2130.7086614173227 253.54330708661416 152.75590551181102 ils
692.9133858267717 2130.7086614173227 653.5433070866142 152.75590551181102 l’ensevelirent
1237.7952755905512 2130.7086614173227 291.33858267716533 152.75590551181102 dans
1420.4724409448818 2130.7086614173227 217.3228346456693 152.75590551181102 un
1529.1338582677165 2130.7086614173227 400.0 152.75590551181102 tombeau
1818.8976377952756 2130.7086614173227 253.54330708661416 152.75590551181102 que
1927.5590551181103 2130.7086614173227 291.33858267716533 152.75590551181102 Joseph

543.3070866141733 2247.244094488189 343.3070866141732 97.63779527559055 avoit
771.6535433070866 2247.244094488189 381.1023622047244 97.63779527559055 taillé
1039.3700787401574 2247.244094488189 305.51181102362204 97.63779527559055 dans
1229.9212598425197 2247.244094488189 228.3464566929134 97.63779527559055 le
1343.3070866141732 2247.244094488189 305.51181102362204 97.63779527559055 roc.
1533.8582677165355 2247.244094488189 496.06299212598424 97.63779527559055 Plusieurs
1877.1653543307086 2247.244094488189 343.3070866141732 97.63779527559055 femmes,

546.4566929133858 2360.6299212598424 349.6062992125984 108.66141732283465 parmi
781.1023622047244 2360.6299212598424 544.8818897637796 108.66141732283465 lesquelles
1207.8740157480315 2360.6299212598424 544.8818897637796 108.66141732283465 figuroient
1636.2204724409448 2360.6299212598424 349.6062992125984 108.66141732283465 Marie
1870.8661417322835 2360.6299212598424 233.0708661417323 108.66141732283465 et
1948.0314960629921 2360.6299212598424 272.4409448818898 108.66141732283465 Made-

554.3307086614174 2464.566929133858 362.20472440944883 111.81102362204724 leine,
807.8740157480315 2464.566929133858 253.54330708661416 111.81102362204724 qui
952.7559055118111 2464.566929133858 398.4251968503937 111.81102362204724 avoient
1240.9448818897638 2464.566929133858 253.54330708661416 111.81102362204724 été
1385.8267716535433 2464.566929133858 469.29133858267716 111.81102362204724 présentes
1748.0314960629921 2464.566929133858 181.10236220472441 111.81102362204724 à
1818.8976377952756 2464.566929133858 217.3228346456693 111.81102362204724 la
1927.5590551181103 2464.566929133858 289.76377952755905 111.81102362204724 mort
2072.4409448818897 2464.566929133858 144.88188976377953 111.81102362204724 du

548.0314960629921 2570.0787401574803 420.4724409448819 113.38582677165354 Sauveur,
862.992125984252 2570.0787401574803 525.9842519685039 113.38582677165354 assistèrent
1283.4645669291338 2570.0787401574803 314.96062992125985 113.38582677165354 aussi
1494.4881889763778 2570.0787401574803 174.8031496062992 113.38582677165354 à
1563.7795275590552 2570.0787401574803 211.0236220472441 113.38582677165354 sa
1634.6456692913387 2570.0787401574803 420.4724409448819 113.38582677165354 sépulture.

1168.5039370078741 2669.2913385826773 425.1968503937008 144.88188976377953 (Évangile
1496.0629921259842 2669.2913385826773 294.48818897637796 144.88188976377953 selon
1692.9133858267717 2669.2913385826773 196.8503937007874 144.88188976377953 S.
1757.4803149606298 2669.2913385826773 393.7007874015748 144.88188976377953 Matthieu).

631.496062992126 2818.8976377952754 357.4803149606299 138.58267716535434 C’est
869.2913385826772 2818.8976377952754 237.79527559055117 138.58267716535434 ce
988.9763779527559 2818.8976377952754 436.2204724409449 138.58267716535434 dernier
1305.5118110236222 2818.8976377952754 396.8503937007874 138.58267716535434 moment
1584.251968503937 2818.8976377952754 277.1653543307087 138.58267716535434 que
1743.3070866141732 2818.8976377952754 516.5354330708661 138.58267716535434 l’artiste
2099.212598425197 2818.8976377952754 119.68503937007874 138.58267716535434 a

551.1811023622047 2918.1102362204724 381.1023622047244 118.11023622047244 choisi.
828.3464566929134 2918.1102362204724 346.45669291338584 118.11023622047244 Jésus,
1072.4409448818897 2918.1102362204724 417.3228346456693 118.11023622047244 descendu
1384.251968503937 2918.1102362204724 207.8740157480315 118.11023622047244 de
1488.1889763779527 2918.1102362204724 207.8740157480315 118.11023622047244 la
1592.1259842519685 2918.1102362204724 346.45669291338584 118.11023622047244 croix,
1836.2204724409448 2918.1102362204724 242.51968503937007 118.11023622047244 est
1940.1574803149606 2918.1102362204724 277.1653543307087 118.11023622047244 étendu

546.4566929133858 3044.0944881889764 371.65354330708664 111.81102362204724 devant
806.2992125984252 3044.0944881889764 222.04724409448818 111.81102362204724 sa
918.1102362204724 3044.0944881889764 333.8582677165354 111.81102362204724 mère,
1141.732283464567 3044.0944881889764 259.84251968503935 111.81102362204724 qui
1289.763779527559 3044.0944881889764 297.6377952755906 111.81102362204724 lève
1475.5905511811025 3044.0944881889764 259.84251968503935 111.81102362204724 ses
1623.6220472440946 3044.0944881889764 297.6377952755906 111.81102362204724 bras
1809.4488188976377 3044.0944881889764 222.04724409448818 111.81102362204724 au
1919.6850393700788 3044.0944881889764 297.6377952755906 111.81102362204724 ciel
2069.2913385826773 3044.0944881889764 148.03149606299212 111.81102362204724 en

552.7559055118111 3133.8582677165355 417.3228346456693 129.13385826771653 montrant
866.1417322834645 3133.8582677165355 244.09448818897638 129.13385826771653 son
1004.7244094488188 3133.8582677165355 278.74015748031496 129.13385826771653 fils
1179.5275590551182 3133.8582677165355 278.74015748031496 129.13385826771653 mort
1352.755905511811 3133.8582677165355 174.8031496062992 129.13385826771653 à
1423.6220472440946 3133.8582677165355 244.09448818897638 129.13385826771653 ses
1562.2047244094488 3133.8582677165355 348.0314960629921 129.13385826771653 pieds.
1806.2992125984251 3133.8582677165355 278.74015748031496 129.13385826771653 Près
1944.8818897637796 3133.8582677165355 278.74015748031496 129.13385826771653 d’elle

551.1811023622047 3245.6692913385828 278.74015748031496 118.11023622047244 est
710.2362204724409 3245.6692913385828 796.8503937007874 118.11023622047244 Marie-Madeleine,
1387.4015748031495 3245.6692913385828 278.74015748031496 118.11023622047244 qui
1546.4566929133857 3245.6692913385828 398.4251968503937 118.11023622047244 semble
1785.8267716535433 3245.6692913385828 437.79527559055117 118.11023622047244 succomber

548.0314960629921 3357.48031496063 185.82677165354332 129.13385826771653 à
623.6220472440945 3357.48031496063 223.6220472440945 129.13385826771653 sa
733.8582677165355 3357.48031496063 445.6692913385827 129.13385826771653 douleur;
1069.291338582677 3357.48031496063 297.6377952755906 129.13385826771653 plus
1255.1181102362204 3357.48031496063 297.6377952755906 129.13385826771653 loin
1440.9448818897638 3357.48031496063 223.6220472440945 129.13385826771653 on
1552.755905511811 3357.48031496063 297.6377952755906 129.13385826771653 voit
1738.5826771653544 3357.48031496063 409.4488188976378 129.13385826771653 Marthe,
1998.4251968503936 3357.48031496063 223.6220472440945 129.13385826771653 sœur

551.1811023622047 3470.8661417322833 222.04724409448818 154.33070866141733 de
662.992125984252 3470.8661417322833 407.87401574803147 154.33070866141733 Lazare,
959.0551181102362 3470.8661417322833 519.6850393700787 154.33070866141733 embrassant
1366.9291338582677 3470.8661417322833 222.04724409448818 154.33070866141733 la
1478.740157480315 3470.8661417322833 370.0787401574803 154.33070866141733 croix;
1738.5826771653544 3470.8661417322833 185.82677165354332 154.33070866141733 à
1812.5984251968505 3470.8661417322833 370.0787401574803 154.33070866141733 droite
2034.6456692913387 3470.8661417322833 185.82677165354332 154.33070866141733 est
