2485.0393700787404 4256.692913385827
918.1102362204724 234.64566929133858 236.2204724409449 173.22834645669292 (
1012.5984251968504 234.64566929133858 283.46456692913387 173.22834645669292 59
1107.0866141732283 234.64566929133858 141.73228346456693 173.22834645669292 )

337.00787401574803 387.40157480314963 223.6220472440945 125.98425196850394 S.
448.81889763779526 387.40157480314963 335.43307086614175 125.98425196850394 Jean,
672.4409448818898 387.40157480314963 259.84251968503935 125.98425196850394 qui
820.4724409448819 387.40157480314963 371.65354330708664 125.98425196850394 semblé
1081.8897637795276 387.40157480314963 521.2598425196851 125.98425196850394 concentrer
1489.763779527559 387.40157480314963 259.84251968503935 125.98425196850394 les
1639.3700787401574 387.40157480314963 371.65354330708664 125.98425196850394 peines
1862.992125984252 387.40157480314963 148.03149606299212 125.98425196850394 et

340.15748031496065 521.2598425196851 233.0708661417323 116.53543307086615 les
474.01574803149606 521.2598425196851 366.92913385826773 116.53543307086615 regrets
740.1574803149606 521.2598425196851 300.78740157480314 116.53543307086615 qu’il
940.1574803149606 521.2598425196851 400.0 116.53543307086615 éprouve;
1240.9448818897638 521.2598425196851 166.9291338582677 116.53543307086615 à
1308.6614173228347 521.2598425196851 233.0708661417323 116.53543307086615 ses
1442.5196850393702 521.2598425196851 300.78740157480314 116.53543307086615 côtés
1642.5196850393702 521.2598425196851 233.0708661417323 116.53543307086615 est
1741.732283464567 521.2598425196851 267.7165354330709 116.53543307086615 sainte

340.15748031496065 633.0708661417323 508.66141732283467 108.66141732283465 Elisabeth,
740.1574803149606 633.0708661417323 255.11811023622047 108.66141732283465 qui
885.0393700787401 633.0708661417323 255.11811023622047 108.66141732283465 les
1031.4960629921259 633.0708661417323 436.2204724409449 108.66141732283465 partage.
1357.4803149606298 633.0708661417323 181.10236220472441 108.66141732283465 A
1431.4960629921259 633.0708661417323 363.7795275590551 108.66141732283465 gauche
1685.0393700787401 633.0708661417323 218.89763779527559 108.66141732283465 on
1757.4803149606298 633.0708661417323 255.11811023622047 108.66141732283465 aper-

341.73228346456693 735.4330708661417 297.6377952755906 140.15748031496062 çoit
527.5590551181102 735.4330708661417 371.65354330708664 140.15748031496062 Joseph
787.4015748031496 735.4330708661417 557.4803149606299 140.15748031496062 d’Arimathie
1233.0708661417323 735.4330708661417 222.04724409448818 140.15748031496062 et
1344.8818897637796 735.4330708661417 222.04724409448818 140.15748031496062 le
1455.1181102362204 735.4330708661417 445.6692913385827 140.15748031496062 sénateur
1752.755905511811 735.4330708661417 259.84251968503935 140.15748031496062 Nico-

340.15748031496065 856.6929133858267 335.43307086614175 88.18897637795276 mède.
563.7795275590552 856.6929133858267 223.6220472440945 88.18897637795276 Le
675.5905511811023 856.6929133858267 297.6377952755906 88.18897637795276 ciel
862.992125984252 856.6929133858267 261.4173228346457 88.18897637795276 est
1011.0236220472441 856.6929133858267 485.03937007874015 88.18897637795276 obscurci,
1384.251968503937 856.6929133858267 223.6220472440945 88.18897637795276 la
1496.0629921259842 856.6929133858267 485.03937007874015 88.18897637795276 tristesse
1831.4960629921259 856.6929133858267 185.82677165354332 88.18897637795276 des

344.88188976377955 970.0787401574803 508.66141732283467 103.93700787401575 assistants
744.8818897637796 970.0787401574803 255.11811023622047 103.93700787401575 est
889.7637795275591 970.0787401574803 181.10236220472441 103.93700787401575 à
962.2047244094488 970.0787401574803 255.11811023622047 103.93700787401575 son
1108.6614173228347 970.0787401574803 400.0 103.93700787401575 comble,
1398.4251968503936 970.0787401574803 218.89763779527559 103.93700787401575 et
1508.6614173228347 970.0787401574803 218.89763779527559 103.93700787401575 la
1617.3228346456692 970.0787401574803 363.7795275590551 103.93700787401575 nature
1836.2204724409448 970.0787401574803 181.10236220472441 103.93700787401575 est

343.3070866141732 1066.1417322834645 417.3228346456693 132.28346456692913 plongée
647.2440944881889 1066.1417322834645 303.93700787401576 132.28346456692913 dans
836.2204724409448 1066.1417322834645 228.3464566929134 132.28346456692913 la
911.8110236220473 1066.1417322834645 607.8740157480315 132.28346456692913 consternation.

179.5275590551181 1215.748031496063 305.51181102362204 187.4015748031496 59.
354.3307086614173 1215.748031496063 656.6929133858267 187.4015748031496 L’éducation
880.3149606299213 1215.748031496063 568.503937007874 187.4015748031496 d’Achille
1318.1102362204724 1215.748031496063 305.51181102362204 187.4015748031496 par
1492.9133858267717 1215.748031496063 262.99212598425197 187.4015748031496 le
1579.5275590551182 1215.748031496063 437.79527559055117 187.4015748031496 centaure

222.04724409448818 1371.6535433070867 444.09448818897636 138.58267716535434 Chiron.

470.86614173228344 1631.4960629921259 445.6692913385827 151.1811023622047 RÉGNIER
795.2755905511812 1631.4960629921259 566.9291338582677 151.1811023622047 (Auguste),
1240.9448818897638 1631.4960629921259 242.51968503937007 151.1811023622047 né
1362.2047244094488 1631.4960629921259 203.1496062992126 151.1811023622047 à
1403.1496062992126 1631.4960629921259 324.40944881889766 151.1811023622047 Paris.

177.95275590551182 1818.8976377952756 305.51181102362204 154.33070866141733 60.
352.755905511811 1818.8976377952756 524.4094488188977 154.33070866141733 Paysage.
746.4566929133858 1818.8976377952756 393.7007874015748 154.33070866141733 Effet
1009.4488188976378 1818.8976377952756 262.99212598425197 154.33070866141733 de
1096.0629921259842 1818.8976377952756 349.6062992125984 154.33070866141733 pluie.

436.2204724409449 1949.6062992125985 231.49606299212599 127.55905511811024 On
552.7559055118111 1949.6062992125985 193.70078740157481 127.55905511811024 y
629.9212598425197 1949.6062992125985 308.66141732283467 127.55905511811024 voit
823.6220472440945 1949.6062992125985 231.49606299212599 127.55905511811024 le
940.1574803149606 1949.6062992125985 425.1968503937008 127.55905511811024 tombeau
1248.8188976377953 1949.6062992125985 502.3622047244094 127.55905511811024 d’Arthur,
1636.2204724409448 1949.6062992125985 270.86614173228344 127.55905511811024 roi
1751.1811023622047 1949.6062992125985 270.86614173228344 127.55905511811024 d’An-

352.755905511811 2085.0393700787404 503.93700787401576 102.36220472440945 gleterre,
741.7322834645669 2085.0393700787404 503.93700787401576 102.36220472440945 découvert
1129.1338582677165 2085.0393700787404 233.0708661417323 102.36220472440945 en
1245.6692913385828 2085.0393700787404 349.6062992125984 102.36220472440945 1130,
1478.740157480315 2085.0393700787404 310.23622047244095 102.36220472440945 dans
1672.4409448818897 2085.0393700787404 233.0708661417323 102.36220472440945 le
1751.1811023622047 2085.0393700787404 272.4409448818898 102.36220472440945 cime-

357.4803149606299 2198.4251968503936 362.20472440944883 113.38582677165354 tière,
611.0236220472441 2198.4251968503936 253.54330708661416 113.38582677165354 par
755.9055118110236 2198.4251968503936 253.54330708661416 113.38582677165354 les
900.7874015748032 2198.4251968503936 362.20472440944883 113.38582677165354 moines
1154.3307086614172 2198.4251968503936 217.3228346456693 113.38582677165354 de
1262.992125984252 2198.4251968503936 434.6456692913386 113.38582677165354 l’abbaye
1588.976377952756 2198.4251968503936 217.3228346456693 113.38582677165354 de
1661.4173228346456 2198.4251968503936 362.20472440944883 113.38582677165354 Glafton,

360.62992125984255 2310.236220472441 237.79527559055117 127.55905511811024 au
478.74015748031496 2310.236220472441 316.53543307086613 127.55905511811024 pays
677.1653543307086 2310.236220472441 237.79527559055117 127.55905511811024 de
796.8503937007874 2310.236220472441 436.2204724409449 127.55905511811024 Galles.
1113.3858267716535 2310.236220472441 237.79527559055117 127.55905511811024 On
1233.0708661417323 2310.236220472441 514.9606299212599 127.55905511811024 distingue
1628.3464566929133 2310.236220472441 357.4803149606299 127.55905511811024 parmi
1826.7716535433071 2310.236220472441 198.4251968503937 127.55905511811024 ces

363.7795275590551 2417.3228346456694 362.20472440944883 108.66141732283465 moines
617.3228346456693 2417.3228346456694 217.3228346456693 108.66141732283465 un
725.9842519685039 2417.3228346456694 470.86614173228344 108.66141732283465 chevalier
1088.1889763779527 2417.3228346456694 253.54330708661416 108.66141732283465 qui
1231.4960629921259 2417.3228346456694 325.98425196850394 108.66141732283465 porte
1448.8188976377953 2417.3228346456694 253.54330708661416 108.66141732283465 sur
1593.7007874015749 2417.3228346456694 217.3228346456693 108.66141732283465 sa
1666.1417322834645 2417.3228346456694 362.20472440944883 108.66141732283465 poitrine

360.62992125984255 2510.236220472441 217.3228346456693 125.98425196850394 le
469.29133858267716 2510.236220472441 325.98425196850394 125.98425196850394 signe
686.6141732283464 2510.236220472441 253.54330708661416 125.98425196850394 des
831.496062992126 2510.236220472441 507.0866141732283 125.98425196850394 croisades.
1228.3464566929133 2510.236220472441 362.20472440944883 125.98425196850394 (Voyez
1481.8897637795276 2510.236220472441 325.98425196850394 125.98425196850394 Rapin
1662.992125984252 2510.236220472441 362.20472440944883 125.98425196850394 Thoiras,

363.7795275590551 2600.0 431.496062992126 144.88188976377953 Histoire
651.9685039370079 2600.0 576.3779527559055 144.88188976377953 d’Angleterre.)

195.2755905511811 2918.1102362204724 388.9763779527559 113.38582677165354 REVOIL
467.7165354330709 2918.1102362204724 507.0866141732283 113.38582677165354 (Pierre),
858.2677165354331 2918.1102362204724 388.9763779527559 113.38582677165354 membre
1130.708661417323 2918.1102362204724 233.0708661417323 113.38582677165354 de
1247.244094488189 2918.1102362204724 428.34645669291336 113.38582677165354 l’ordre
1559.0551181102362 2918.1102362204724 351.18110236220474 113.38582677165354 royal
1793.7007874015749 2918.1102362204724 233.0708661417323 113.38582677165354 de
1870.8661417322835 2918.1102362204724 155.90551181102362 113.38582677165354 la

530.7086614173228 3028.3464566929133 839.3700787401575 146.45669291338584 Légion-d’Honneur,
1248.8188976377953 3028.3464566929133 239.37007874015748 146.45669291338584 né
1368.5039370078741 3028.3464566929133 200.0 146.45669291338584 à
1409.4488188976377 3028.3464566929133 280.31496062992125 146.45669291338584 Lyon.

187.4015748031496 3207.8740157480315 332.2834645669291 140.15748031496062 61.
377.9527559055118 3207.8740157480315 570.0787401574803 140.15748031496062 L’anneau
804.7244094488188 3207.8740157480315 285.03937007874015 140.15748031496062 de
899.2125984251968 3207.8740157480315 760.6299212598425 140.15748031496062 Charles

453.54330708661416 3337.0078740157483 538.5826771653543 111.81102362204724 L’empereur
877.1653543307086 3337.0078740157483 655.1181102362204 111.81102362204724 Charles-Quint
1415.748031496063 3337.0078740157483 346.45669291338584 111.81102362204724 avoit
1647.244094488189 3337.0078740157483 385.8267716535433 111.81102362204724 obtenu
1877.1653543307086 3337.0078740157483 154.33070866141733 111.81102362204724 de

368.503937007874 3466.1417322834645 453.54330708661416 154.33070866141733 François
708.6614173228346 3466.1417322834645 264.56692913385825 154.33070866141733 Ier
859.8425196850394 3466.1417322834645 226.77165354330708 154.33070866141733 la
973.2283464566929 3466.1417322834645 529.1338582677165 154.33070866141733 permission
1387.4015748031495 3466.1417322834645 226.77165354330708 154.33070866141733 de
1500.7874015748032 3466.1417322834645 377.9527559055118 154.33070866141733 passer
1765.3543307086613 3466.1417322834645 264.56692913385825 154.33070866141733 par
1878.740157480315 3466.1417322834645 151.1811023622047 154.33070866141733 la
