1578 2703
583 149 150 110 (
643 149 180 110 59
703 149 90 110 )

214 246 142 80 S.
285 246 213 80 Jean,
427 246 165 80 qui
521 246 236 80 semblé
687 246 331 80 concentrer
946 246 165 80 les
1041 246 236 80 peines
1183 246 94 80 et

216 331 148 74 les
301 331 233 74 regrets
470 331 191 74 qu’il
597 331 254 74 éprouve;
788 331 106 74 à
831 331 148 74 ses
916 331 191 74 côtés
1043 331 148 74 est
1106 331 170 74 sainte

216 402 323 69 Elisabeth,
470 402 162 69 qui
562 402 162 69 les
655 402 277 69 partage.
862 402 115 69 A
909 402 231 69 gauche
1070 402 139 69 on
1116 402 162 69 aper-

217 467 189 89 çoit
335 467 236 89 Joseph
500 467 354 89 d’Arimathie
783 467 141 89 et
854 467 141 89 le
924 467 283 89 sénateur
1113 467 165 89 Nico-

216 544 213 56 mède.
358 544 142 56 Le
429 544 189 56 ciel
548 544 166 56 est
642 544 308 56 obscurci,
879 544 142 56 la
950 544 308 56 tristesse
1163 544 118 56 des

219 616 323 66 assistants
473 616 162 66 est
565 616 115 66 à
611 616 162 66 son
704 616 254 66 comble,
888 616 139 66 et
958 616 139 66 la
1027 616 231 66 nature
1166 616 115 66 est

218 677 265 84 plongée
411 677 193 84 dans
531 677 145 84 la
579 677 386 84 consternation.

114 772 194 119 59.
225 772 417 119 L’éducation
559 772 361 119 d’Achille
837 772 194 119 par
948 772 167 119 le
1003 772 278 119 centaure

141 871 282 88 Chiron.

299 1036 283 96 RÉGNIER
505 1036 360 96 (Auguste),
788 1036 154 96 né
865 1036 129 96 à
891 1036 206 96 Paris.

113 1155 194 98 60.
224 1155 333 98 Paysage.
474 1155 250 98 Effet
641 1155 167 98 de
696 1155 222 98 pluie.

277 1238 147 81 On
351 1238 123 81 y
400 1238 196 81 voit
523 1238 147 81 le
597 1238 270 81 tombeau
793 1238 319 81 d’Arthur,
1039 1238 172 81 roi
1112 1238 172 81 d’An-

224 1324 320 65 gleterre,
471 1324 320 65 découvert
717 1324 148 65 en
791 1324 222 65 1130,
939 1324 197 65 dans
1062 1324 148 65 le
1112 1324 173 65 cime-

227 1396 230 72 tière,
388 1396 161 72 par
480 1396 161 72 les
572 1396 230 72 moines
733 1396 138 72 de
802 1396 276 72 l’abbaye
1009 1396 138 72 de
1055 1396 230 72 Glafton,

229 1467 151 81 au
304 1467 201 81 pays
430 1467 151 81 de
506 1467 277 81 Galles.
707 1467 151 81 On
783 1467 327 81 distingue
1034 1467 227 81 parmi
1160 1467 126 81 ces

231 1535 230 69 moines
392 1535 138 69 un
461 1535 299 69 chevalier
691 1535 161 69 qui
782 1535 207 69 porte
920 1535 161 69 sur
1012 1535 138 69 sa
1058 1535 230 69 poitrine

229 1594 138 80 le
298 1594 207 80 signe
436 1594 161 80 des
528 1594 322 80 croisades.
780 1594 230 80 (Voyez
941 1594 207 80 Rapin
1056 1594 230 80 Thoiras,

231 1651 274 92 Histoire
414 1651 366 92 d’Angleterre.)

124 1853 247 72 REVOIL
297 1853 322 72 (Pierre),
545 1853 247 72 membre
718 1853 148 72 de
792 1853 272 72 l’ordre
990 1853 223 72 royal
1139 1853 148 72 de
1188 1853 99 72 la

337 1923 533 93 Légion-d’Honneur,
793 1923 152 93 né
869 1923 127 93 à
895 1923 178 93 Lyon.

119 2037 211 89 61.
240 2037 362 89 L’anneau
511 2037 181 89 de
571 2037 483 89 Charles

288 2119 342 71 L’empereur
557 2119 416 71 Charles-Quint
899 2119 220 71 avoit
1046 2119 245 71 obtenu
1192 2119 98 71 de

234 2201 288 98 François
450 2201 168 98 Ier
546 2201 144 98 la
618 2201 336 98 permission
881 2201 144 98 de
953 2201 240 98 passer
1121 2201 168 98 par
1193 2201 96 98 la
