2437.7952755905512 4242.51968503937
869.2913385826772 225.1968503937008 292.9133858267717 160.62992125984252 (
927.5590551181102 225.1968503937008 292.9133858267717 160.62992125984252 61)

318.1102362204724 348.0314960629921 296.06299212598424 132.28346456692913 Peur
502.3622047244094 348.0314960629921 740.1574803149606 132.28346456692913 etSans-Reproche,
1132.283464566929 348.0314960629921 222.04724409448818 132.28346456692913 se
1242.5196850393702 348.0314960629921 481.8897637795276 132.28346456692913 distingua
1612.5984251968505 348.0314960629921 296.06299212598424 132.28346456692913 dans
1760.6299212598426 348.0314960629921 222.04724409448818 132.28346456692913 plu-

313.38582677165357 518.1102362204724 333.8582677165354 83.46456692913385 sieurs
546.4566929133858 518.1102362204724 366.92913385826773 83.46456692913385 guerres
814.1732283464567 518.1102362204724 266.1417322834646 83.46456692913385 sous
979.5275590551181 518.1102362204724 233.0708661417323 83.46456692913385 les
1113.3858267716535 518.1102362204724 333.8582677165354 83.46456692913385 règnes
1348.0314960629921 518.1102362204724 200.0 83.46456692913385 de
1447.244094488189 518.1102362204724 300.78740157480314 83.46456692913385 Louis
1647.244094488189 518.1102362204724 233.0708661417323 83.46456692913385 XII
1781.1023622047244 518.1102362204724 200.0 83.46456692913385 et
1847.244094488189 518.1102362204724 133.85826771653544 83.46456692913385 de

311.81102362204723 592.1259842519685 436.2204724409449 107.08661417322834 François
637.7952755905512 592.1259842519685 289.76377952755905 107.08661417322834 Ier.
820.4724409448819 592.1259842519685 325.98425196850394 107.08661417322834 Ayant
1037.7952755905512 592.1259842519685 325.98425196850394 107.08661417322834 suivi
1255.1181102362204 592.1259842519685 362.20472440944883 107.08661417322834 Gaston
1508.6614173228347 592.1259842519685 217.3228346456693 107.08661417322834 de
1618.8976377952756 592.1259842519685 325.98425196850394 107.08661417322834 Foix,
1800.0 592.1259842519685 181.10236220472441 107.08661417322834 duc

322.8346456692913 721.2598425196851 198.4251968503937 113.38582677165354 de
422.0472440944882 721.2598425196851 398.4251968503937 113.38582677165354 Nemours,
721.2598425196851 721.2598425196851 165.35433070866142 113.38582677165354 à
787.4015748031496 721.2598425196851 198.4251968503937 113.38582677165354 la
886.6141732283464 721.2598425196851 299.21259842519686 113.38582677165354 prise
1085.0393700787401 721.2598425196851 198.4251968503937 113.38582677165354 de
1185.8267716535433 721.2598425196851 398.4251968503937 113.38582677165354 Brescia,
1483.4645669291338 721.2598425196851 198.4251968503937 113.38582677165354 il
1582.6771653543308 721.2598425196851 231.49606299212599 113.38582677165354 fut
1681.8897637795276 721.2598425196851 299.21259842519686 113.38582677165354 blessé,

319.68503937007875 848.8188976377953 365.3543307086614 89.76377952755905 pendant
585.8267716535433 848.8188976377953 431.496062992126 89.76377952755905 l’assaut,
916.5354330708661 848.8188976377953 266.1417322834646 89.76377952755905 d’un
1083.4645669291338 848.8188976377953 266.1417322834646 89.76377952755905 coup
1248.8188976377953 848.8188976377953 198.4251968503937 89.76377952755905 de
1348.0314960629921 848.8188976377953 299.21259842519686 89.76377952755905 lance
1548.0314960629921 848.8188976377953 165.35433070866142 89.76377952755905 à
1614.1732283464567 848.8188976377953 198.4251968503937 89.76377952755905 la
1680.3149606299212 848.8188976377953 299.21259842519686 89.76377952755905 cuisse.

318.1102362204724 935.4330708661417 207.8740157480315 113.38582677165354 Il
422.0472440944882 935.4330708661417 207.8740157480315 113.38582677165354 se
525.9842519685039 935.4330708661417 242.51968503937007 113.38582677165354 fit
664.5669291338583 935.4330708661417 519.6850393700787 113.38582677165354 transporter
1080.3149606299212 935.4330708661417 242.51968503937007 113.38582677165354 par
1218.8976377952756 935.4330708661417 277.1653543307087 113.38582677165354 deux
1392.1259842519685 935.4330708661417 381.1023622047244 113.38582677165354 archers
1669.291338582677 935.4330708661417 277.1653543307087 113.38582677165354 dans
1807.8740157480315 935.4330708661417 173.22834645669292 113.38582677165354 une

316.53543307086613 1042.5196850393702 363.7795275590551 119.68503937007874 maison
570.0787401574803 1042.5196850393702 400.0 119.68503937007874 voisine
861.4173228346457 1042.5196850393702 217.3228346456693 119.68503937007874 du
970.0787401574803 1042.5196850393702 436.2204724409449 119.68503937007874 rempart,
1297.6377952755906 1042.5196850393702 291.33858267716533 119.68503937007874 dont
1478.740157480315 1042.5196850393702 217.3228346456693 119.68503937007874 il
1587.4015748031495 1042.5196850393702 327.5590551181102 119.68503937007874 avoit
1770.0787401574803 1042.5196850393702 217.3228346456693 119.68503937007874 pré-

319.68503937007875 1159.0551181102362 294.48818897637796 92.91338582677166 servé
516.5354330708661 1159.0551181102362 196.8503937007874 92.91338582677166 la
614.1732283464567 1159.0551181102362 425.1968503937008 92.91338582677166 maîtresse
941.7322834645669 1159.0551181102362 196.8503937007874 92.91338582677166 et
1039.3700787401574 1159.0551181102362 228.3464566929134 92.91338582677166 ses
1171.6535433070867 1159.0551181102362 261.4173228346457 92.91338582677166 deux
1333.8582677165355 1159.0551181102362 327.5590551181102 92.91338582677166 filles
1563.7795275590552 1159.0551181102362 228.3464566929134 92.91338582677166 des
1661.4173228346456 1159.0551181102362 327.5590551181102 92.91338582677166 horreurs

311.81102362204723 1259.8425196850394 223.6220472440945 97.63779527559055 du
423.62204724409446 1259.8425196850394 259.84251968503935 97.63779527559055 sac
573.2283464566929 1259.8425196850394 223.6220472440945 97.63779527559055 de
685.0393700787401 1259.8425196850394 223.6220472440945 97.63779527559055 la
795.2755905511812 1259.8425196850394 371.65354330708664 97.63779527559055 ville.
1056.6929133858268 1259.8425196850394 445.6692913385827 97.63779527559055 Ramenées
1390.5511811023623 1259.8425196850394 371.65354330708664 97.63779527559055 chaque
1650.3937007874015 1259.8425196850394 297.6377952755906 97.63779527559055 jour
1800.0 1259.8425196850394 185.82677165354332 97.63779527559055 par

314.96062992125985 1357.4803149606298 214.17322834645668 110.23622047244095 la
422.0472440944882 1357.4803149606298 640.9448818897638 110.23622047244095 reconnoissance
957.4803149606299 1357.4803149606298 355.90551181102364 110.23622047244095 auprès
1206.2992125984251 1357.4803149606298 214.17322834645668 110.23622047244095 du
1313.3858267716535 1357.4803149606298 248.8188976377953 110.23622047244095 lit
1456.6929133858268 1357.4803149606298 214.17322834645668 110.23622047244095 de
1562.2047244094488 1357.4803149606298 285.03937007874015 110.23622047244095 leur
1705.5118110236222 1357.4803149606298 285.03937007874015 110.23622047244095 défen-

307.0866141732283 1486.6141732283465 319.68503937007875 92.91338582677166 seur,
521.2598425196851 1486.6141732283465 248.8188976377953 92.91338582677166 les
662.992125984252 1486.6141732283465 355.90551181102364 92.91338582677166 jeunes
913.3858267716536 1486.6141732283465 462.99212598425197 92.91338582677166 personnes
1269.291338582677 1486.6141732283465 462.99212598425197 92.91338582677166 faisoient
1625.1968503937007 1486.6141732283465 214.17322834645668 92.91338582677166 de
1732.283464566929 1486.6141732283465 214.17322834645668 92.91338582677166 la
1803.1496062992126 1486.6141732283465 177.95275590551182 92.91338582677166 mu-

314.96062992125985 1592.1259842519685 349.6062992125984 96.06299212598425 sique
548.0314960629921 1592.1259842519685 310.23622047244095 96.06299212598425 afin
743.3070866141733 1592.1259842519685 233.0708661417323 96.06299212598425 de
859.8425196850394 1592.1259842519685 426.7716535433071 96.06299212598425 charmer
1170.0787401574803 1592.1259842519685 426.7716535433071 96.06299212598425 l’ennui
1480.3149606299212 1592.1259842519685 233.0708661417323 96.06299212598425 de
1596.8503937007874 1592.1259842519685 233.0708661417323 96.06299212598425 sa
1675.5905511811025 1592.1259842519685 310.23622047244095 96.06299212598425 conva-

324.40944881889766 1700.7874015748032 423.62204724409446 105.51181102362204 lescence.
650.3937007874016 1700.7874015748032 292.9133858267717 105.51181102362204 C’est
845.6692913385826 1700.7874015748032 228.3464566929134 105.51181102362204 cet
976.3779527559055 1700.7874015748032 357.4803149606299 105.51181102362204 instant
1236.2204724409448 1700.7874015748032 228.3464566929134 105.51181102362204 que
1365.3543307086613 1700.7874015748032 423.62204724409446 105.51181102362204 l’artiste
1691.3385826771653 1700.7874015748032 162.20472440944883 105.51181102362204 a
1724.4094488188975 1700.7874015748032 259.84251968503935 105.51181102362204 saisi.

314.96062992125985 1801.5748031496064 233.0708661417323 119.68503937007874 La
431.496062992126 1801.5748031496064 311.81102362204723 119.68503937007874 mère
626.7716535433071 1801.5748031496064 233.0708661417323 119.68503937007874 de
743.3070866141733 1801.5748031496064 272.4409448818898 119.68503937007874 ces
899.2125984251968 1801.5748031496064 388.9763779527559 119.68503937007874 jeunes
1170.0787401574803 1801.5748031496064 505.51181102362204 119.68503937007874 personnes
1559.0551181102362 1801.5748031496064 193.70078740157481 119.68503937007874 a
1598.4251968503936 1801.5748031496064 388.9763779527559 119.68503937007874 suspendu

316.53543307086613 1924.4094488188975 259.84251968503935 102.36220472440945 ses
466.1417322834646 1924.4094488188975 557.4803149606299 102.36220472440945 occupations
911.8110236220473 1924.4094488188975 297.6377952755906 102.36220472440945 pour
1097.6377952755906 1924.4094488188975 259.84251968503935 102.36220472440945 les
1245.6692913385828 1924.4094488188975 445.6692913385827 102.36220472440945 entendre
1581.1023622047244 1924.4094488188975 409.4488188976378 102.36220472440945 chanter
1840.9448818897638 1924.4094488188975 148.03149606299212 102.36220472440945 et

313.38582677165357 2023.6220472440946 319.68503937007875 111.81102362204724 jouer
527.5590551181102 2023.6220472440946 214.17322834645668 111.81102362204724 du
634.6456692913385 2023.6220472440946 319.68503937007875 111.81102362204724 luth.
847.2440944881889 2023.6220472440946 214.17322834645668 111.81102362204724 Le
954.3307086614174 2023.6220472440946 319.68503937007875 111.81102362204724 loyal
1166.9291338582677 2023.6220472440946 497.6377952755906 111.81102362204724 serviteur,
1522.8346456692914 2023.6220472440946 462.99212598425197 111.81102362204724 l’historien

318.1102362204724 2148.031496062992 233.0708661417323 108.66141732283465 de
434.6456692913386 2148.031496062992 426.7716535433071 108.66141732283465 Bayard,
744.8818897637796 2148.031496062992 387.40157480314963 108.66141732283465 tenant
1015.7480314960629 2148.031496062992 233.0708661417323 108.66141732283465 un
1132.283464566929 2148.031496062992 464.56692913385825 108.66141732283465 éventail
1480.3149606299212 2148.031496062992 233.0708661417323 108.66141732283465 de
1596.8503937007874 2148.031496062992 387.40157480314963 108.66141732283465 plumes
1829.9212598425197 2148.031496062992 154.33070866141733 108.66141732283465 de

310.23622047244095 2222.047244094488 319.68503937007875 143.30708661417322 paon,
524.4094488188977 2222.047244094488 177.95275590551182 143.30708661417322 a
595.2755905511812 2222.047244094488 248.8188976377953 143.30708661417322 les
737.007874015748 2222.047244094488 285.03937007874015 143.30708661417322 yeux
914.9606299212599 2222.047244094488 319.68503937007875 143.30708661417322 fixés
1129.1338582677165 2222.047244094488 248.8188976377953 143.30708661417322 sur
1270.8661417322835 2222.047244094488 248.8188976377953 143.30708661417322 son
1414.1732283464567 2222.047244094488 355.90551181102364 143.30708661417322 héros.
1662.992125984252 2222.047244094488 177.95275590551182 143.30708661417322 A
1697.6377952755906 2222.047244094488 285.03937007874015 143.30708661417322 droite

319.68503937007875 2357.48031496063 275.59055118110234 129.13385826771653 sont
492.9133858267717 2357.48031496063 240.9448818897638 129.13385826771653 les
629.9212598425197 2357.48031496063 310.23622047244095 129.13385826771653 armes
837.7952755905512 2357.48031496063 206.29921259842519 129.13385826771653 du
941.7322834645669 2357.48031496063 483.46456692913387 129.13385826771653 chevalier,
1321.259842519685 2357.48031496063 173.22834645669292 129.13385826771653 à
1388.976377952756 2357.48031496063 344.88188976377955 129.13385826771653 gauche
1631.4960629921259 2357.48031496063 206.29921259842519 129.13385826771653 sa
1700.7874015748032 2357.48031496063 275.59055118110234 129.13385826771653 lance,

318.1102362204724 2480.314960629921 211.0236220472441 105.51181102362204 et
423.62204724409446 2480.314960629921 211.0236220472441 105.51181102362204 un
529.1338582677165 2480.314960629921 423.62204724409446 105.51181102362204 étendard
847.2440944881889 2480.314960629921 318.1102362204724 105.51181102362204 qu’il
1058.267716535433 2480.314960629921 176.3779527559055 105.51181102362204 a
1129.1338582677165 2480.314960629921 281.8897637795276 105.51181102362204 pris
1305.5118110236222 2480.314960629921 247.24409448818898 105.51181102362204 sur
1447.244094488189 2480.314960629921 247.24409448818898 105.51181102362204 les
1552.755905511811 2480.314960629921 423.62204724409446 105.51181102362204 Vénitiens:

318.1102362204724 2557.48031496063 215.748031496063 119.68503937007874 un
426.7716535433071 2557.48031496063 431.496062992126 119.68503937007874 écriteau
749.6062992125984 2557.48031496063 179.5275590551181 119.68503937007874 y
822.0472440944882 2557.48031496063 251.96850393700788 119.68503937007874 est
965.3543307086615 2557.48031496063 431.496062992126 119.68503937007874 attaché;
1289.763779527559 2557.48031496063 215.748031496063 119.68503937007874 on
1396.8503937007874 2557.48031496063 179.5275590551181 119.68503937007874 y
1469.291338582677 2557.48031496063 251.96850393700788 119.68503937007874 lit
1614.1732283464567 2557.48031496063 251.96850393700788 119.68503937007874 ces
1721.259842519685 2557.48031496063 251.96850393700788 119.68503937007874 mots:

327.5590551181102 2685.0393700787404 497.6377952755906 96.06299212598425 Conquesté
732.2834645669292 2685.0393700787404 187.4015748031496 96.06299212598425 en
826.7716535433071 2685.0393700787404 341.73228346456693 96.06299212598425 l’amour
1075.5905511811025 2685.0393700787404 187.4015748031496 96.06299212598425 du
1168.5039370078741 2685.0393700787404 217.3228346456693 96.06299212598425 roi
1292.9133858267717 2685.0393700787404 280.31496062992125 96.06299212598425 notre
1480.3149606299212 2685.0393700787404 280.31496062992125 96.06299212598425 sire,
1636.2204724409448 2685.0393700787404 341.73228346456693 96.06299212598425 Louis

321.25984251968504 2785.8267716535433 256.6929133858268 124.40944881889764 le
492.9133858267717 2785.8267716535433 341.73228346456693 124.40944881889764 douzième
749.6062992125984 2785.8267716535433 171.6535433070866 124.40944881889764 du
806.2992125984252 2785.8267716535433 285.03937007874015 124.40944881889764 nom

477.1653543307087 3048.818897637795 607.8740157480315 159.0551181102362 RICHARD,
932.2834645669292 3048.818897637795 303.93700787401576 159.0551181102362 né
1085.0393700787401 3048.818897637795 253.54330708661416 159.0551181102362 à
1135.4330708661416 3048.818897637795 354.3307086614173 159.0551181102362 Lyon.

308.66141732283467 3200.0 296.06299212598424 137.00787401574803 La
456.6929133858268 3200.0 592.1259842519685 137.00787401574803 duchesse
900.7874015748032 3200.0 296.06299212598424 137.00787401574803 de
998.4251968503937 3200.0 691.3385826771654 137.00787401574803 Montmorency.

349.6062992125984 3344.8818897637793 374.8031496062992 121.25984251968504 Après
598.4251968503937 3344.8818897637793 250.39370078740157 121.25984251968504 la
722.8346456692914 3344.8818897637793 291.33858267716533 121.25984251968504 fin
889.7637795275591 3344.8818897637793 499.21259842519686 121.25984251968504 tragique
1264.5669291338584 3344.8818897637793 250.39370078740157 121.25984251968504 de
1388.976377952756 3344.8818897637793 415.748031496063 121.25984251968504 Henri,
1680.3149606299212 3344.8818897637793 291.33858267716533 121.25984251968504 duc
1804.724409448819 3344.8818897637793 166.9291338582677 121.25984251968504 de

300.78740157480314 3458.267716535433 639.3700787401575 121.25984251968504 Montmorency,
820.4724409448819 3458.267716535433 480.31496062992125 121.25984251968504 décapité
1179.5275590551182 3458.267716535433 200.0 121.25984251968504 à
1259.8425196850394 3458.267716535433 480.31496062992125 121.25984251968504 Toulouse
1618.8976377952756 3458.267716535433 239.37007874015748 121.25984251968504 en
1699.2125984251968 3458.267716535433 239.37007874015748 121.25984251968504 1632

1548.0314960629921 3582.6771653543306 184.251968503937 99.21259842519684 6
