1548 2694
552 143 186 102 (
589 143 186 102 61)

202 221 188 84 Peur
319 221 470 84 etSans-Reproche,
719 221 141 84 se
789 221 306 84 distingua
1024 221 188 84 dans
1118 221 141 84 plu-

199 329 212 53 sieurs
347 329 233 53 guerres
517 329 169 53 sous
622 329 148 53 les
707 329 212 53 règnes
856 329 127 53 de
919 329 191 53 Louis
1046 329 148 53 XII
1131 329 127 53 et
1173 329 85 53 de

198 376 277 68 François
405 376 184 68 Ier.
521 376 207 68 Ayant
659 376 207 68 suivi
797 376 230 68 Gaston
958 376 138 68 de
1028 376 207 68 Foix,
1143 376 115 68 duc

205 458 126 72 de
268 458 253 72 Nemours,
458 458 105 72 à
500 458 126 72 la
563 458 190 72 prise
689 458 126 72 de
753 458 253 72 Brescia,
942 458 126 72 il
1005 458 147 72 fut
1068 458 190 72 blessé,

203 539 232 57 pendant
372 539 274 57 l’assaut,
582 539 169 57 d’un
688 539 169 57 coup
793 539 126 57 de
856 539 190 57 lance
983 539 105 57 à
1025 539 126 57 la
1067 539 190 57 cuisse.

202 594 132 72 Il
268 594 132 72 se
334 594 154 72 fit
422 594 330 72 transporter
686 594 154 72 par
774 594 176 72 deux
884 594 242 72 archers
1060 594 176 72 dans
1148 594 110 72 une

201 662 231 76 maison
362 662 254 76 voisine
547 662 138 76 du
616 662 277 76 rempart,
824 662 185 76 dont
939 662 138 76 il
1008 662 208 76 avoit
1124 662 138 76 pré-

203 736 187 59 servé
328 736 125 59 la
390 736 270 59 maîtresse
598 736 125 59 et
660 736 145 59 ses
744 736 166 59 deux
847 736 208 59 filles
993 736 145 59 des
1055 736 208 59 horreurs

198 800 142 62 du
269 800 165 62 sac
364 800 142 62 de
435 800 142 62 la
505 800 236 62 ville.
671 800 283 62 Ramenées
883 800 236 62 chaque
1048 800 189 62 jour
1143 800 118 62 par

200 862 136 70 la
268 862 407 70 reconnoissance
608 862 226 70 auprès
766 862 136 70 du
834 862 158 70 lit
925 862 136 70 de
992 862 181 70 leur
1083 862 181 70 défen-

195 944 203 59 seur,
331 944 158 59 les
421 944 226 59 jeunes
580 944 294 59 personnes
806 944 294 59 faisoient
1032 944 136 59 de
1100 944 136 59 la
1145 944 113 59 mu-

200 1011 222 61 sique
348 1011 197 61 afin
472 1011 148 61 de
546 1011 271 61 charmer
743 1011 271 61 l’ennui
940 1011 148 61 de
1014 1011 148 61 sa
1064 1011 197 61 conva-

206 1080 269 67 lescence.
413 1080 186 67 C’est
537 1080 145 67 cet
620 1080 227 67 instant
785 1080 145 67 que
867 1080 269 67 l’artiste
1074 1080 103 67 a
1095 1080 165 67 saisi.

200 1144 148 76 La
274 1144 198 76 mère
398 1144 148 76 de
472 1144 173 76 ces
571 1144 247 76 jeunes
743 1144 321 76 personnes
990 1144 123 76 a
1015 1144 247 76 suspendu

201 1222 165 65 ses
296 1222 354 65 occupations
579 1222 189 65 pour
697 1222 165 65 les
791 1222 283 65 entendre
1004 1222 260 65 chanter
1169 1222 94 65 et

199 1285 203 71 jouer
335 1285 136 71 du
403 1285 203 71 luth.
538 1285 136 71 Le
606 1285 203 71 loyal
741 1285 316 71 serviteur,
967 1285 294 71 l’historien

202 1364 148 69 de
276 1364 271 69 Bayard,
473 1364 246 69 tenant
645 1364 148 69 un
719 1364 295 69 éventail
940 1364 148 69 de
1014 1364 246 69 plumes
1162 1364 98 69 de

197 1411 203 91 paon,
333 1411 113 91 a
378 1411 158 91 les
468 1411 181 91 yeux
581 1411 203 91 fixés
717 1411 158 91 sur
807 1411 158 91 son
898 1411 226 91 héros.
1056 1411 113 91 A
1078 1411 181 91 droite

203 1497 175 82 sont
313 1497 153 82 les
400 1497 197 82 armes
532 1497 131 82 du
598 1497 307 82 chevalier,
839 1497 110 82 à
882 1497 219 82 gauche
1036 1497 131 82 sa
1080 1497 175 82 lance,

202 1575 134 67 et
269 1575 134 67 un
336 1575 269 67 étendard
538 1575 202 67 qu’il
672 1575 112 67 a
717 1575 179 67 pris
829 1575 157 67 sur
919 1575 157 67 les
986 1575 269 67 Vénitiens:

202 1624 137 76 un
271 1624 274 76 écriteau
476 1624 114 76 y
522 1624 160 76 est
613 1624 274 76 attaché;
819 1624 137 76 on
887 1624 114 76 y
933 1624 160 76 lit
1025 1624 160 76 ces
1093 1624 160 76 mots:

208 1705 316 61 <i>Conquesté
465 1705 119 61 en
525 1705 217 61 l’amour
683 1705 119 61 du
742 1705 138 61 roi
821 1705 178 61 notre
940 1705 178 61 sire,
1039 1705 217 61 Louis</i>

204 1769 163 79 <i>le
313 1769 217 79 douzième
476 1769 109 79 du
512 1769 181 79 nom</i>.

303 1936 386 101 RICHARD,
592 1936 193 101 né
689 1936 161 101 à
721 1936 225 101 Lyon.

196 2032 188 87 La
290 2032 376 87 duchesse
572 2032 188 87 de
634 2032 439 87 Montmorency.

222 2124 238 77 Après
380 2124 159 77 la
459 2124 185 77 fin
565 2124 317 77 tragique
803 2124 159 77 de
882 2124 264 77 Henri,
1067 2124 185 77 duc
1146 2124 106 77 de

191 2196 406 77 Montmorency,
521 2196 305 77 décapité
749 2196 127 77 à
800 2196 305 77 Toulouse
1028 2196 152 77 en
1079 2196 152 77 1632

983 2275 117 63 6
