2433.0708661417325 4237.795275590551
837.7952755905512 338.5826771653543 434.6456692913386 135.43307086614172 (63)

360.62992125984255 474.01574803149606 400.0 116.53543307086615 apprend
651.9685039370079 474.01574803149606 327.5590551181102 116.53543307086615 quels
869.2913385826772 474.01574803149606 400.0 116.53543307086615 étoient
1160.6299212598426 474.01574803149606 255.11811023622047 116.53543307086615 les
1305.5118110236222 474.01574803149606 544.8818897637796 116.53543307086615 personnages
1741.732283464567 474.01574803149606 255.11811023622047 116.53543307086615 qui
1851.9685039370079 474.01574803149606 181.10236220472441 116.53543307086615 ont

357.4803149606299 598.4251968503937 291.33858267716533 135.43307086614172 subi
540.1574803149606 598.4251968503937 255.11811023622047 135.43307086614172 ces
648.8188976377953 598.4251968503937 656.6929133858267 135.43307086614172 transformations.

518.1102362204724 1055.1181102362204 362.20472440944883 159.0551181102362 ROEHN
759.0551181102362 1055.1181102362204 562.2047244094488 159.0551181102362 (Adolphe),
1200.0 1055.1181102362204 240.9448818897638 159.0551181102362 né
1321.259842519685 1055.1181102362204 201.5748031496063 159.0551181102362 à
1360.6299212598426 1055.1181102362204 321.25984251968504 159.0551181102362 Paris.

176.3779527559055 1250.3937007874015 307.0866141732283 107.08661417322834 65.
352.755905511811 1250.3937007874015 483.46456692913387 107.08661417322834 Hôpital
703.9370078740158 1250.3937007874015 571.6535433070866 107.08661417322834 militaire
1143.3070866141732 1250.3937007874015 307.0866141732283 107.08661417322834 des
1319.6850393700788 1250.3937007874015 527.5590551181102 107.08661417322834 François
1716.5354330708662 1250.3937007874015 264.56692913385825 107.08661417322834 et
1803.1496062992126 1250.3937007874015 220.4724409448819 107.08661417322834 des

267.7165354330709 1376.3779527559054 497.6377952755906 166.9291338582677 Russes
617.3228346456693 1376.3779527559054 248.8188976377953 166.9291338582677 à
666.1417322834645 1376.3779527559054 697.6377952755905 166.9291338582677 Mariembourg.

434.6456692913386 1574.8031496062993 237.79527559055117 113.38582677165354 Le
552.7559055118111 1574.8031496062993 555.9055118110236 113.38582677165354 réfectoire
990.5511811023622 1574.8031496062993 237.79527559055117 113.38582677165354 du
1108.6614173228347 1574.8031496062993 436.2204724409449 113.38582677165354 château
1426.7716535433071 1574.8031496062993 237.79527559055117 113.38582677165354 de
1505.5118110236222 1574.8031496062993 516.5354330708661 113.38582677165354 Mariembourg

348.0314960629921 1691.3385826771653 333.8582677165354 92.91338582677166 ayant
571.6535433070866 1691.3385826771653 259.84251968503935 92.91338582677166 été
719.6850393700787 1691.3385826771653 371.65354330708664 92.91338582677166 choisi
979.5275590551181 1691.3385826771653 297.6377952755906 92.91338582677166 pour
1165.3543307086613 1691.3385826771653 333.8582677165354 92.91338582677166 faire
1387.4015748031495 1691.3385826771653 222.04724409448818 92.91338582677166 un
1499.2125984251968 1691.3385826771653 407.87401574803147 92.91338582677166 hôpital
1759.0551181102362 1691.3385826771653 259.84251968503935 92.91338582677166 mili-

338.5826771653543 1800.0 377.9527559055118 96.06299212598425 taire
590.5511811023622 1800.0 418.8976377952756 96.06299212598425 commun
885.0393700787401 1800.0 292.9133858267717 96.06299212598425 aux
1051.9685039370079 1800.0 503.93700787401576 96.06299212598425 François
1429.9212598425197 1800.0 251.96850393700788 96.06299212598425 et
1555.9055118110236 1800.0 292.9133858267717 96.06299212598425 aux
1681.8897637795276 1800.0 335.43307086614175 96.06299212598425 Russee

348.0314960629921 1902.3622047244094 382.6771653543307 91.33858267716535 blessés
626.7716535433071 1902.3622047244094 173.22834645669292 91.33858267716535 à
696.0629921259842 1902.3622047244094 209.4488188976378 91.33858267716535 la
800.0 1902.3622047244094 417.3228346456693 91.33858267716535 bataille
1113.3858267716535 1902.3622047244094 209.4488188976378 91.33858267716535 de
1217.3228346456692 1902.3622047244094 486.61417322834643 91.33858267716535 Friedland,
1600.0 1902.3622047244094 348.0314960629921 91.33858267716535 offrit
1807.8740157480315 1902.3622047244094 209.4488188976378 91.33858267716535 plu-

340.15748031496065 2017.3228346456692 390.5511811023622 88.18897637795276 sieurs
614.1732283464567 2017.3228346456692 390.5511811023622 88.18897637795276 scènes
886.6141732283464 2017.3228346456692 702.3622047244095 88.18897637795276 intéressantes,
1472.4409448818897 2017.3228346456692 311.81102362204723 88.18897637795276 dont
1628.3464566929133 2017.3228346456692 390.5511811023622 88.18897637795276 quelques

341.73228346456693 2133.8582677165355 319.68503937007875 118.11023622047244 unes
540.1574803149606 2133.8582677165355 319.68503937007875 118.11023622047244 sont
740.1574803149606 2133.8582677165355 518.1102362204724 118.11023622047244 rappelées
1138.5826771653544 2133.8582677165355 319.68503937007875 118.11023622047244 dans
1338.5826771653544 2133.8582677165355 239.37007874015748 118.11023622047244 ce
1458.267716535433 2133.8582677165355 478.74015748031496 118.11023622047244 tableau.
1817.3228346456692 2133.8582677165355 239.37007874015748 118.11023622047244 On
1897.6377952755906 2133.8582677165355 119.68503937007874 118.11023622047244 y

335.43307086614175 2240.9448818897636 491.33858267716533 78.74015748031496 remarque
703.9370078740158 2240.9448818897636 368.503937007874 78.74015748031496 entre
949.6062992125984 2240.9448818897636 409.4488188976378 78.74015748031496 autres
1236.2204724409448 2240.9448818897636 286.61417322834643 78.74015748031496 une
1400.0 2240.9448818897636 368.503937007874 78.74015748031496 jeune
1604.724409448819 2240.9448818897636 409.4488188976378 78.74015748031496 personne

338.5826771653543 2349.6062992125985 571.6535433070866 86.61417322834646 accompagnée
795.2755905511812 2349.6062992125985 228.3464566929134 86.61417322834646 de
910.2362204724409 2349.6062992125985 228.3464566929134 86.61417322834646 sa
1023.6220472440945 2349.6062992125985 343.3070866141732 86.61417322834646 mère,
1251.9685039370079 2349.6062992125985 266.1417322834646 86.61417322834646 qui
1404.724409448819 2349.6062992125985 343.3070866141732 86.61417322834646 donne
1633.0708661417323 2349.6062992125985 266.1417322834646 86.61417322834646 des
1748.0314960629921 2349.6062992125985 266.1417322834646 86.61417322834646 soins

335.43307086614175 2455.1181102362207 177.95275590551182 113.38582677165354 à
407.87401574803147 2455.1181102362207 214.17322834645668 113.38582677165354 un
513.3858267716536 2455.1181102362207 462.99212598425197 113.38582677165354 officier,
870.8661417322835 2455.1181102362207 355.90551181102364 113.38582677165354 tandis
1119.6850393700788 2455.1181102362207 248.8188976377953 113.38582677165354 que
1261.4173228346456 2455.1181102362207 248.8188976377953 113.38582677165354 des
1404.724409448819 2455.1181102362207 533.8582677165355 113.38582677165354 chirurgiens
1795.275590551181 2455.1181102362207 214.17322834645668 113.38582677165354 pan-

338.5826771653543 2551.181102362205 274.01574803149606 162.20472440944883 sent
510.23622047244095 2551.181102362205 239.37007874015748 162.20472440944883 des
647.2440944881889 2551.181102362205 480.31496062992125 162.20472440944883 militaires
990.5511811023622 2551.181102362205 343.3070866141732 162.20472440944883 blessés.

159.0551181102362 2705.511811023622 322.8346456692913 177.95275590551182 66.
343.3070866141732 2705.511811023622 552.7559055118111 177.95275590551182 L’Abbaye
757.4803149606299 2705.511811023622 277.1653543307087 177.95275590551182 de
896.0629921259842 2705.511811023622 415.748031496063 177.95275590551182 Molk,
1173.2283464566929 2705.511811023622 415.748031496063 177.95275590551182 bâtie
1450.3937007874015 2705.511811023622 322.8346456692913 177.95275590551182 sur
1634.6456692913387 2705.511811023622 322.8346456692913 177.95275590551182 des
1773.2283464566929 2705.511811023622 229.92125984251967 177.95275590551182 ro-

255.11811023622047 2885.0393700787404 448.81889763779526 122.83464566929133 chers
554.3307086614174 2885.0393700787404 348.0314960629921 122.83464566929133 qui
754.3307086614174 2885.0393700787404 596.8503937007874 122.83464566929133 baignent
1201.5748031496064 2885.0393700787404 398.4251968503937 122.83464566929133 dans
1450.3937007874015 2885.0393700787404 299.21259842519686 122.83464566929133 le
1549.6062992125985 2885.0393700787404 448.81889763779526 122.83464566929133 Danube;

261.4173228346457 3020.472440944882 340.15748031496065 143.30708661417322 elle
474.01574803149606 3020.472440944882 297.6377952755906 143.30708661417322 est
644.0944881889764 3020.472440944882 425.1968503937008 143.30708661417322 peinte
940.1574803149606 3020.472440944882 340.15748031496065 143.30708661417322 dans
1152.755905511811 3020.472440944882 255.11811023622047 143.30708661417322 le
1280.3149606299212 3020.472440944882 382.6771653543307 143.30708661417322 temps
1535.4330708661416 3020.472440944882 255.11811023622047 143.30708661417322 où
1618.8976377952756 3020.472440944882 382.6771653543307 143.30708661417322 l’armée

256.6929133858268 3132.283464566929 596.8503937007874 121.25984251968504 françoise
714.9606299212599 3132.283464566929 229.92125984251967 121.25984251968504 y
806.2992125984252 3132.283464566929 412.59842519685037 121.25984251968504 avoit
1081.8897637795276 3132.283464566929 458.26771653543307 121.25984251968504 établi
1403.1496062992126 3132.283464566929 321.25984251968504 121.25984251968504 son
1541.732283464567 3132.283464566929 458.26771653543307 121.25984251968504 quartier

201.5748031496063 3261.417322834646 464.56692913385825 133.85826771653544 général.
