1545 2691
532 215 276 86 (63)

229 301 254 74 apprend
414 301 208 74 quels
552 301 254 74 étoient
737 301 162 74 les
829 301 346 74 personnages
1106 301 162 74 qui
1176 301 115 74 ont

227 380 185 86 subi
343 380 162 86 ces
412 380 417 86 transformations.

329 670 230 101 ROEHN
482 670 357 101 (Adolphe),
762 670 153 101 né
839 670 128 101 à
864 670 204 101 Paris.

112 794 195 68 65.
224 794 307 68 Hôpital
447 794 363 68 militaire
726 794 195 68 des
838 794 335 68 François
1090 794 168 68 et
1145 794 140 68 des

170 874 316 106 Russes
392 874 158 106 à
423 874 443 106 Mariembourg.

276 1000 151 72 Le
351 1000 353 72 réfectoire
629 1000 151 72 du
704 1000 277 72 château
906 1000 151 72 de
956 1000 328 72 Mariembourg

221 1074 212 59 ayant
363 1074 165 59 été
457 1074 236 59 choisi
622 1074 189 59 pour
740 1074 212 59 faire
881 1074 141 59 un
952 1074 259 59 hôpital
1117 1074 165 59 mili-

215 1143 240 61 taire
375 1143 266 61 commun
562 1143 186 61 aux
668 1143 320 61 François
908 1143 160 61 et
988 1143 186 61 aux
1068 1143 213 61 Russee

221 1208 243 58 blessés
398 1208 110 58 à
442 1208 133 58 la
508 1208 265 58 bataille
707 1208 133 58 de
773 1208 309 58 Friedland,
1016 1208 221 58 offrit
1148 1208 133 58 plu-

216 1281 248 56 sieurs
390 1281 248 56 scènes
563 1281 446 56 intéressantes,
935 1281 198 56 dont
1034 1281 248 56 quelques

217 1355 203 75 unes
343 1355 203 75 sont
470 1355 329 75 rappelées
723 1355 203 75 dans
850 1355 152 75 ce
926 1355 304 75 tableau.
1154 1355 152 75 On
1205 1355 76 75 y

213 1423 312 50 remarque
447 1423 234 50 entre
603 1423 260 50 autres
785 1423 182 50 une
889 1423 234 50 jeune
1019 1423 260 50 personne

215 1492 363 55 accompagnée
505 1492 145 55 de
578 1492 145 55 sa
650 1492 218 55 mère,
795 1492 169 55 qui
892 1492 218 55 donne
1037 1492 169 55 des
1110 1492 169 55 soins

213 1559 113 72 à
259 1559 136 72 un
326 1559 294 72 officier,
553 1559 226 72 tandis
711 1559 158 72 que
801 1559 158 72 des
892 1559 339 72 chirurgiens
1140 1559 136 72 pan-

215 1620 174 103 sent
324 1620 152 103 des
411 1620 305 103 militaires
629 1620 218 103 blessés.

101 1718 205 113 66.
218 1718 351 113 L’Abbaye
481 1718 176 113 de
569 1718 264 113 Molk,
745 1718 264 113 bâtie
921 1718 205 113 sur
1038 1718 205 113 des
1126 1718 146 113 ro-

162 1832 285 78 chers
352 1832 221 78 qui
479 1832 379 78 baignent
763 1832 253 78 dans
921 1832 190 78 le
984 1832 285 78 Danube;

166 1918 216 91 elle
301 1918 189 91 est
409 1918 270 91 peinte
597 1918 216 91 dans
732 1918 162 91 le
813 1918 243 91 temps
975 1918 162 91 où
1028 1918 243 91 l’armée

163 1989 379 77 françoise
454 1989 146 77 y
512 1989 262 77 avoit
687 1989 291 77 établi
891 1989 204 77 son
979 1989 291 77 quartier

128 2071 295 85 général.
