2518.1102362204724 4280.314960629921
1165.3543307086613 294.48818897637796 240.9448818897638 190.5511811023622 (
1261.4173228346456 294.48818897637796 288.18897637795277 190.5511811023622 64
1357.4803149606298 294.48818897637796 144.88188976377953 190.5511811023622 )

411.0236220472441 549.6062992125984 385.8267716535433 118.11023622047244 TAUNAY
680.3149606299213 549.6062992125984 848.8188976377953 118.11023622047244 (Nicolas-Antoine),
1412.5984251968505 549.6062992125984 385.8267716535433 118.11023622047244 membre
1683.4645669291338 549.6062992125984 231.49606299212599 118.11023622047244 de
1760.6299212598426 549.6062992125984 500.78740157480314 118.11023622047244 l’Institut,

1116.5354330708662 661.4173228346457 220.4724409448819 149.60629921259843 né
1226.7716535433071 661.4173228346457 182.6771653543307 149.60629921259843 à
1262.992125984252 661.4173228346457 292.9133858267717 149.60629921259843 Paris.

411.0236220472441 844.0944881889764 308.66141732283467 138.58267716535434 67.
587.4015748031496 844.0944881889764 396.8503937007874 138.58267716535434 Messe
851.9685039370079 844.0944881889764 220.4724409448819 138.58267716535434 à
940.1574803149606 844.0944881889764 308.66141732283467 138.58267716535434 une
1116.5354330708662 844.0944881889764 529.1338582677165 138.58267716535434 chapelle
1514.9606299212599 844.0944881889764 264.56692913385825 138.58267716535434 de
1647.244094488189 844.0944881889764 264.56692913385825 138.58267716535434 S.
1779.5275590551182 844.0944881889764 396.8503937007874 138.58267716535434 Roch,
2000.0 844.0944881889764 264.56692913385825 138.58267716535434 dans

503.93700787401576 968.503937007874 343.3070866141732 157.48031496062993 une
699.2125984251968 968.503937007874 587.4015748031496 157.48031496062993 campagne
1140.1574803149606 968.503937007874 636.2204724409448 157.48031496062993 d’Italie,
1631.4960629921259 968.503937007874 392.12598425196853 157.48031496062993 pour
1826.7716535433071 968.503937007874 440.9448818897638 157.48031496062993 obtenir

511.81102362204723 1118.1102362204724 264.56692913385825 140.15748031496062 du
644.0944881889764 1118.1102362204724 352.755905511811 140.15748031496062 ciel
864.5669291338583 1118.1102362204724 264.56692913385825 140.15748031496062 la
995.2755905511812 1118.1102362204724 527.5590551181102 140.15748031496062 guérison
1392.1259842519685 1118.1102362204724 395.2755905511811 140.15748031496062 d’une
1612.5984251968505 1118.1102362204724 483.46456692913387 140.15748031496062 épidémie.

675.5905511811023 1255.1181102362204 222.04724409448818 119.68503937007874 On
785.8267716535433 1255.1181102362204 296.06299212598424 119.68503937007874 voit
970.0787401574803 1255.1181102362204 222.04724409448818 119.68503937007874 un
1081.8897637795276 1255.1181102362204 370.0787401574803 119.68503937007874 prêtre
1340.1574803149606 1255.1181102362204 184.251968503937 119.68503937007874 à
1414.1732283464567 1255.1181102362204 444.09448818897636 119.68503937007874 l’autel,
1746.4566929133857 1255.1181102362204 222.04724409448818 119.68503937007874 et
1858.267716535433 1255.1181102362204 258.26771653543307 119.68503937007874 des
1968.5039370078741 1255.1181102362204 296.06299212598424 119.68503937007874 moines

582.6771653543307 1377.9527559055118 274.01574803149606 116.53543307086615 qui
738.5826771653543 1377.9527559055118 546.4566929133858 116.53543307086615 officient.
1168.5039370078741 1377.9527559055118 234.64566929133858 116.53543307086615 On
1286.6141732283465 1377.9527559055118 469.29133858267716 116.53543307086615 remarque
1637.7952755905512 1377.9527559055118 234.64566929133858 116.53543307086615 au
1754.3307086614172 1377.9527559055118 390.5511811023622 116.53543307086615 milieu
1988.976377952756 1377.9527559055118 274.01574803149606 116.53543307086615 d’eux

582.6771653543307 1491.3385826771653 218.89763779527559 122.83464566929133 la
691.3385826771654 1491.3385826771653 437.79527559055117 122.83464566929133 bannière
1020.4724409448819 1491.3385826771653 218.89763779527559 122.83464566929133 où
1130.708661417323 1491.3385826771653 255.11811023622047 122.83464566929133 est
1277.1653543307086 1491.3385826771653 511.81102362204723 122.83464566929133 représenté
1678.740157480315 1491.3385826771653 218.89763779527559 122.83464566929133 S.
1787.4015748031495 1491.3385826771653 329.13385826771656 122.83464566929133 Roch.
2007.8740157480315 1491.3385826771653 255.11811023622047 122.83464566929133 Sur
2116.535433070866 1491.3385826771653 146.45669291338584 122.83464566929133 le

585.8267716535433 1600.0 381.1023622047244 108.66141732283465 devant
851.9685039370079 1600.0 228.3464566929134 108.66141732283465 du
966.9291338582677 1600.0 420.4724409448819 108.66141732283465 tableau
1272.4409448818897 1600.0 228.3464566929134 108.66141732283465 et
1387.4015748031495 1600.0 228.3464566929134 108.66141732283465 de
1500.7874015748032 1600.0 305.51181102362204 108.66141732283465 tous
1692.9133858267717 1600.0 267.7165354330709 108.66141732283465 les
1844.0944881889764 1600.0 343.3070866141732 108.66141732283465 côtés
2036.2204724409448 1600.0 228.3464566929134 108.66141732283465 sont

588.9763779527559 1689.763779527559 261.4173228346457 125.98425196850394 des
738.5826771653543 1689.763779527559 485.03937007874015 125.98425196850394 habitants
1111.8110236220473 1689.763779527559 261.4173228346457 125.98425196850394 des
1259.8425196850394 1689.763779527559 485.03937007874015 125.98425196850394 campagnes
1633.0708661417323 1689.763779527559 485.03937007874015 125.98425196850394 voisines,
2004.724409448819 1689.763779527559 223.6220472440945 125.98425196850394 et
2080.314960629921 1689.763779527559 185.82677165354332 125.98425196850394 les

588.9763779527559 1820.4724409448818 409.4488188976378 107.08661417322834 malades
886.6141732283464 1820.4724409448818 371.65354330708664 107.08661417322834 qu’ils
1148.0314960629921 1820.4724409448818 259.84251968503935 107.08661417322834 ont
1296.0629921259842 1820.4724409448818 559.0551181102362 107.08661417322834 transportés
1743.3070866141732 1820.4724409448818 297.6377952755906 107.08661417322834 pour
1892.9133858267717 1820.4724409448818 371.65354330708664 107.08661417322834 assister

587.4015748031496 1910.236220472441 190.5511811023622 138.58267716535434 à
662.992125984252 1910.236220472441 343.3070866141732 138.58267716535434 cette
892.9133858267717 1910.236220472441 381.1023622047244 138.58267716535434 pieuse
1121.259842519685 1910.236220472441 458.26771653543307 138.58267716535434 cérémonie.

954.3307086614174 2116.535433070866 666.1417322834645 160.62992125984252 PAYSAGE.

403.1496062992126 2337.0078740157483 325.98425196850394 119.68503937007874 68.
590.5511811023622 2337.0078740157483 325.98425196850394 119.68503937007874 Vue
776.3779527559055 2337.0078740157483 418.8976377952756 119.68503937007874 d’une
1055.1181102362204 2337.0078740157483 466.1417322834646 119.68503937007874 partie
1381.1023622047244 2337.0078740157483 278.74015748031496 119.68503937007874 du
1521.259842519685 2337.0078740157483 651.9685039370079 119.68503937007874 Mont-Cenis
1987.4015748031495 2337.0078740157483 278.74015748031496 119.68503937007874 dans

511.81102362204723 2488.1889763779527 269.29133858267716 146.45669291338584 un
645.6692913385826 2488.1889763779527 404.7244094488189 146.45669291338584 temps
914.9606299212599 2488.1889763779527 269.29133858267716 146.45669291338584 de
1050.3937007874015 2488.1889763779527 448.81889763779526 146.45669291338584 neige.
1363.7795275590552 2488.1889763779527 314.96062992125985 146.45669291338584 Sur
1543.3070866141732 2488.1889763779527 269.29133858267716 146.45669291338584 le
1678.740157480315 2488.1889763779527 494.48818897637796 146.45669291338584 premier
1992.1259842519685 2488.1889763779527 269.29133858267716 146.45669291338584 plan

514.9606299212599 2592.1259842519685 250.39370078740157 144.88188976377953 on
639.3700787401575 2592.1259842519685 333.8582677165354 144.88188976377953 voit
847.2440944881889 2592.1259842519685 250.39370078740157 144.88188976377953 un
973.2283464566929 2592.1259842519685 541.7322834645669 144.88188976377953 militaire
1390.5511811023623 2592.1259842519685 417.3228346456693 144.88188976377953 blessé
1681.8897637795276 2592.1259842519685 291.33858267716533 144.88188976377953 qui
1848.8188976377953 2592.1259842519685 291.33858267716533 144.88188976377953 est
1974.8031496062993 2592.1259842519685 291.33858267716533 144.88188976377953 pansé

505.51181102362204 2729.1338582677167 340.15748031496065 159.0551181102362 par
700.7874015748032 2729.1338582677167 340.15748031496065 159.0551181102362 une
894.488188976378 2729.1338582677167 437.79527559055117 159.0551181102362 femme
1187.4015748031495 2729.1338582677167 486.61417322834643 159.0551181102362 devant
1527.5590551181103 2729.1338582677167 291.33858267716533 159.0551181102362 un
1672.4409448818897 2729.1338582677167 340.15748031496065 159.0551181102362 feu
1818.8976377952756 2729.1338582677167 437.79527559055117 159.0551181102362 allumé.

609.4488188976378 3092.9133858267714 455.11811023622045 182.6771653543307 VAMBRÉE
940.1574803149606 3092.9133858267714 744.8818897637796 182.6771653543307 (Philippe-J.),
1560.6299212598426 3092.9133858267714 248.8188976377953 182.6771653543307 né
1685.0393700787401 3092.9133858267714 206.29921259842519 182.6771653543307 à
1725.984251968504 3092.9133858267714 330.70866141732284 182.6771653543307 Paris.

396.8503937007874 3255.1181102362207 362.20472440944883 155.90551181102362 69.
603.1496062992126 3255.1181102362207 516.5354330708661 155.90551181102362 Rubens
965.3543307086615 3255.1181102362207 412.59842519685037 155.90551181102362 dans
1223.6220472440946 3255.1181102362207 310.23622047244095 155.90551181102362 le
1377.9527559055118 3255.1181102362207 516.5354330708661 155.90551181102362 palais
1740.1574803149606 3255.1181102362207 310.23622047244095 155.90551181102362 du
1844.0944881889764 3255.1181102362207 412.59842519685037 155.90551181102362 Luxem-

505.51181102362204 3387.4015748031497 513.3858267716536 154.33070866141733 bourg,
864.5669291338583 3387.4015748031497 615.7480314960629 154.33070866141733 peignant
1327.5590551181103 3387.4015748031497 461.4173228346457 154.33070866141733 Marie
1634.6456692913387 3387.4015748031497 307.0866141732283 154.33070866141733 de
1737.007874015748 3387.4015748031497 513.3858267716536 154.33070866141733 Médicis,

510.23622047244095 3507.0866141732286 417.3228346456693 162.20472440944883 reine
787.4015748031496 3507.0866141732286 278.74015748031496 162.20472440944883 de
927.5590551181102 3507.0866141732286 510.23622047244095 162.20472440944883 France,
1297.6377952755906 3507.0866141732286 417.3228346456693 162.20472440944883 veuve
1576.3779527559054 3507.0866141732286 278.74015748031496 162.20472440944883 de
1714.9606299212599 3507.0866141732286 417.3228346456693 162.20472440944883 Henri
1948.0314960629921 3507.0866141732286 231.49606299212599 162.20472440944883 IV.
