2447.244094488189 4256.692913385827
894.488188976378 299.21259842519686 296.06299212598424 162.20472440944883 (
954.3307086614174 299.21259842519686 296.06299212598424 162.20472440944883 65)

412.59842519685037 466.1417322834646 217.3228346456693 114.96062992125984 La
521.2598425196851 466.1417322834646 325.98425196850394 114.96062992125984 Reine
738.5826771653543 466.1417322834646 253.54330708661416 114.96062992125984 est
885.0393700787401 466.1417322834646 544.8818897637796 114.96062992125984 représentée
1319.6850393700788 466.1417322834646 362.20472440944883 114.96062992125984 assise
1573.2283464566929 466.1417322834646 253.54330708661416 114.96062992125984 sur
1719.6850393700788 466.1417322834646 217.3228346456693 114.96062992125984 un
1792.1259842519685 466.1417322834646 217.3228346456693 114.96062992125984 fau-

332.2834645669291 551.1811023622047 373.2283464566929 114.96062992125984 teuil,
593.7007874015748 551.1811023622047 261.4173228346457 114.96062992125984 les
743.3070866141733 551.1811023622047 335.43307086614175 114.96062992125984 pieds
966.9291338582677 551.1811023622047 335.43307086614175 114.96062992125984 posés
1190.5511811023623 551.1811023622047 261.4173228346457 114.96062992125984 sur
1338.5826771653544 551.1811023622047 223.6220472440945 114.96062992125984 un
1450.3937007874015 551.1811023622047 409.4488188976378 114.96062992125984 carreau
1748.0314960629921 551.1811023622047 223.6220472440945 114.96062992125984 de
1823.6220472440946 551.1811023622047 185.82677165354332 114.96062992125984 ve-

330.70866141732284 672.4409448818898 333.8582677165354 116.53543307086615 lours,
563.7795275590552 672.4409448818898 467.7165354330709 116.53543307086615 expliquant
932.2834645669292 672.4409448818898 166.9291338582677 116.53543307086615 à
1000.0 672.4409448818898 234.64566929133858 116.53543307086615 son
1133.8582677165355 672.4409448818898 267.7165354330709 116.53543307086615 fils
1300.7874015748032 672.4409448818898 200.0 116.53543307086615 le
1401.5748031496064 672.4409448818898 300.78740157480314 116.53543307086615 sujet
1601.5748031496064 672.4409448818898 200.0 116.53543307086615 du
1669.291338582677 672.4409448818898 333.8582677165354 116.53543307086615 tableau;

329.13385826771656 784.2519685039371 297.6377952755906 132.28346456692913 elle
514.9606299212599 784.2519685039371 259.84251968503935 132.28346456692913 est
664.5669291338583 784.2519685039371 557.4803149606299 132.28346456692913 accompagnée
1110.236220472441 784.2519685039371 223.6220472440945 132.28346456692913 de
1222.0472440944882 784.2519685039371 297.6377952755906 132.28346456692913 deux
1407.8740157480315 784.2519685039371 519.6850393700787 132.28346456692913 princesses
1777.9527559055118 784.2519685039371 223.6220472440945 132.28346456692913 pla-

330.70866141732284 913.3858267716536 291.33858267716533 100.78740157480316 cées
513.3858267716536 913.3858267716536 437.79527559055117 100.78740157480316 derrière
840.9448818897638 913.3858267716536 327.5590551181102 100.78740157480316 elle.
1059.8425196850394 913.3858267716536 365.3543307086614 100.78740157480316 Rubens
1314.9606299212599 913.3858267716536 255.11811023622047 100.78740157480316 est
1461.4173228346456 913.3858267716536 401.5748031496063 100.78740157480316 debout,
1716.5354330708662 913.3858267716536 291.33858267716533 100.78740157480316 tenant

330.70866141732284 1004.7244094488188 204.7244094488189 108.66141732283465 la
433.07086614173227 1004.7244094488188 374.8031496062992 108.66141732283465 palette
707.0866141732283 1004.7244094488188 307.0866141732283 108.66141732283465 d’une
911.8110236220473 1004.7244094488188 307.0866141732283 108.66141732283465 main,
1116.5354330708662 1004.7244094488188 204.7244094488189 108.66141732283465 et
1218.8976377952756 1004.7244094488188 204.7244094488189 108.66141732283465 de
1321.259842519685 1004.7244094488188 374.8031496062992 108.66141732283465 l’autre
1593.7007874015749 1004.7244094488188 204.7244094488189 108.66141732283465 le
1661.4173228346456 1004.7244094488188 341.73228346456693 108.66141732283465 pinceau:

319.68503937007875 1119.6850393700788 329.13385826771656 91.33858267716535 deux
524.4094488188977 1119.6850393700788 411.0236220472441 91.33858267716535 chiens
812.5984251968504 1119.6850393700788 288.18897637795277 91.33858267716535 que
976.3779527559055 1119.6850393700788 329.13385826771656 91.33858267716535 l’on
1182.6771653543308 1119.6850393700788 492.9133858267717 91.33858267716535 remarque
1510.236220472441 1119.6850393700788 492.9133858267717 91.33858267716535 rappellent

324.40944881889766 1242.5196850393702 269.29133858267716 114.96062992125984 que
477.1653543307087 1242.5196850393702 346.45669291338584 114.96062992125984 Marie
708.6614173228346 1242.5196850393702 231.49606299212599 114.96062992125984 de
825.1968503937007 1242.5196850393702 423.62204724409446 114.96062992125984 Médicis
1133.8582677165355 1242.5196850393702 269.29133858267716 114.96062992125984 les
1288.1889763779527 1242.5196850393702 385.8267716535433 114.96062992125984 aimoit
1519.6850393700788 1242.5196850393702 423.62204724409446 114.96062992125984 beaucoup.

240.9448818897638 1368.5039370078741 234.64566929133858 162.20472440944883 Ce
359.0551181102362 1368.5039370078741 470.86614173228344 162.20472440944883 tableau,
711.8110236220473 1368.5039370078741 352.755905511811 162.20472440944883 d’une
946.4566929133858 1368.5039370078741 392.12598425196853 162.20472440944883 grande
1220.4724409448818 1368.5039370078741 587.4015748031496 162.20472440944883 réputation,
1691.3385826771653 1368.5039370078741 234.64566929133858 162.20472440944883 et
1770.0787401574803 1368.5039370078741 234.64566929133858 162.20472440944883 con-

159.0551181102362 1497.6377952755906 215.748031496063 127.55905511811024 nu
267.7165354330709 1497.6377952755906 288.18897637795277 127.55905511811024 sous
447.244094488189 1497.6377952755906 215.748031496063 127.55905511811024 le
555.9055118110236 1497.6377952755906 251.96850393700788 127.55905511811024 nom
700.7874015748032 1497.6377952755906 215.748031496063 127.55905511811024 de
807.8740157480315 1497.6377952755906 215.748031496063 127.55905511811024 la
916.5354330708661 1497.6377952755906 469.29133858267716 127.55905511811024 Naissance
1277.1653543307086 1497.6377952755906 215.748031496063 127.55905511811024 de
1385.8267716535433 1497.6377952755906 324.40944881889766 127.55905511811024 Louis
1601.5748031496064 1497.6377952755906 324.40944881889766 127.55905511811024 XIII,
1782.6771653543308 1497.6377952755906 215.748031496063 127.55905511811024 fai-

157.48031496062993 1640.9448818897638 294.48818897637796 125.98425196850394 soit
340.15748031496065 1640.9448818897638 368.503937007874 125.98425196850394 partie
598.4251968503937 1640.9448818897638 220.4724409448819 125.98425196850394 de
708.6614173228346 1640.9448818897638 220.4724409448819 125.98425196850394 la
818.8976377952756 1640.9448818897638 404.7244094488189 125.98425196850394 Galerie
1113.3858267716535 1640.9448818897638 220.4724409448819 125.98425196850394 du
1223.6220472440946 1640.9448818897638 552.7559055118111 125.98425196850394 Luxembourg,
1666.1417322834645 1640.9448818897638 220.4724409448819 125.98425196850394 et
1776.3779527559054 1640.9448818897638 258.26771653543307 125.98425196850394 est
1886.6141732283465 1640.9448818897638 110.23622047244095 125.98425196850394 à

151.1811023622047 1722.8346456692914 426.7716535433071 159.0551181102362 présent
461.4173228346457 1722.8346456692914 387.40157480314963 159.0551181102362 exposé
733.8582677165355 1722.8346456692914 233.0708661417323 159.0551181102362 au
850.3937007874016 1722.8346456692914 349.6062992125984 159.0551181102362 Musée
1044.0944881889764 1722.8346456692914 310.23622047244095 159.0551181102362 Royal.

270.86614173228344 2092.9133858267714 459.84251968503935 127.55905511811024 VANDAEL
606.2992125984252 2092.9133858267714 836.2204724409448 127.55905511811024 (Jean-François),
1318.1102362204724 2092.9133858267714 250.39370078740157 127.55905511811024 né
1442.5196850393702 2092.9133858267714 209.4488188976378 127.55905511811024 à
1485.0393700787401 2092.9133858267714 376.37795275590554 127.55905511811024 Anvers.

149.60629921259843 2300.787401574803 310.23622047244095 137.00787401574803 70.
325.98425196850394 2300.787401574803 310.23622047244095 137.00787401574803 Des
503.93700787401576 2300.787401574803 442.5196850393701 137.00787401574803 fleurs
814.1732283464567 2300.787401574803 354.3307086614173 137.00787401574803 dans
1034.6456692913387 2300.787401574803 266.1417322834646 137.00787401574803 un
1166.9291338582677 2300.787401574803 354.3307086614173 137.00787401574803 vase
1344.8818897637796 2300.787401574803 486.61417322834643 137.00787401574803 d’agathe.

507.0866141732283 2689.763779527559 485.03937007874015 163.7795275590551 WATELET
815.7480314960629 2689.763779527559 793.7007874015748 163.7795275590551 (Louis

138.58267716535434 2840.9448818897636 322.8346456692913 163.7795275590551 71.
322.8346456692913 2840.9448818897636 507.0866141732283 163.7795275590551 Paysage
645.6692913385826 2840.9448818897636 598.4251968503937 163.7795275590551 historique.

381.1023622047244 3006.299212598425 239.37007874015748 173.22834645669292 On
500.78740157480314 3006.299212598425 319.68503937007875 173.22834645669292 voit
699.2125984251968 3006.299212598425 278.74015748031496 173.22834645669292 sur
859.8425196850394 3006.299212598425 239.37007874015748 173.22834645669292 le
979.5275590551181 3006.299212598425 398.4251968503937 173.22834645669292 devant
1258.267716535433 3006.299212598425 278.74015748031496 173.22834645669292 une
1417.3228346456692 3006.299212598425 359.0551181102362 173.22834645669292 danse
1656.6929133858268 3006.299212598425 239.37007874015748 173.22834645669292 de
1737.007874015748 3006.299212598425 239.37007874015748 173.22834645669292 ber-

302.3622047244094 3146.4566929133857 363.7795275590551 122.83464566929133 gères,
557.4803149606299 3146.4566929133857 218.89763779527559 122.83464566929133 et
666.1417322834645 3146.4566929133857 291.33858267716533 122.83464566929133 plus
848.8188976377953 3146.4566929133857 291.33858267716533 122.83464566929133 loin
1031.4960629921259 3146.4566929133857 255.11811023622047 122.83464566929133 une
1176.3779527559054 3146.4566929133857 400.0 122.83464566929133 cascade
1467.716535433071 3146.4566929133857 400.0 122.83464566929133 tombant
1722.8346456692914 3146.4566929133857 255.11811023622047 122.83464566929133 d’une

300.78740157480314 3262.9921259842517 456.6929133858268 152.75590551181102 montagne
642.5196850393701 3262.9921259842517 303.93700787401576 152.75590551181102 près
833.0708661417323 3262.9921259842517 228.3464566929134 152.75590551181102 de
948.0314960629921 3262.9921259842517 456.6929133858268 152.75590551181102 laquelle
1291.3385826771653 3262.9921259842517 303.93700787401576 152.75590551181102 sont
1481.8897637795276 3262.9921259842517 456.6929133858268 152.75590551181102 quelques
1785.8267716535433 3262.9921259842517 190.5511811023622 152.75590551181102 fa

262.99212598425197 3373.228346456693 392.12598425196853 140.15748031496062 briques.

1458.267716535433 3604.7244094488187 195.2755905511811 111.81102362204724 6.
