1593 2712
757 192 153 98 (
819 192 184 98 66
880 192 92 98 )

468 293 270 123 VERNET
657 293 351 123 (Horace),
927 293 162 123 né
1008 293 135 123 à
1035 293 216 123 Paris.

267 422 237 94 72.
402 422 406 94 Massacre
707 422 237 94 des
842 422 440 94 Mamelucks
1180 422 271 94 dans
1316 422 135 94 le

330 498 351 100 château
585 498 191 100 du
681 498 287 100 Caire
872 498 351 100 ordonné
1127 498 223 100 par
1223 498 223 100 Moha-

329 579 532 121 med-Ali-Pacha,
773 579 355 121 vice-roi
1009 579 325 121 d’Egypte.

427 698 403 92 Mohamed-Ali
749 698 295 92 voulant
964 698 322 92 détruire
1205 698 161 92 le
1259 698 188 92 corps

370 776 396 87 redoutable
681 776 198 87 des
794 776 396 87 Mamelucks,
1105 776 283 87 prend,
1274 776 170 87 pour

372 853 238 65 mettre
539 853 166 65 son
634 853 238 65 projet
800 853 119 65 à
848 853 333 65 exécution,
1109 853 143 65 le
1181 853 190 65 jour
1276 853 166 65 d’une

371 902 309 90 cérémonie
609 902 166 90 qui
704 902 238 90 devoit
870 902 285 90 précéder
1084 902 143 90 le
1155 902 238 90 départ
1298 902 143 90 d’un

370 986 153 81 de
446 986 178 81 ses
548 986 204 81 fils
675 986 204 81 pour
803 986 153 81 la
879 986 280 81 Mecque.
1083 986 178 81 Les
1160 986 280 81 Mamelucks

368 1053 315 70 reçoivent
610 1053 267 70 l’ordre
804 1053 145 70 de
877 1053 145 70 se
949 1053 242 70 rendre
1119 1053 194 70 dans
1240 1053 145 70 le
1289 1053 145 70 châ-

369 1121 194 87 teau
490 1121 145 87 du
562 1121 218 87 Caire
708 1121 194 87 pour
829 1121 242 87 suivre
998 1121 145 87 le
1071 1121 291 87 cortège;
1289 1121 169 87 ils
1361 1121 73 87 y

367 1201 279 72 arrivent
576 1201 232 72 montés
738 1201 163 72 sur
831 1201 209 72 leurs
971 1201 186 72 plus
1087 1201 209 72 beaux
1203 1201 232 72 chevaux,

364 1270 145 71 et
436 1270 434 71 magnifiquement
774 1270 193 71 vêtus.

419 1314 152 89 Ce
495 1314 278 89 tableau
697 1314 354 89 représente
975 1314 152 89 le
1051 1314 253 89 moment
1229 1314 177 89 où,
1304 1314 127 89 en-

362 1399 190 69 trés
481 1399 190 69 dans
600 1399 357 69 l’intérieur
886 1399 143 69 du
957 1399 286 69 château,
1171 1399 167 69 les
1243 1399 190 69 portes

359 1464 143 80 se
431 1464 309 80 referment
668 1464 166 80 sur
763 1464 190 80 eux.
882 1464 119 80 A
929 1464 333 80 l’instant,
1191 1464 166 80 des
1262 1464 166 80 Alba-

358 1535 199 75 nois
482 1535 298 75 dévoués,
706 1535 248 75 cachés
880 1535 298 75 derrière
1103 1535 174 75 les
1178 1535 248 75 crénaux,

357 1602 170 75 sur
454 1602 170 75 les
551 1602 315 75 remparts,
793 1602 170 75 sur
890 1602 170 75 les
987 1602 243 75 tours,
1157 1602 218 75 font,
1303 1602 121 75 à
1327 1602 97 75 un

356 1677 243 88 signal
526 1677 243 88 donné,
696 1677 146 88 un
769 1677 170 88 feu
866 1677 170 88 des
963 1677 194 88 plus
1085 1677 316 88 terribles
1303 1677 122 88 sur

354 1751 183 75 ces
458 1751 391 75 malheureux,
771 1751 183 75 qui
875 1751 209 75 sont
980 1751 443 75 impitoyablement

352 1823 348 85 massacrés.
625 1823 149 85 Le
700 1823 248 85 pacha,
874 1823 224 85 placé
1023 1823 149 85 au
1097 1823 248 85 sommet
1246 1823 174 85 d’une

352 1888 309 67 terrasse,
590 1888 190 67 sans
709 1888 261 67 pouvoir
899 1888 190 67 être
1017 1888 261 67 aperçu,
1207 1888 143 67 et
1255 1888 166 67 ayant

356 1942 266 92 dergière
555 1942 155 92 lui
644 1942 199 92 trois
777 1942 133 92 de
843 1942 155 92 ses
932 1942 310 92 officiers,
1175 1942 155 92 ses
1242 1942 177 92 confi-

349 2012 219 85 dents
495 2012 292 85 intimes,
714 2012 170 85 est
811 2012 243 85 témoin
981 2012 146 85 de
1054 2012 219 85 cette
1176 2012 243 85 affreuse

353 2087 355 74 catastrophe.
641 2087 200 74 C’est
774 2087 200 74 ainsi
907 2087 155 74 que
996 2087 155 74 fut
1084 2087 266 74 détruite
1262 2087 155 74 pres-

351 2160 169 97 que
448 2160 363 97 entièrement
738 2160 387 97 l’audacieuse
1052 2160 242 97 milicg
1222 2160 169 97 des
1294 2160 121 97 Ma

320 2236 269 83 melucks.
