2508.6614173228345 4270.866141732284
1192.1259842519685 302.3622047244094 240.9448818897638 154.33070866141733 (
1289.763779527559 302.3622047244094 289.76377952755905 154.33070866141733 66
1385.8267716535433 302.3622047244094 144.88188976377953 154.33070866141733 )

737.007874015748 461.4173228346457 425.1968503937008 193.70078740157481 VERNET
1034.6456692913387 461.4173228346457 552.7559055118111 193.70078740157481 (Horace),
1459.8425196850394 461.4173228346457 255.11811023622047 193.70078740157481 né
1587.4015748031495 461.4173228346457 212.5984251968504 193.70078740157481 à
1629.9212598425197 461.4173228346457 340.15748031496065 193.70078740157481 Paris.

420.4724409448819 664.5669291338583 373.2283464566929 148.03149606299212 72.
633.0708661417323 664.5669291338583 639.3700787401575 148.03149606299212 Massacre
1113.3858267716535 664.5669291338583 373.2283464566929 148.03149606299212 des
1325.984251968504 664.5669291338583 692.9133858267717 148.03149606299212 Mamelucks
1858.267716535433 664.5669291338583 426.7716535433071 148.03149606299212 dans
2072.4409448818897 664.5669291338583 212.5984251968504 148.03149606299212 le

519.6850393700787 784.2519685039371 552.7559055118111 157.48031496062993 château
921.2598425196851 784.2519685039371 300.78740157480314 157.48031496062993 du
1072.4409448818897 784.2519685039371 451.9685039370079 157.48031496062993 Caire
1373.2283464566929 784.2519685039371 552.7559055118111 157.48031496062993 ordonné
1774.8031496062993 784.2519685039371 351.18110236220474 157.48031496062993 par
1925.984251968504 784.2519685039371 351.18110236220474 157.48031496062993 Moha-

518.1102362204724 911.8110236220473 837.7952755905512 190.5511811023622 med-Ali-Pacha,
1217.3228346456692 911.8110236220473 559.0551181102362 190.5511811023622 vice-roi
1588.976377952756 911.8110236220473 511.81102362204723 190.5511811023622 d’Egypte.

672.4409448818898 1099.2125984251968 634.6456692913385 144.88188976377953 Mohamed-Ali
1179.5275590551182 1099.2125984251968 464.56692913385825 144.88188976377953 voulant
1518.1102362204724 1099.2125984251968 507.0866141732283 144.88188976377953 détruire
1897.6377952755906 1099.2125984251968 253.54330708661416 144.88188976377953 le
1982.6771653543308 1099.2125984251968 296.06299212598424 144.88188976377953 corps

582.6771653543307 1222.0472440944882 623.6220472440945 137.00787401574803 redoutable
1072.4409448818897 1222.0472440944882 311.81102362204723 137.00787401574803 des
1250.3937007874015 1222.0472440944882 623.6220472440945 137.00787401574803 Mamelucks,
1740.1574803149606 1222.0472440944882 445.6692913385827 137.00787401574803 prend,
2006.2992125984251 1222.0472440944882 267.7165354330709 137.00787401574803 pour

585.8267716535433 1343.3070866141732 374.8031496062992 102.36220472440945 mettre
848.8188976377953 1343.3070866141732 261.4173228346457 102.36220472440945 son
998.4251968503937 1343.3070866141732 374.8031496062992 102.36220472440945 projet
1259.8425196850394 1343.3070866141732 187.4015748031496 102.36220472440945 à
1335.4330708661416 1343.3070866141732 524.4094488188977 102.36220472440945 exécution,
1746.4566929133857 1343.3070866141732 225.1968503937008 102.36220472440945 le
1859.8425196850394 1343.3070866141732 299.21259842519686 102.36220472440945 jour
2009.4488188976377 1343.3070866141732 261.4173228346457 102.36220472440945 d’une

584.2519685039371 1420.4724409448818 486.61417322834643 141.73228346456693 cérémonie
959.0551181102362 1420.4724409448818 261.4173228346457 141.73228346456693 qui
1108.6614173228347 1420.4724409448818 374.8031496062992 141.73228346456693 devoit
1370.0787401574803 1420.4724409448818 448.81889763779526 141.73228346456693 précéder
1707.0866141732283 1420.4724409448818 225.1968503937008 141.73228346456693 le
1818.8976377952756 1420.4724409448818 374.8031496062992 141.73228346456693 départ
2044.0944881889764 1420.4724409448818 225.1968503937008 141.73228346456693 d’un

582.6771653543307 1552.755905511811 240.9448818897638 127.55905511811024 de
702.3622047244095 1552.755905511811 280.31496062992125 127.55905511811024 ses
862.992125984252 1552.755905511811 321.25984251968504 127.55905511811024 fils
1062.992125984252 1552.755905511811 321.25984251968504 127.55905511811024 pour
1264.5669291338584 1552.755905511811 240.9448818897638 127.55905511811024 la
1384.251968503937 1552.755905511811 440.9448818897638 127.55905511811024 Mecque.
1705.5118110236222 1552.755905511811 280.31496062992125 127.55905511811024 Les
1826.7716535433071 1552.755905511811 440.9448818897638 127.55905511811024 Mamelucks

579.5275590551181 1658.267716535433 496.06299212598424 110.23622047244095 reçoivent
960.6299212598425 1658.267716535433 420.4724409448819 110.23622047244095 l’ordre
1266.1417322834645 1658.267716535433 228.3464566929134 110.23622047244095 de
1381.1023622047244 1658.267716535433 228.3464566929134 110.23622047244095 se
1494.4881889763778 1658.267716535433 381.1023622047244 110.23622047244095 rendre
1762.2047244094488 1658.267716535433 305.51181102362204 110.23622047244095 dans
1952.755905511811 1658.267716535433 228.3464566929134 110.23622047244095 le
2029.9212598425197 1658.267716535433 228.3464566929134 110.23622047244095 châ-

581.1023622047244 1765.3543307086613 305.51181102362204 137.00787401574803 teau
771.6535433070866 1765.3543307086613 228.3464566929134 137.00787401574803 du
885.0393700787401 1765.3543307086613 343.3070866141732 137.00787401574803 Caire
1114.9606299212599 1765.3543307086613 305.51181102362204 137.00787401574803 pour
1305.5118110236222 1765.3543307086613 381.1023622047244 137.00787401574803 suivre
1571.6535433070867 1765.3543307086613 228.3464566929134 137.00787401574803 le
1686.6141732283465 1765.3543307086613 458.26771653543307 137.00787401574803 cortège;
2029.9212598425197 1765.3543307086613 266.1417322834646 137.00787401574803 ils
2143.3070866141734 1765.3543307086613 114.96062992125984 137.00787401574803 y

577.9527559055118 1891.3385826771653 439.37007874015745 113.38582677165354 arrivent
907.0866141732283 1891.3385826771653 365.3543307086614 113.38582677165354 montés
1162.2047244094488 1891.3385826771653 256.6929133858268 113.38582677165354 sur
1308.6614173228347 1891.3385826771653 329.13385826771656 113.38582677165354 leurs
1529.1338582677165 1891.3385826771653 292.9133858267717 113.38582677165354 plus
1711.8110236220473 1891.3385826771653 329.13385826771656 113.38582677165354 beaux
1894.4881889763778 1891.3385826771653 365.3543307086614 113.38582677165354 chevaux,

573.2283464566929 2000.0 228.3464566929134 111.81102362204724 et
686.6141732283464 2000.0 683.4645669291339 111.81102362204724 magnifiquement
1218.8976377952756 2000.0 303.93700787401576 111.81102362204724 vêtus.

659.8425196850394 2069.2913385826773 239.37007874015748 140.15748031496062 Ce
779.5275590551181 2069.2913385826773 437.79527559055117 140.15748031496062 tableau
1097.6377952755906 2069.2913385826773 557.4803149606299 140.15748031496062 représente
1535.4330708661416 2069.2913385826773 239.37007874015748 140.15748031496062 le
1655.1181102362204 2069.2913385826773 398.4251968503937 140.15748031496062 moment
1935.4330708661416 2069.2913385826773 278.74015748031496 140.15748031496062 où,
2053.5433070866143 2069.2913385826773 200.0 140.15748031496062 en-

570.0787401574803 2203.149606299213 299.21259842519686 108.66141732283465 trés
757.4803149606299 2203.149606299213 299.21259842519686 108.66141732283465 dans
944.8818897637796 2203.149606299213 562.2047244094488 108.66141732283465 l’intérieur
1395.275590551181 2203.149606299213 225.1968503937008 108.66141732283465 du
1507.0866141732283 2203.149606299213 450.3937007874016 108.66141732283465 château,
1844.0944881889764 2203.149606299213 262.99212598425197 108.66141732283465 les
1957.4803149606298 2203.149606299213 299.21259842519686 108.66141732283465 portes

565.3543307086615 2305.511811023622 225.1968503937008 125.98425196850394 se
678.7401574803149 2305.511811023622 486.61417322834643 125.98425196850394 referment
1051.9685039370079 2305.511811023622 261.4173228346457 125.98425196850394 sur
1201.5748031496064 2305.511811023622 299.21259842519686 125.98425196850394 eux.
1388.976377952756 2305.511811023622 187.4015748031496 125.98425196850394 A
1462.992125984252 2305.511811023622 524.4094488188977 125.98425196850394 l’instant,
1875.5905511811025 2305.511811023622 261.4173228346457 125.98425196850394 des
1987.4015748031495 2305.511811023622 261.4173228346457 125.98425196850394 Alba-

563.7795275590552 2417.3228346456694 313.38582677165357 118.11023622047244 nois
759.0551181102362 2417.3228346456694 469.29133858267716 118.11023622047244 dévoués,
1111.8110236220473 2417.3228346456694 390.5511811023622 118.11023622047244 cachés
1385.8267716535433 2417.3228346456694 469.29133858267716 118.11023622047244 derrière
1737.007874015748 2417.3228346456694 274.01574803149606 118.11023622047244 les
1855.1181102362204 2417.3228346456694 390.5511811023622 118.11023622047244 crénaux,

562.2047244094488 2522.834645669291 267.7165354330709 118.11023622047244 sur
714.9606299212599 2522.834645669291 267.7165354330709 118.11023622047244 les
867.7165354330708 2522.834645669291 496.06299212598424 118.11023622047244 remparts,
1248.8188976377953 2522.834645669291 267.7165354330709 118.11023622047244 sur
1401.5748031496064 2522.834645669291 267.7165354330709 118.11023622047244 les
1554.3307086614172 2522.834645669291 382.6771653543307 118.11023622047244 tours,
1822.0472440944882 2522.834645669291 343.3070866141732 118.11023622047244 font,
2051.968503937008 2522.834645669291 190.5511811023622 118.11023622047244 à
2089.763779527559 2522.834645669291 152.75590551181102 118.11023622047244 un

560.6299212598425 2640.9448818897636 382.6771653543307 138.58267716535434 signal
828.3464566929134 2640.9448818897636 382.6771653543307 138.58267716535434 donné,
1096.0629921259842 2640.9448818897636 229.92125984251967 138.58267716535434 un
1211.023622047244 2640.9448818897636 267.7165354330709 138.58267716535434 feu
1363.7795275590552 2640.9448818897636 267.7165354330709 138.58267716535434 des
1516.5354330708662 2640.9448818897636 305.51181102362204 138.58267716535434 plus
1708.6614173228347 2640.9448818897636 497.6377952755906 138.58267716535434 terribles
2051.968503937008 2640.9448818897636 192.1259842519685 138.58267716535434 sur

557.4803149606299 2757.48031496063 288.18897637795277 118.11023622047244 ces
721.2598425196851 2757.48031496063 615.7480314960629 118.11023622047244 malheureux,
1214.1732283464567 2757.48031496063 288.18897637795277 118.11023622047244 qui
1377.9527559055118 2757.48031496063 329.13385826771656 118.11023622047244 sont
1543.3070866141732 2757.48031496063 697.6377952755905 118.11023622047244 impitoyablement

554.3307086614174 2870.8661417322833 548.0314960629921 133.85826771653544 massacrés.
984.2519685039371 2870.8661417322833 234.64566929133858 133.85826771653544 Le
1102.3622047244094 2870.8661417322833 390.5511811023622 133.85826771653544 pacha,
1376.3779527559054 2870.8661417322833 352.755905511811 133.85826771653544 placé
1611.023622047244 2870.8661417322833 234.64566929133858 133.85826771653544 au
1727.5590551181103 2870.8661417322833 390.5511811023622 133.85826771653544 sommet
1962.2047244094488 2870.8661417322833 274.01574803149606 133.85826771653544 d’une

554.3307086614174 2973.228346456693 486.61417322834643 105.51181102362204 terrasse,
929.1338582677165 2973.228346456693 299.21259842519686 105.51181102362204 sans
1116.5354330708662 2973.228346456693 411.0236220472441 105.51181102362204 pouvoir
1415.748031496063 2973.228346456693 299.21259842519686 105.51181102362204 être
1601.5748031496064 2973.228346456693 411.0236220472441 105.51181102362204 aperçu,
1900.7874015748032 2973.228346456693 225.1968503937008 105.51181102362204 et
1976.3779527559054 2973.228346456693 261.4173228346457 105.51181102362204 ayant

560.6299212598425 3058.267716535433 418.8976377952756 144.88188976377953 dergière
874.0157480314961 3058.267716535433 244.09448818897638 144.88188976377953 lui
1014.1732283464567 3058.267716535433 313.38582677165357 144.88188976377953 trois
1223.6220472440946 3058.267716535433 209.4488188976378 144.88188976377953 de
1327.5590551181103 3058.267716535433 244.09448818897638 144.88188976377953 ses
1467.716535433071 3058.267716535433 488.18897637795277 144.88188976377953 officiers,
1850.3937007874015 3058.267716535433 244.09448818897638 144.88188976377953 ses
1955.9055118110236 3058.267716535433 278.74015748031496 144.88188976377953 confi-

549.6062992125984 3168.503937007874 344.88188976377955 133.85826771653544 dents
779.5275590551181 3168.503937007874 459.84251968503935 133.85826771653544 intimes,
1124.4094488188975 3168.503937007874 267.7165354330709 133.85826771653544 est
1277.1653543307086 3168.503937007874 382.6771653543307 133.85826771653544 témoin
1544.8818897637796 3168.503937007874 229.92125984251967 133.85826771653544 de
1659.8425196850394 3168.503937007874 344.88188976377955 133.85826771653544 cette
1851.9685039370079 3168.503937007874 382.6771653543307 133.85826771653544 affreuse

555.9055118110236 3286.6141732283463 559.0551181102362 116.53543307086615 catastrophe.
1009.4488188976378 3286.6141732283463 314.96062992125985 116.53543307086615 C’est
1218.8976377952756 3286.6141732283463 314.96062992125985 116.53543307086615 ainsi
1428.3464566929133 3286.6141732283463 244.09448818897638 116.53543307086615 que
1568.5039370078741 3286.6141732283463 244.09448818897638 116.53543307086615 fut
1707.0866141732283 3286.6141732283463 418.8976377952756 116.53543307086615 détruite
1987.4015748031495 3286.6141732283463 244.09448818897638 116.53543307086615 pres-

552.7559055118111 3401.5748031496064 266.1417322834646 152.75590551181102 que
705.511811023622 3401.5748031496064 571.6535433070866 152.75590551181102 entièrement
1162.2047244094488 3401.5748031496064 609.4488188976378 152.75590551181102 l’audacieuse
1656.6929133858268 3401.5748031496064 381.1023622047244 152.75590551181102 milicg
1924.4094488188975 3401.5748031496064 266.1417322834646 152.75590551181102 des
2037.7952755905512 3401.5748031496064 190.5511811023622 152.75590551181102 Ma

503.93700787401576 3521.259842519685 423.62204724409446 130.70866141732284 melucks.
