1536 2703
573 193 181 95 (
609 193 181 95 67)

162 282 174 86 M.
249 282 320 86 NAIGEON
482 282 320 86 l’aîné,
714 282 465 86 conservateur
1092 282 174 86 de
1150 282 116 86 la

98 362 343 98 Galerie,
356 362 143 98 a
413 362 257 98 peint
584 362 200 98 les
699 362 457 98 bas-reliefs,
1041 362 229 98 repré-

101 469 286 97 sentant
309 469 182 97 les
413 469 364 97 allégories
699 469 208 97 dont
828 469 208 97 suit
958 469 156 97 la
1010 469 260 97 descrip

70 543 197 83 tion.

170 683 376 93 <i>Au-dessus
475 683 141 93 de
545 683 141 93 la
616 683 211 93 porte
757 683 282 93 d’entrée
968 683 141 93 de
1015 683 188 93 la</i>

412 779 296 71 <i>Galerie
645 779 212 71 de</i>
772 779 190 71 RUBENS.

258 901 144 80 Le
330 901 216 80 buste
474 901 144 80 de
546 901 240 80 Rubens
714 901 168 80 est
811 901 288 80 couronné
1027 901 168 80 par
1099 901 168 80 l’Im-

209 978 354 61 mortalité,
487 978 202 61 pour
613 978 278 61 marquer
815 978 177 61 que
916 978 278 61 Rubens,
1093 978 177 61 comme

210 1040 271 82 peintre,
414 1040 248 82 faisoit
594 1040 271 82 admirer,
798 1040 181 82 dans
911 1040 339 82 l’immensité
1159 1040 113 82 des

209 1121 282 81 ouvrages
421 1121 165 81 que
515 1121 165 81 son
609 1121 212 81 génie
751 1121 235 81 fécond
915 1121 118 81 a
962 1121 306 81 produits,
1174 1121 94 81 un

207 1184 198 75 beau
331 1184 297 75 coloris,
554 1184 173 75 une
653 1184 371 75 imagination
949 1184 322 75 brillante
1172 1184 99 75 et

207 1260 321 71 poétique;
454 1260 173 71 et,
553 1260 222 71 comme
702 1260 346 71 politique,
973 1260 222 71 qu’il
1122 1260 124 71 a
1146 1260 124 71 été

212 1326 235 65 chargé
376 1326 235 65 auprès
541 1326 141 65 de
611 1326 306 65 plusieurs
846 1326 329 65 puissances
1105 1326 141 65 de
1152 1326 118 65 né-

211 1398 328 72 gociations
468 1398 375 72 importantes,
773 1398 187 72 dont
890 1398 141 72 le
960 1398 234 72 succès
1124 1398 164 72 lui
1195 1398 70 72 a

207 1474 240 66 mérité
375 1474 144 66 de
447 1474 144 66 la
520 1474 192 66 part
640 1474 168 66 des
736 1474 337 66 souverains
1000 1474 168 66 des
1073 1474 192 66 récom-

205 1535 246 75 penses
353 1535 320 75 honorables.

264 1602 186 70 D’un
380 1602 186 70 côté
497 1602 140 70 on
566 1602 186 70 voit
683 1602 140 70 la
753 1602 279 70 Peinture
962 1602 256 70 élevant
1149 1602 116 70 à
1172 1602 93 70 la

207 1680 246 65 gloire
380 1680 148 65 de
454 1680 148 65 ce
527 1680 222 65 grand
675 1680 222 65 homme
823 1680 148 65 un
897 1680 271 65 trophée
1094 1680 148 65 de
1143 1680 123 65 ses

208 1746 283 73 pinceaux
420 1746 141 73 et
491 1746 141 73 de
562 1746 141 73 sa
632 1746 259 73 palette
821 1746 353 73 rayonnante,
1080 1746 188 73 tandis

211 1815 157 70 que
300 1815 135 70 le
368 1815 202 70 Génie
502 1815 247 70 qu’elle
682 1815 269 70 embrasse
884 1815 112 70 y
928 1815 224 70 réunit
1086 1815 157 70 les
1153 1815 112 70 at-

207 1885 253 67 tributs
391 1885 138 67 de
460 1885 138 67 la
530 1885 230 67 Poésie
691 1885 138 67 et
760 1885 138 67 du
829 1885 300 67 Commerce;
1060 1885 138 67 il
1106 1885 161 67 tient

208 1952 138 76 le
277 1952 184 76 plan
392 1952 138 76 de
461 1952 138 76 la
530 1952 253 76 galerie
714 1952 161 76 des
807 1952 299 76 tableaux,
1014 1952 253 76 composant

207 2012 345 75 l’histoire
478 2012 148 75 de
552 2012 222 75 Marie
700 2012 148 75 de
774 2012 295 75 Médicis,
995 2012 271 75 appelée
1168 2012 98 75 le

210 2087 211 62 Poëme
350 2087 141 62 de
421 2087 258 62 Rubens,
608 2087 211 62 qu’il
749 2087 117 62 a
796 2087 211 62 puisé
937 2087 188 62 dans
1054 2087 141 62 la
1101 2087 164 62 corne

206 2148 379 82 d’abondance
509 2148 278 82 remplie
711 2148 151 82 de
786 2148 177 82 ses
887 2148 328 82 ouvrages,
1115 2148 151 82 con-

210 2220 212 84 fondus
358 2220 169 84 avec
464 2220 148 84 des
548 2220 212 84 fleurs
697 2220 127 84 et
760 2220 148 84 des
845 2220 212 84 fruits
993 2220 148 84 que
1078 2220 148 84 lui
1141 2220 127 84 pré
