2513.3858267716537 4285.03937007874
1053.5433070866143 259.84251968503935 434.6456692913386 201.5748031496063 (68)

565.3543307086615 433.07086614173227 351.18110236220474 135.43307086614172 sente
800.0 433.07086614173227 234.64566929133858 135.43307086614172 la
916.5354330708661 433.07086614173227 546.4566929133858 135.43307086614172 Fécondité.
1346.4566929133857 433.07086614173227 390.5511811023622 135.43307086614172 Auprès
1620.4724409448818 433.07086614173227 234.64566929133858 135.43307086614172 du
1737.007874015748 433.07086614173227 508.66141732283467 135.43307086614172 piédestal
2089.763779527559 433.07086614173227 155.90551181102362 135.43307086614172 on

562.2047244094488 565.3543307086615 481.8897637795276 99.21259842519684 remaïque
924.4094488188977 565.3543307086615 281.8897637795276 99.21259842519684 une
1085.0393700787401 565.3543307086615 321.25984251968504 99.21259842519684 épée
1286.6141732283465 565.3543307086615 240.9448818897638 99.21259842519684 et
1406.2992125984251 565.3543307086615 240.9448818897638 99.21259842519684 un
1527.5590551181103 565.3543307086615 642.5196850393701 99.21259842519684 portefeuille
2009.4488188976377 565.3543307086615 240.9448818897638 99.21259842519684 orné

568.503937007874 688.1889763779527 292.9133858267717 100.78740157480316 d’un
751.1811023622047 688.1889763779527 365.3543307086614 100.78740157480316 rameau
1006.2992125984252 688.1889763779527 511.81102362204723 100.78740157480316 d’olivier,
1407.8740157480315 688.1889763779527 437.79527559055117 100.78740157480316 allusion
1737.007874015748 688.1889763779527 182.6771653543307 100.78740157480316 à
1811.023622047244 688.1889763779527 218.89763779527559 100.78740157480316 la
1919.6850393700788 688.1889763779527 292.9133858267717 100.78740157480316 paix
2066.1417322834645 688.1889763779527 182.6771653543307 100.78740157480316 que

563.7795275590552 779.5275590551181 451.9685039370079 129.13385826771653 Rubens,
891.3385826771654 779.5275590551181 245.66929133858267 129.13385826771653 en
1015.7480314960629 779.5275590551181 451.9685039370079 129.13385826771653 qualité
1343.3070866141732 779.5275590551181 697.6377952755905 129.13385826771653 d’ambassadeur
1918.1102362204724 779.5275590551181 245.66929133858267 129.13385826771653 de
2000.0 779.5275590551181 245.66929133858267 129.13385826771653 Phi-

570.0787401574803 885.0393700787401 314.96062992125985 132.28346456692913 lippe
779.5275590551181 885.0393700787401 244.09448818897638 132.28346456692913 IV,
919.6850393700787 885.0393700787401 244.09448818897638 132.28346456692913 roi
1058.267716535433 885.0393700787401 488.18897637795277 132.28346456692913 d’Espagne,
1442.5196850393702 885.0393700787401 384.251968503937 132.28346456692913 parvint
1721.259842519685 885.0393700787401 174.8031496062992 132.28346456692913 à
1792.1259842519685 885.0393700787401 314.96062992125985 132.28346456692913 faire
1966.9291338582677 885.0393700787401 278.74015748031496 132.28346456692913 signer

570.0787401574803 1006.2992125984252 174.8031496062992 111.81102362204724 à
639.3700787401575 1006.2992125984252 384.251968503937 111.81102362204724 Charles
918.1102362204724 1006.2992125984252 278.74015748031496 111.81102362204724 Ier,
1092.9133858267717 1006.2992125984252 244.09448818897638 111.81102362204724 roi
1233.0708661417323 1006.2992125984252 593.7007874015748 111.81102362204724 d’Angleterre,
1721.259842519685 1006.2992125984252 244.09448818897638 111.81102362204724 qui
1859.8425196850394 1006.2992125984252 348.0314960629921 111.81102362204724 honora
2069.2913385826773 1006.2992125984252 174.8031496062992 111.81102362204724 son

565.3543307086615 1129.1338582677165 390.5511811023622 94.48818897637796 mérite
839.3700787401575 1129.1338582677165 234.64566929133858 94.48818897637796 en
955.9055118110236 1129.1338582677165 274.01574803149606 94.48818897637796 lui
1113.3858267716535 1129.1338582677165 429.9212598425197 94.48818897637796 donnant
1425.1968503937007 1129.1338582677165 274.01574803149606 94.48818897637796 une
1581.1023622047244 1129.1338582677165 311.81102362204723 94.48818897637796 épée
1776.3779527559054 1129.1338582677165 234.64566929133858 94.48818897637796 en
1855.1181102362204 1129.1338582677165 390.5511811023622 94.48818897637796 présence

560.6299212598425 1220.4724409448818 244.09448818897638 119.68503937007874 du
642.5196850393701 1220.4724409448818 488.18897637795277 119.68503937007874 parlement.

648.8188976377953 1321.259842519685 222.04724409448818 105.51181102362204 De
760.6299212598425 1321.259842519685 407.87401574803147 105.51181102362204 l’autre
1056.6929133858268 1321.259842519685 333.8582677165354 105.51181102362204 côté,
1278.740157480315 1321.259842519685 296.06299212598424 105.51181102362204 près
1464.5669291338584 1321.259842519685 222.04724409448818 105.51181102362204 de
1576.3779527559054 1321.259842519685 666.1417322834645 105.51181102362204 l’Immortalité,
2094.488188976378 1321.259842519685 148.03149606299212 105.51181102362204 on

559.0551181102362 1437.7952755905512 313.38582677165357 103.93700787401575 voit
755.9055118110236 1437.7952755905512 234.64566929133858 103.93700787401575 la
872.4409448818898 1437.7952755905512 470.86614173228344 103.93700787401575 Renommée
1225.1968503937007 1437.7952755905512 431.496062992126 103.93700787401575 offrant
1538.5826771653544 1437.7952755905512 195.2755905511811 103.93700787401575 à
1617.3228346456692 1437.7952755905512 392.12598425196853 103.93700787401575 Rubens
1891.3385826771653 1437.7952755905512 234.64566929133858 103.93700787401575 la
1970.0787401574803 1437.7952755905512 274.01574803149606 103.93700787401575 palme

562.2047244094488 1540.1574803149606 259.84251968503935 129.13385826771653 que
711.8110236220473 1540.1574803149606 223.6220472440945 129.13385826771653 la
823.6220472440945 1540.1574803149606 371.65354330708664 129.13385826771653 Gloire
1083.4645669291338 1540.1574803149606 259.84251968503935 129.13385826771653 lui
1233.0708661417323 1540.1574803149606 185.82677165354332 129.13385826771653 a
1307.0866141732283 1540.1574803149606 447.244094488189 129.13385826771653 méritée.
1642.5196850393702 1540.1574803149606 447.244094488189 129.13385826771653 Fatiguée
1977.9527559055118 1540.1574803149606 223.6220472440945 129.13385826771653 de
2051.968503937008 1540.1574803149606 185.82677165354332 129.13385826771653 pu-

560.6299212598425 1655.1181102362204 307.0866141732283 100.78740157480316 blier
765.3543307086615 1655.1181102362204 239.37007874015748 100.78740157480316 par
902.3622047244095 1655.1181102362204 274.01574803149606 100.78740157480316 tout
1074.015748031496 1655.1181102362204 444.09448818897636 100.78740157480316 l’univers
1415.748031496063 1655.1181102362204 204.7244094488189 100.78740157480316 la
1518.1102362204724 1655.1181102362204 444.09448818897636 100.78740157480316 célébrité
1858.267716535433 1655.1181102362204 204.7244094488189 100.78740157480316 de
1927.5590551181103 1655.1181102362204 307.0866141732283 100.78740157480316 Rubens,

560.6299212598425 1771.6535433070867 291.33858267716533 118.11023622047244 elle
741.7322834645669 1771.6535433070867 327.5590551181102 118.11023622047244 remet
960.6299212598425 1771.6535433070867 218.89763779527559 118.11023622047244 sa
1069.291338582677 1771.6535433070867 472.4409448818898 118.11023622047244 trompette
1434.6456692913387 1771.6535433070867 182.6771653543307 118.11023622047244 à
1507.0866141732283 1771.6535433070867 546.4566929133858 118.11023622047244 l’Histoire,
1943.3070866141732 1771.6535433070867 255.11811023622047 118.11023622047244 qui
2051.968503937008 1771.6535433070867 182.6771653543307 118.11023622047244 in-

555.9055118110236 1878.740157480315 351.18110236220474 92.91338582677166 scrit
790.5511811023622 1878.740157480315 234.64566929133858 92.91338582677166 le
907.0866141732283 1878.740157480315 274.01574803149606 92.91338582677166 nom
1062.992125984252 1878.740157480315 234.64566929133858 92.91338582677166 de
1181.1023622047244 1878.740157480315 234.64566929133858 92.91338582677166 ce
1297.6377952755906 1878.740157480315 351.18110236220474 92.91338582677166 grand
1532.283464566929 1878.740157480315 351.18110236220474 92.91338582677166 homme
1766.9291338582677 1878.740157480315 234.64566929133858 92.91338582677166 au
1883.4645669291338 1878.740157480315 311.81102362204723 92.91338582677166 rang
2039.3700787401574 1878.740157480315 195.2755905511811 92.91338582677166 des

554.3307086614174 1982.6771653543308 439.37007874015745 119.68503937007874 peintres
883.4645669291339 1982.6771653543308 256.6929133858268 119.68503937007874 les
1029.9212598425197 1982.6771653543308 292.9133858267717 119.68503937007874 plus
1176.3779527559054 1982.6771653543308 329.13385826771656 119.68503937007874 fameux.

486.61417322834643 2212.5984251968503 596.8503937007874 113.38582677165354 Au-dessus
971.6535433070866 2212.5984251968503 223.6220472440945 113.38582677165354 de
1083.4645669291338 2212.5984251968503 223.6220472440945 113.38582677165354 la
1195.275590551181 2212.5984251968503 335.43307086614175 113.38582677165354 porte
1418.8976377952756 2212.5984251968503 447.244094488189 113.38582677165354 d’entrée
1754.3307086614172 2212.5984251968503 223.6220472440945 113.38582677165354 de
1829.9212598425197 2212.5984251968503 297.6377952755906 113.38582677165354 la

834.6456692913385 2332.283464566929 483.46456692913387 130.70866141732284 Galerie
1215.748031496063 2332.283464566929 346.45669291338584 130.70866141732284 de
1422.0472440944882 2332.283464566929 346.45669291338584 130.70866141732284 LESUEUR.

629.9212598425197 2527.5590551181103 233.0708661417323 121.25984251968504 Le
746.4566929133858 2527.5590551181103 349.6062992125984 121.25984251968504 buste
981.1023622047244 2527.5590551181103 233.0708661417323 121.25984251968504 de
1097.6377952755906 2527.5590551181103 428.34645669291336 121.25984251968504 Lesueur
1407.8740157480315 2527.5590551181103 272.4409448818898 121.25984251968504 est
1563.7795275590552 2527.5590551181103 466.1417322834646 121.25984251968504 couronné
1913.3858267716535 2527.5590551181103 272.4409448818898 121.25984251968504 par
2031.4960629921259 2527.5590551181103 195.2755905511811 121.25984251968504 Mi-

548.0314960629921 2651.968503937008 363.7795275590551 108.66141732283465 nerve:
803.1496062992126 2651.968503937008 218.89763779527559 108.66141732283465 il
911.8110236220473 2651.968503937008 255.11811023622047 108.66141732283465 est
1058.267716535433 2651.968503937008 510.23622047244095 108.66141732283465 accompagné
1458.267716535433 2651.968503937008 218.89763779527559 108.66141732283465 du
1568.5039370078741 2651.968503937008 327.5590551181102 108.66141732283465 Génie
1785.8267716535433 2651.968503937008 218.89763779527559 108.66141732283465 de
1896.0629921259842 2651.968503937008 218.89763779527559 108.66141732283465 la
1968.5039370078741 2651.968503937008 255.11811023622047 108.66141732283465 Pein-

549.6062992125984 2757.48031496063 307.0866141732283 116.53543307086615 ture,
754.3307086614174 2757.48031496063 237.79527559055117 116.53543307086615 qui
891.3385826771654 2757.48031496063 409.4488188976378 116.53543307086615 s’appuie
1196.8503937007874 2757.48031496063 237.79527559055117 116.53543307086615 sur
1333.8582677165355 2757.48031496063 204.7244094488189 116.53543307086615 le
1436.2204724409448 2757.48031496063 477.1653543307087 116.53543307086615 piédestal,
1811.023622047244 2757.48031496063 204.7244094488189 116.53543307086615 et
1911.8110236220473 2757.48031496063 307.0866141732283 116.53543307086615 tient
2083.464566929134 2757.48031496063 137.00787401574803 116.53543307086615 la

546.4566929133858 2897.6377952755906 409.4488188976378 96.06299212598425 palette
844.0944881889764 2897.6377952755906 335.43307086614175 96.06299212598425 d’une
1067.716535433071 2897.6377952755906 335.43307086614175 96.06299212598425 main,
1291.3385826771653 2897.6377952755906 223.6220472440945 96.06299212598425 en
1403.1496062992126 2897.6377952755906 483.46456692913387 96.06299212598425 indiquant
1774.8031496062993 2897.6377952755906 223.6220472440945 96.06299212598425 de
1848.8188976377953 2897.6377952755906 371.65354330708664 96.06299212598425 l’autre,

544.8818897637796 2977.952755905512 291.33858267716533 100.78740157480316 avec
727.5590551181102 2977.952755905512 401.5748031496063 100.78740157480316 regret,
1018.8976377952756 2977.952755905512 255.11811023622047 100.78740157480316 que
1163.7795275590552 2977.952755905512 218.89763779527559 100.78740157480316 ce
1274.015748031496 2977.952755905512 401.5748031496063 100.78740157480316 célèbre
1565.3543307086613 2977.952755905512 401.5748031496063 100.78740157480316 peintre
1856.6929133858268 2977.952755905512 182.6771653543307 100.78740157480316 a
1894.4881889763778 2977.952755905512 327.5590551181102 100.78740157480316 terminé

540.1574803149606 3078.740157480315 206.29921259842519 99.21259842519684 sa
644.0944881889764 3078.740157480315 411.0236220472441 99.21259842519684 carrière
951.1811023622047 3078.740157480315 171.6535433070866 99.21259842519684 à
1020.4724409448819 3078.740157480315 514.9606299212599 99.21259842519684 trente-huit
1431.4960629921259 3078.740157480315 274.01574803149606 99.21259842519684 ans.
1603.1496062992126 3078.740157480315 171.6535433070866 99.21259842519684 A
1672.4409448818897 3078.740157480315 274.01574803149606 99.21259842519684 côté
1844.0944881889764 3078.740157480315 206.29921259842519 99.21259842519684 de
1911.8110236220473 3078.740157480315 308.66141732283467 99.21259842519684 Minerve

537.007874015748 3204.7244094488187 286.61417322834643 97.63779527559055 est
700.7874015748032 3204.7244094488187 245.66929133858267 97.63779527559055 la
823.6220472440945 3204.7244094488187 533.8582677165355 97.63779527559055 Renommée,
1234.6456692913387 3204.7244094488187 286.61417322834643 97.63779527559055 qui
1398.4251968503936 3204.7244094488187 411.0236220472441 97.63779527559055 publie
1685.0393700787401 3204.7244094488187 245.66929133858267 97.63779527559055 la
1809.4488188976377 3204.7244094488187 411.0236220472441 97.63779527559055 gloire
2055.1181102362207 3204.7244094488187 163.7795275590551 97.63779527559055 de

535.4330708661417 3308.6614173228345 448.81889763779526 97.63779527559055 Lesueur.
872.4409448818898 3308.6614173228345 411.0236220472441 97.63779527559055 L’Envie
1171.6535433070867 3308.6614173228345 522.8346456692914 97.63779527559055 terrassée,
1582.6771653543308 3308.6614173228345 187.4015748031496 97.63779527559055 à
1656.6929133858268 3308.6614173228345 261.4173228346457 97.63779527559055 qui
1806.2992125984251 3308.6614173228345 223.6220472440945 97.63779527559055 un
1880.3149606299212 3308.6614173228345 337.00787401574803 97.63779527559055 serpent

538.5826771653543 3418.8976377952754 313.38582677165357 96.06299212598425 ronge
748.0314960629921 3418.8976377952754 209.4488188976378 96.06299212598425 le
851.9685039370079 3418.8976377952754 313.38582677165357 96.06299212598425 sein,
1059.8425196850394 3418.8976377952754 209.4488188976378 96.06299212598425 se
1165.3543307086613 3418.8976377952754 348.0314960629921 96.06299212598425 traîne
1409.4488188976377 3418.8976377952754 174.8031496062992 96.06299212598425 à
1478.740157480315 3418.8976377952754 244.09448818897638 96.06299212598425 ses
1617.3228346456692 3418.8976377952754 348.0314960629921 96.06299212598425 pieds,
1861.4173228346456 3418.8976377952754 244.09448818897638 96.06299212598425 et,
1965.3543307086613 3418.8976377952754 244.09448818897638 96.06299212598425 éten-

535.4330708661417 3518.1102362204724 285.03937007874015 122.83464566929133 dant
714.9606299212599 3518.1102362204724 214.17322834645668 122.83464566929133 la
820.4724409448819 3518.1102362204724 321.25984251968504 122.83464566929133 main,
1034.6456692913387 3518.1102362204724 392.12598425196853 122.83464566929133 s’agite
1319.6850393700788 3518.1102362204724 214.17322834645668 122.83464566929133 et
1426.7716535433071 3518.1102362204724 285.03937007874015 122.83464566929133 fait
1604.724409448819 3518.1102362204724 214.17322834645668 122.83464566929133 de
1711.8110236220473 3518.1102362204724 321.25984251968504 122.83464566929133 vains
1889.763779527559 3518.1102362204724 321.25984251968504 122.83464566929133 efforts
