1596 2721
669 165 276 128 (68)

359 275 223 86 sente
508 275 149 86 la
582 275 347 86 Fécondité.
855 275 248 86 Auprès
1029 275 149 86 du
1103 275 323 86 piédestal
1327 275 99 86 on

357 359 306 63 remaïque
587 359 179 63 une
689 359 204 63 épée
817 359 153 63 et
893 359 153 63 un
970 359 408 63 portefeuille
1276 359 153 63 orné

361 437 186 64 d’un
477 437 232 64 rameau
639 437 325 64 d’olivier,
894 437 278 64 allusion
1103 437 116 64 à
1150 437 139 64 la
1219 437 186 64 paix
1312 437 116 64 que

358 495 287 82 Rubens,
566 495 156 82 en
645 495 287 82 qualité
853 495 443 82 d’ambassadeur
1218 495 156 82 de
1270 495 156 82 Phi-

362 562 200 84 lippe
495 562 155 84 IV,
584 562 155 84 roi
672 562 310 84 d’Espagne,
916 562 244 84 parvint
1093 562 111 84 à
1138 562 200 84 faire
1249 562 177 84 signer

362 639 111 71 à
406 639 244 71 Charles
583 639 177 71 Ier,
694 639 155 71 roi
783 639 377 71 d’Angleterre,
1093 639 155 71 qui
1181 639 221 71 honora
1314 639 111 71 son

359 717 248 60 mérite
533 717 149 60 en
607 717 174 60 lui
707 717 273 60 donnant
905 717 174 60 une
1004 717 198 60 épée
1128 717 149 60 en
1178 717 248 60 présence

356 775 155 76 du
408 775 310 76 parlement.

412 839 141 67 De
483 839 259 67 l’autre
671 839 212 67 côté,
812 839 188 67 près
930 839 141 67 de
1001 839 423 67 l’Immortalité,
1330 839 94 67 on

355 913 199 66 voit
480 913 149 66 la
554 913 299 66 Renommée
778 913 274 66 offrant
977 913 124 66 à
1027 913 249 66 Rubens
1201 913 149 66 la
1251 913 174 66 palme

357 978 165 82 que
452 978 142 82 la
523 978 236 82 Gloire
688 978 165 82 lui
783 978 118 82 a
830 978 284 82 méritée.
1043 978 284 82 Fatiguée
1256 978 142 82 de
1303 978 118 82 pu-

356 1051 195 64 blier
486 1051 152 64 par
573 1051 174 64 tout
682 1051 282 64 l’univers
899 1051 130 64 la
964 1051 282 64 célébrité
1180 1051 130 64 de
1224 1051 195 64 Rubens,

356 1125 185 75 elle
471 1125 208 75 remet
610 1125 139 75 sa
679 1125 300 75 trompette
911 1125 116 75 à
957 1125 347 75 l’Histoire,
1234 1125 162 75 qui
1303 1125 116 75 in-

353 1193 223 59 scrit
502 1193 149 59 le
576 1193 174 59 nom
675 1193 149 59 de
750 1193 149 59 ce
824 1193 223 59 grand
973 1193 223 59 homme
1122 1193 149 59 au
1196 1193 198 59 rang
1295 1193 124 59 des

352 1259 279 76 peintres
561 1259 163 76 les
654 1259 186 76 plus
747 1259 209 76 fameux.

309 1405 379 72 <i>Au-dessus
617 1405 142 72 de
688 1405 142 72 la
759 1405 213 72 porte
901 1405 284 72 d’entrée
1114 1405 142 72 de
1162 1405 189 72 la</i>

530 1481 307 83 <i>Galerie
772 1481 220 83 de</i>
903 1481 220 83 LESUEUR.

400 1605 148 77 Le
474 1605 222 77 buste
623 1605 148 77 de
697 1605 272 77 Lesueur
894 1605 173 77 est
993 1605 296 77 couronné
1215 1605 173 77 par
1290 1605 124 77 Mi-

348 1684 231 69 nerve:
510 1684 139 69 il
579 1684 162 69 est
672 1684 324 69 accompagné
926 1684 139 69 du
996 1684 208 69 Génie
1134 1684 139 69 de
1204 1684 139 69 la
1250 1684 162 69 Pein-

349 1751 195 74 ture,
479 1751 151 74 qui
566 1751 260 74 s’appuie
760 1751 151 74 sur
847 1751 130 74 le
912 1751 303 74 piédestal,
1150 1751 130 74 et
1214 1751 195 74 tient
1323 1751 87 74 la

347 1840 260 61 palette
536 1840 213 61 d’une
678 1840 213 61 main,
820 1840 142 61 en
891 1840 307 61 indiquant
1127 1840 142 61 de
1174 1840 236 61 l’autre,

346 1891 185 64 avec
462 1891 255 64 regret,
647 1891 162 64 que
739 1891 139 64 ce
809 1891 255 64 célèbre
994 1891 255 64 peintre
1179 1891 116 64 a
1203 1891 208 64 terminé

343 1955 131 63 sa
409 1955 261 63 carrière
604 1955 109 63 à
648 1955 327 63 trente-huit
909 1955 174 63 ans.
1018 1955 109 63 A
1062 1955 174 63 côté
1171 1955 131 63 de
1214 1955 196 63 Minerve

341 2035 182 62 est
445 2035 156 62 la
523 2035 339 62 Renommée,
784 2035 182 62 qui
888 2035 261 62 publie
1070 2035 156 62 la
1149 2035 261 62 gloire
1305 2035 104 62 de

340 2101 285 62 Lesueur.
554 2101 261 62 L’Envie
744 2101 332 62 terrassée,
1005 2101 119 62 à
1052 2101 166 62 qui
1147 2101 142 62 un
1194 2101 214 62 serpent

342 2171 199 61 ronge
475 2171 133 61 le
541 2171 199 61 sein,
673 2171 133 61 se
740 2171 221 61 traîne
895 2171 111 61 à
939 2171 155 61 ses
1027 2171 221 61 pieds,
1182 2171 155 61 et,
1248 2171 155 61 éten-

340 2234 181 78 dant
454 2234 136 78 la
521 2234 204 78 main,
657 2234 249 78 s’agite
838 2234 136 78 et
906 2234 181 78 fait
1019 2234 136 78 de
1087 2234 204 78 vains
1200 2234 204 78 efforts
