2451.968503937008 4270.866141732284
933.8582677165355 297.6377952755906 240.9448818897638 165.35433070866142 (
1031.4960629921259 297.6377952755906 289.76377952755905 165.35433070866142 69
1127.5590551181103 297.6377952755906 144.88188976377953 165.35433070866142 )

374.8031496062992 472.4409448818898 303.93700787401576 113.38582677165354 pour
565.3543307086615 472.4409448818898 418.8976377952756 113.38582677165354 arrêter
869.2913385826772 472.4409448818898 228.3464566929134 113.38582677165354 le
982.6771653543307 472.4409448818898 266.1417322834646 113.38582677165354 son
1135.4330708661416 472.4409448818898 228.3464566929134 113.38582677165354 de
1248.8188976377953 472.4409448818898 228.3464566929134 113.38582677165354 la
1362.2047244094488 472.4409448818898 532.2834645669292 113.38582677165354 trompette;
1781.1023622047244 472.4409448818898 228.3464566929134 113.38582677165354 de
1856.6929133858268 472.4409448818898 190.5511811023622 113.38582677165354 ses

379.5275590551181 600.0 348.0314960629921 86.61417322834646 doigts
622.0472440944882 600.0 382.6771653543307 86.61417322834646 crochus
900.7874015748032 600.0 278.74015748031496 86.61417322834646 elle
1074.015748031496 600.0 313.38582677165357 86.61417322834646 tient
1283.4645669291338 600.0 207.8740157480315 86.61417322834646 un
1387.4015748031495 600.0 382.6771653543307 86.61417322834646 tableau
1664.5669291338584 600.0 207.8740157480315 86.61417322834646 du
1733.8582677165355 600.0 313.38582677165357 86.61417322834646 cloître

374.8031496062992 675.5905511811023 250.39370078740157 130.70866141732284 des
518.1102362204724 675.5905511811023 464.56692913385825 130.70866141732284 Chartreux
875.5905511811023 675.5905511811023 393.7007874015748 130.70866141732284 qu’elle
1160.6299212598426 675.5905511811023 321.25984251968504 130.70866141732284 vient
1374.8031496062993 675.5905511811023 214.17322834645668 130.70866141732284 de
1481.8897637795276 675.5905511811023 428.34645669291336 130.70866141732284 dégrader
1768.5039370078741 675.5905511811023 214.17322834645668 130.70866141732284 (1).

455.11811023622045 801.5748031496063 303.93700787401576 99.21259842519684 Près
644.0944881889764 801.5748031496063 226.77165354330708 99.21259842519684 du
759.0551181102362 801.5748031496063 341.73228346456693 99.21259842519684 Génie
985.8267716535433 801.5748031496063 226.77165354330708 99.21259842519684 on
1099.2125984251968 801.5748031496063 455.11811023622045 99.21259842519684 remarque
1440.9448818897638 801.5748031496063 226.77165354330708 99.21259842519684 la
1516.5354330708662 801.5748031496063 530.7086614173228 99.21259842519684 Philosophie,

376.37795275590554 908.6614173228346 253.54330708661416 116.53543307086615 qui
521.2598425196851 908.6614173228346 181.10236220472441 116.53543307086615 a
593.7007874015748 908.6614173228346 653.5433070866142 116.53543307086615 principalement
1138.5826771653544 908.6614173228346 544.8818897637796 116.53543307086615 caractérisé
1574.8031496062993 908.6614173228346 253.54330708661416 116.53543307086615 les
1683.4645669291338 908.6614173228346 363.7795275590551 116.53543307086615 ouvrages

374.8031496062992 1020.4724409448819 217.3228346456693 119.68503937007874 de
483.46456692913387 1020.4724409448819 436.2204724409449 119.68503937007874 Lesueur;
811.0236220472441 1020.4724409448819 327.5590551181102 119.68503937007874 d’une
1028.3464566929133 1020.4724409448819 291.33858267716533 119.68503937007874 main
1209.4488188976377 1020.4724409448819 291.33858267716533 119.68503937007874 elle
1392.1259842519685 1020.4724409448819 327.5590551181102 119.68503937007874 tient
1609.4488188976377 1020.4724409448819 217.3228346456693 119.68503937007874 un
1718.1102362204724 1020.4724409448819 327.5590551181102 119.68503937007874 livre
1900.7874015748032 1020.4724409448819 144.88188976377953 119.68503937007874 où

382.6771653543307 1129.1338582677165 218.89763779527559 91.33858267716535 est
508.66141732283467 1129.1338582677165 313.38582677165357 91.33858267716535 écrit,
727.5590551181102 1129.1338582677165 470.86614173228344 91.33858267716535 causarum
1103.9370078740158 1129.1338582677165 500.78740157480314 91.33858267716535 cognitio
1511.8110236220473 1129.1338582677165 218.89763779527559 91.33858267716535 (la
1604.724409448819 1129.1338582677165 439.37007874015745 91.33858267716535 connoissance

373.2283464566929 1255.1181102362204 266.1417322834646 99.21259842519684 des
524.4094488188977 1255.1181102362204 455.11811023622045 99.21259842519684 causes);
866.1417322834645 1255.1181102362204 228.3464566929134 99.21259842519684 de
979.5275590551181 1255.1181102362204 417.3228346456693 99.21259842519684 l’autre
1283.4645669291338 1255.1181102362204 303.93700787401576 99.21259842519684 elle
1474.015748031496 1255.1181102362204 379.5275590551181 99.21259842519684 montre
1738.5826771653544 1255.1181102362204 266.1417322834646 99.21259842519684 que
1853.5433070866143 1255.1181102362204 188.9763779527559 99.21259842519684 Le-

376.37795275590554 1349.6062992125985 318.1102362204724 107.08661417322834 sueur
587.4015748031496 1349.6062992125985 247.24409448818898 107.08661417322834 est
729.1338582677165 1349.6062992125985 212.5984251968504 107.08661417322834 au
836.2204724409448 1349.6062992125985 354.3307086614173 107.08661417322834 séjour
1083.4645669291338 1349.6062992125985 212.5984251968504 107.08661417322834 de
1190.5511811023623 1349.6062992125985 637.7952755905512 107.08661417322834 l’Immortalité.
1721.259842519685 1349.6062992125985 318.1102362204724 107.08661417322834 Clio,
1897.6377952755906 1349.6062992125985 141.73228346456693 107.08661417322834 la

376.37795275590554 1442.5196850393702 288.18897637795277 135.43307086614172 muse
557.4803149606299 1442.5196850393702 217.3228346456693 135.43307086614172 de
666.1417322834645 1442.5196850393702 541.7322834645669 135.43307086614172 l’histoire,
1099.2125984251968 1442.5196850393702 324.40944881889766 135.43307086614172 écrit
1314.9606299212599 1442.5196850393702 253.54330708661416 135.43307086614172 sur
1459.8425196850394 1442.5196850393702 253.54330708661416 135.43307086614172 une
1604.724409448819 1442.5196850393702 433.07086614173227 135.43307086614172 tablette
1892.9133858267717 1442.5196850393702 144.88188976377953 135.43307086614172 la

374.8031496062992 1562.2047244094488 311.81102362204723 124.40944881889764 scène
582.6771653543307 1562.2047244094488 277.1653543307087 124.40944881889764 dont
755.9055118110236 1562.2047244094488 277.1653543307087 124.40944881889764 elle
929.1338582677165 1562.2047244094488 242.51968503937007 124.40944881889764 est
1067.716535433071 1562.2047244094488 381.1023622047244 124.40944881889764 témoin,
1344.8818897637796 1562.2047244094488 277.1653543307087 124.40944881889764 avec
1518.1102362204724 1562.2047244094488 311.81102362204723 124.40944881889764 cette
1691.3385826771653 1562.2047244094488 346.45669291338584 124.40944881889764 inscrip-

387.40157480314963 1669.291338582677 251.96850393700788 88.18897637795276 tion:
555.9055118110236 1669.291338582677 223.6220472440945 88.18897637795276 A
694.488188976378 1669.291338582677 166.9291338582677 88.18897637795276 la
779.5275590551181 1669.291338582677 307.0866141732283 88.18897637795276 mémoire
1003.1496062992126 1669.291338582677 278.74015748031496 88.18897637795276 de
1198.4251968503936 1669.291338582677 335.43307086614175 88.18897637795276 LESUEUR,
1448.8188976377953 1669.291338582677 390.5511811023622 88.18897637795276 peintre
1729.1338582677165 1669.291338582677 307.0866141732283 88.18897637795276 fran

385.8267716535433 1773.2283464566929 193.70078740157481 118.11023622047244 çois

280.31496062992125 2187.4015748031497 240.9448818897638 118.11023622047244 (1)
418.8976377952756 2187.4015748031497 240.9448818897638 118.11023622047244 Cet
555.9055118110236 2187.4015748031497 379.5275590551181 118.11023622047244 épisode
831.496062992126 2187.4015748031497 414.1732283464567 118.11023622047244 rappelle
1141.732283464567 2187.4015748031497 240.9448818897638 118.11023622047244 que
1280.3149606299212 2187.4015748031497 240.9448818897638 118.11023622047244 des
1417.3228346456692 2187.4015748031497 379.5275590551181 118.11023622047244 hommes,
1692.9133858267717 2187.4015748031497 344.88188976377955 118.11023622047244 jaloux
1899.2125984251968 2187.4015748031497 138.58267716535434 118.11023622047244 de

207.8740157480315 2305.511811023622 371.65354330708664 99.21259842519684 Lesueur,
486.61417322834643 2305.511811023622 401.5748031496063 99.21259842519684 tentèrent
795.2755905511812 2305.511811023622 278.74015748031496 99.21259842519684 après
981.1023622047244 2305.511811023622 185.82677165354332 99.21259842519684 sa
1074.015748031496 2305.511811023622 247.24409448818898 99.21259842519684 mort
1228.3464566929133 2305.511811023622 464.56692913385825 99.21259842519684 d’affoiblir
1600.0 2305.511811023622 185.82677165354332 99.21259842519684 sa
1661.4173228346456 2305.511811023622 371.65354330708664 99.21259842519684 réputation

207.8740157480315 2395.2755905511813 192.1259842519685 105.51181102362204 en
303.93700787401576 2395.2755905511813 450.3937007874016 105.51181102362204 défigurant
656.6929133858267 2395.2755905511813 225.1968503937008 105.51181102362204 ses
754.3307086614174 2395.2755905511813 514.9606299212599 105.51181102362204 chefs
