1545 2706
550 149 187 104 (
587 149 187 104 71)

264 282 721 120 SCULPTURES.

91 582 279 76 CHAUDET
294 582 508 76 (Denis-Antoine),
726 582 254 76 membre
903 582 152 76 de
954 582 305 76 l’Institut

143 663 142 67 et
214 663 142 67 de
285 663 142 67 la
356 663 497 67 Légion-d’Honneur,
783 663 142 67 né
854 663 118 67 à
901 663 213 67 Paris
1043 663 142 67 en
1090 663 166 67 1763,

143 724 131 87 où
209 724 131 87 il
274 724 153 87 est
361 724 175 87 mort
470 724 131 87 le
536 724 131 87 19
601 724 196 87 avril
732 724 131 87 en
798 724 196 87 1810,
929 724 153 87 âgé
1016 724 131 87 de
1081 724 131 87 47
1125 724 131 87 ans.

85 859 221 94 73.
212 859 316 94 Groupe
433 859 190 94 en
528 859 316 94 marbre
750 859 506 94 représentant
1129 859 127 94 le

147 931 300 89 berger
357 931 330 89 Phorbas
597 931 210 89 qui
717 931 360 89 rappelle
987 931 150 89 à
1047 931 180 89 la
1107 931 150 89 vie

148 1020 306 94 OEdipe
332 1020 275 94 enfant.

246 1160 152 75 Un
322 1160 253 75 oracle
499 1160 228 75 avoit
650 1160 278 75 déclaré
852 1160 126 75 à
903 1160 253 75 Laïus,
1080 1160 177 75 roi
1156 1160 101 75 de

197 1232 253 71 Thèbes,
381 1232 207 71 qu’il
519 1232 230 71 seroit
680 1232 161 71 tué
773 1232 161 71 par
865 1232 161 71 son
957 1232 230 71 propre
1095 1232 161 71 fils.

192 1282 193 81 Pour
313 1282 241 81 éviter
482 1282 507 81 l’accomplissement
916 1282 145 81 de
988 1282 217 81 cette
1109 1282 145 81 pré-

196 1364 295 68 diction,
418 1364 172 68 dès
516 1364 172 68 que
615 1364 148 68 la
689 1364 222 68 Reine
836 1364 172 68 fut
935 1364 320 68 accouchée
1157 1364 98 68 il

198 1429 265 63 chargea
390 1429 144 63 un
463 1429 144 63 de
535 1429 168 63 ses
631 1429 313 63 officiers
872 1429 144 63 de
944 1429 217 63 faire
1064 1429 193 63 mourir

196 1507 161 62 cet
288 1507 253 62 enfant:
472 1507 184 62 mais
588 1507 161 62 cet
680 1507 300 62 officier,
910 1507 230 62 touché
1072 1507 138 62 de
1118 1507 138 62 com-

200 1572 247 85 passion
379 1572 135 85 et
447 1572 247 85 voulant
627 1572 135 85 le
694 1572 315 85 soustraire
941 1572 112 85 à
986 1572 135 85 la
1054 1572 202 85 mort,
1166 1572 90 85 le

197 1645 203 73 porta
333 1645 158 73 sur
423 1645 135 73 le
491 1645 180 73 mont
603 1645 293 73 Cythéron,
829 1645 135 73 où
896 1645 135 73 il
964 1645 135 73 le
1009 1645 248 73 suspendit

197 1715 176 77 par
297 1715 176 77 les
398 1715 226 77 pieds
549 1715 126 77 à
599 1715 151 77 un
675 1715 251 77 arbre.
851 1715 151 77 Un
926 1715 251 77 berger
1077 1715 176 77 nommé

196 1790 310 59 Phorbas,
429 1790 232 59 ayant
584 1790 258 59 trouvé
764 1790 181 59 cet
868 1790 284 59 enfant,
1074 1790 155 59 en
1126 1790 129 59 eut

198 1851 197 73 pitié
330 1851 131 73 et
395 1851 131 73 le
439 1851 219 73 détacha.

253 1954 140 68 Le
323 1954 233 68 moment
486 1954 163 68 que
579 1954 303 68 l’artiste
812 1954 116 68 a
858 1954 233 68 choisi
1021 1954 163 68 est
1091 1954 163 68 celui

201 2022 135 90 où
268 2022 135 90 il
335 2022 247 90 suppose
515 2022 157 90 que
605 2022 135 90 le
672 2022 247 90 berger,
852 2022 202 90 après
987 2022 247 90 l’avoir
1144 2022 112 90 dé-

200 2106 200 77 taché
333 2106 134 77 de
400 2106 267 77 l’arbre,
600 2106 312 77 s’empresse
845 2106 134 77 de
912 2106 134 77 le
956 2106 245 77 secourir.

253 2180 137 78 Il
322 2180 160 78 est
413 2180 319 78 représenté
663 2180 251 78 debout,
846 2180 251 78 couvert
1028 2180 137 78 en
1074 2180 182 78 partie
