2433.0708661417325 4261.417322834645
866.1417322834645 234.64566929133858 294.48818897637796 163.7795275590551 (
924.4094488188977 234.64566929133858 294.48818897637796 163.7795275590551 71)

415.748031496063 444.09448818897636 1135.4330708661416 188.9763779527559 SCULPTURES.

143.30708661417322 916.5354330708661 439.37007874015745 119.68503937007874 CHAUDET
462.99212598425197 916.5354330708661 800.0 119.68503937007874 (Denis-Antoine),
1143.3070866141732 916.5354330708661 400.0 119.68503937007874 membre
1422.0472440944882 916.5354330708661 239.37007874015748 119.68503937007874 de
1502.3622047244094 916.5354330708661 480.31496062992125 119.68503937007874 l’Institut

225.1968503937008 1044.0944881889764 223.6220472440945 105.51181102362204 et
337.00787401574803 1044.0944881889764 223.6220472440945 105.51181102362204 de
448.81889763779526 1044.0944881889764 223.6220472440945 105.51181102362204 la
560.6299212598425 1044.0944881889764 782.6771653543307 105.51181102362204 Légion-d’Honneur,
1233.0708661417323 1044.0944881889764 223.6220472440945 105.51181102362204 né
1344.8818897637796 1044.0944881889764 185.82677165354332 105.51181102362204 à
1418.8976377952756 1044.0944881889764 335.43307086614175 105.51181102362204 Paris
1642.5196850393702 1044.0944881889764 223.6220472440945 105.51181102362204 en
1716.5354330708662 1044.0944881889764 261.4173228346457 105.51181102362204 1763,

225.1968503937008 1140.1574803149606 206.29921259842519 137.00787401574803 où
329.13385826771656 1140.1574803149606 206.29921259842519 137.00787401574803 il
431.496062992126 1140.1574803149606 240.9448818897638 137.00787401574803 est
568.503937007874 1140.1574803149606 275.59055118110234 137.00787401574803 mort
740.1574803149606 1140.1574803149606 206.29921259842519 137.00787401574803 le
844.0944881889764 1140.1574803149606 206.29921259842519 137.00787401574803 19
946.4566929133858 1140.1574803149606 308.66141732283467 137.00787401574803 avril
1152.755905511811 1140.1574803149606 206.29921259842519 137.00787401574803 en
1256.6929133858268 1140.1574803149606 308.66141732283467 137.00787401574803 1810,
1462.992125984252 1140.1574803149606 240.9448818897638 137.00787401574803 âgé
1600.0 1140.1574803149606 206.29921259842519 137.00787401574803 de
1702.3622047244094 1140.1574803149606 206.29921259842519 137.00787401574803 47
1771.6535433070867 1140.1574803149606 206.29921259842519 137.00787401574803 ans.

133.85826771653544 1352.755905511811 348.0314960629921 148.03149606299212 73.
333.8582677165354 1352.755905511811 497.6377952755906 148.03149606299212 Groupe
681.8897637795276 1352.755905511811 299.21259842519686 148.03149606299212 en
831.496062992126 1352.755905511811 497.6377952755906 148.03149606299212 marbre
1181.1023622047244 1352.755905511811 796.8503937007874 148.03149606299212 représentant
1777.9527559055118 1352.755905511811 200.0 148.03149606299212 le

231.49606299212599 1466.1417322834645 472.4409448818898 140.15748031496062 berger
562.2047244094488 1466.1417322834645 519.6850393700787 140.15748031496062 Phorbas
940.1574803149606 1466.1417322834645 330.70866141732284 140.15748031496062 qui
1129.1338582677165 1466.1417322834645 566.9291338582677 140.15748031496062 rappelle
1554.3307086614172 1466.1417322834645 236.2204724409449 140.15748031496062 à
1648.8188976377953 1466.1417322834645 283.46456692913387 140.15748031496062 la
1743.3070866141732 1466.1417322834645 236.2204724409449 140.15748031496062 vie

233.0708661417323 1606.2992125984251 481.8897637795276 148.03149606299212 OEdipe
522.8346456692914 1606.2992125984251 433.07086614173227 148.03149606299212 enfant.

387.40157480314963 1826.7716535433071 239.37007874015748 118.11023622047244 Un
507.0866141732283 1826.7716535433071 398.4251968503937 118.11023622047244 oracle
785.8267716535433 1826.7716535433071 359.0551181102362 118.11023622047244 avoit
1023.6220472440945 1826.7716535433071 437.79527559055117 118.11023622047244 déclaré
1341.732283464567 1826.7716535433071 198.4251968503937 118.11023622047244 à
1422.0472440944882 1826.7716535433071 398.4251968503937 118.11023622047244 Laïus,
1700.7874015748032 1826.7716535433071 278.74015748031496 118.11023622047244 roi
1820.4724409448818 1826.7716535433071 159.0551181102362 118.11023622047244 de

310.23622047244095 1940.1574803149606 398.4251968503937 111.81102362204724 Thèbes,
600.0 1940.1574803149606 325.98425196850394 111.81102362204724 qu’il
817.3228346456693 1940.1574803149606 362.20472440944883 111.81102362204724 seroit
1070.8661417322835 1940.1574803149606 253.54330708661416 111.81102362204724 tué
1217.3228346456692 1940.1574803149606 253.54330708661416 111.81102362204724 par
1362.2047244094488 1940.1574803149606 253.54330708661416 111.81102362204724 son
1507.0866141732283 1940.1574803149606 362.20472440944883 111.81102362204724 propre
1724.4094488188975 1940.1574803149606 253.54330708661416 111.81102362204724 fils.

302.3622047244094 2018.8976377952756 303.93700787401576 127.55905511811024 Pour
492.9133858267717 2018.8976377952756 379.5275590551181 127.55905511811024 éviter
759.0551181102362 2018.8976377952756 798.4251968503937 127.55905511811024 l’accomplissement
1442.5196850393702 2018.8976377952756 228.3464566929134 127.55905511811024 de
1555.9055118110236 2018.8976377952756 341.73228346456693 127.55905511811024 cette
1746.4566929133857 2018.8976377952756 228.3464566929134 127.55905511811024 pré-

308.66141732283467 2148.031496062992 464.56692913385825 107.08661417322834 diction,
658.2677165354331 2148.031496062992 270.86614173228344 107.08661417322834 dès
812.5984251968504 2148.031496062992 270.86614173228344 107.08661417322834 que
968.503937007874 2148.031496062992 233.0708661417323 107.08661417322834 la
1085.0393700787401 2148.031496062992 349.6062992125984 107.08661417322834 Reine
1316.5354330708662 2148.031496062992 270.86614173228344 107.08661417322834 fut
1472.4409448818897 2148.031496062992 503.93700787401576 107.08661417322834 accouchée
1822.0472440944882 2148.031496062992 154.33070866141733 107.08661417322834 il

311.81102362204723 2250.3937007874015 417.3228346456693 99.21259842519684 chargea
614.1732283464567 2250.3937007874015 226.77165354330708 99.21259842519684 un
729.1338582677165 2250.3937007874015 226.77165354330708 99.21259842519684 de
842.5196850393701 2250.3937007874015 264.56692913385825 99.21259842519684 ses
993.7007874015748 2250.3937007874015 492.9133858267717 99.21259842519684 officiers
1373.2283464566929 2250.3937007874015 226.77165354330708 99.21259842519684 de
1486.6141732283465 2250.3937007874015 341.73228346456693 99.21259842519684 faire
1675.5905511811025 2250.3937007874015 303.93700787401576 99.21259842519684 mourir

308.66141732283467 2373.228346456693 253.54330708661416 97.63779527559055 cet
453.54330708661416 2373.228346456693 398.4251968503937 97.63779527559055 enfant:
743.3070866141733 2373.228346456693 289.76377952755905 97.63779527559055 mais
925.9842519685039 2373.228346456693 253.54330708661416 97.63779527559055 cet
1070.8661417322835 2373.228346456693 472.4409448818898 97.63779527559055 officier,
1433.0708661417323 2373.228346456693 362.20472440944883 97.63779527559055 touché
1688.1889763779527 2373.228346456693 217.3228346456693 97.63779527559055 de
1760.6299212598426 2373.228346456693 217.3228346456693 97.63779527559055 com-

314.96062992125985 2475.5905511811025 388.9763779527559 133.85826771653544 passion
596.8503937007874 2475.5905511811025 212.5984251968504 133.85826771653544 et
703.9370078740158 2475.5905511811025 388.9763779527559 133.85826771653544 voulant
987.4015748031496 2475.5905511811025 212.5984251968504 133.85826771653544 le
1092.9133858267717 2475.5905511811025 496.06299212598424 133.85826771653544 soustraire
1481.8897637795276 2475.5905511811025 176.3779527559055 133.85826771653544 à
1552.755905511811 2475.5905511811025 212.5984251968504 133.85826771653544 la
1659.8425196850394 2475.5905511811025 318.1102362204724 133.85826771653544 mort,
1836.2204724409448 2475.5905511811025 141.73228346456693 133.85826771653544 le

310.23622047244095 2590.551181102362 319.68503937007875 114.96062992125984 porta
524.4094488188977 2590.551181102362 248.8188976377953 114.96062992125984 sur
666.1417322834645 2590.551181102362 212.5984251968504 114.96062992125984 le
773.2283464566929 2590.551181102362 283.46456692913387 114.96062992125984 mont
949.6062992125984 2590.551181102362 461.4173228346457 114.96062992125984 Cythéron,
1305.5118110236222 2590.551181102362 212.5984251968504 114.96062992125984 où
1411.023622047244 2590.551181102362 212.5984251968504 114.96062992125984 il
1518.1102362204724 2590.551181102362 212.5984251968504 114.96062992125984 le
1588.976377952756 2590.551181102362 390.5511811023622 114.96062992125984 suspendit

310.23622047244095 2700.787401574803 277.1653543307087 121.25984251968504 par
467.7165354330709 2700.787401574803 277.1653543307087 121.25984251968504 les
626.7716535433071 2700.787401574803 355.90551181102364 121.25984251968504 pieds
864.5669291338583 2700.787401574803 198.4251968503937 121.25984251968504 à
943.3070866141733 2700.787401574803 237.79527559055117 121.25984251968504 un
1062.992125984252 2700.787401574803 395.2755905511811 121.25984251968504 arbre.
1340.1574803149606 2700.787401574803 237.79527559055117 121.25984251968504 Un
1458.267716535433 2700.787401574803 395.2755905511811 121.25984251968504 berger
1696.0629921259842 2700.787401574803 277.1653543307087 121.25984251968504 nommé

308.66141732283467 2818.8976377952754 488.18897637795277 92.91338582677166 Phorbas,
675.5905511811023 2818.8976377952754 365.3543307086614 92.91338582677166 ayant
919.6850393700787 2818.8976377952754 406.2992125984252 92.91338582677166 trouvé
1203.1496062992126 2818.8976377952754 285.03937007874015 92.91338582677166 cet
1366.9291338582677 2818.8976377952754 447.244094488189 92.91338582677166 enfant,
1691.3385826771653 2818.8976377952754 244.09448818897638 92.91338582677166 en
1773.2283464566929 2818.8976377952754 203.1496062992126 92.91338582677166 eut

311.81102362204723 2914.9606299212596 310.23622047244095 114.96062992125984 pitié
519.6850393700787 2914.9606299212596 206.29921259842519 114.96062992125984 et
622.0472440944882 2914.9606299212596 206.29921259842519 114.96062992125984 le
691.3385826771654 2914.9606299212596 344.88188976377955 114.96062992125984 détacha.

398.4251968503937 3077.165354330709 220.4724409448819 107.08661417322834 Le
508.66141732283467 3077.165354330709 366.92913385826773 107.08661417322834 moment
765.3543307086615 3077.165354330709 256.6929133858268 107.08661417322834 que
911.8110236220473 3077.165354330709 477.1653543307087 107.08661417322834 l’artiste
1278.740157480315 3077.165354330709 182.6771653543307 107.08661417322834 a
1351.1811023622047 3077.165354330709 366.92913385826773 107.08661417322834 choisi
1607.8740157480315 3077.165354330709 256.6929133858268 107.08661417322834 est
1718.1102362204724 3077.165354330709 256.6929133858268 107.08661417322834 celui

316.53543307086613 3184.251968503937 212.5984251968504 141.73228346456693 où
422.0472440944882 3184.251968503937 212.5984251968504 141.73228346456693 il
527.5590551181102 3184.251968503937 388.9763779527559 141.73228346456693 suppose
811.0236220472441 3184.251968503937 247.24409448818898 141.73228346456693 que
952.7559055118111 3184.251968503937 212.5984251968504 141.73228346456693 le
1058.267716535433 3184.251968503937 388.9763779527559 141.73228346456693 berger,
1341.732283464567 3184.251968503937 318.1102362204724 141.73228346456693 après
1554.3307086614172 3184.251968503937 388.9763779527559 141.73228346456693 l’avoir
1801.5748031496064 3184.251968503937 176.3779527559055 141.73228346456693 dé-

314.96062992125985 3316.535433070866 314.96062992125985 121.25984251968504 taché
524.4094488188977 3316.535433070866 211.0236220472441 121.25984251968504 de
629.9212598425197 3316.535433070866 420.4724409448819 121.25984251968504 l’arbre,
944.8818897637796 3316.535433070866 491.33858267716533 121.25984251968504 s’empresse
1330.708661417323 3316.535433070866 211.0236220472441 121.25984251968504 de
1436.2204724409448 3316.535433070866 211.0236220472441 121.25984251968504 le
1505.5118110236222 3316.535433070866 385.8267716535433 121.25984251968504 secourir.

398.4251968503937 3433.0708661417325 215.748031496063 122.83464566929133 Il
507.0866141732283 3433.0708661417325 251.96850393700788 122.83464566929133 est
650.3937007874016 3433.0708661417325 502.3622047244094 122.83464566929133 représenté
1044.0944881889764 3433.0708661417325 395.2755905511811 122.83464566929133 debout,
1332.283464566929 3433.0708661417325 395.2755905511811 122.83464566929133 couvert
1618.8976377952756 3433.0708661417325 215.748031496063 122.83464566929133 en
1691.3385826771653 3433.0708661417325 286.61417322834643 122.83464566929133 partie
