2532.283464566929 4275.5905511811025
1192.1259842519685 228.3464566929134 248.8188976377953 163.7795275590551 (
1292.9133858267717 228.3464566929134 299.21259842519686 163.7795275590551 72
1392.1259842519685 228.3464566929134 149.60629921259843 163.7795275590551 )

609.4488188976378 379.5275590551181 300.78740157480314 122.83464566929133 d’un
796.8503937007874 379.5275590551181 412.59842519685037 122.83464566929133 manteau
1097.6377952755906 379.5275590551181 225.1968503937008 122.83464566929133 et
1209.4488188976377 379.5275590551181 374.8031496062992 122.83464566929133 coiffé
1472.4409448818897 379.5275590551181 300.78740157480314 122.83464566929133 d’un
1659.8425196850394 379.5275590551181 450.3937007874016 122.83464566929133 chapeau;
1996.8503937007874 379.5275590551181 225.1968503937008 122.83464566929133 il
2072.4409448818897 379.5275590551181 225.1968503937008 122.83464566929133 sou-

612.5984251968504 502.3622047244094 337.00787401574803 116.53543307086615 tient
837.7952755905512 502.3622047244094 261.4173228346457 116.53543307086615 sur
987.4015748031496 502.3622047244094 261.4173228346457 116.53543307086615 son
1137.007874015748 502.3622047244094 299.21259842519686 116.53543307086615 bras
1324.4094488188975 502.3622047244094 225.1968503937008 116.53543307086615 et
1436.2204724409448 502.3622047244094 261.4173228346457 116.53543307086615 sur
1585.8267716535433 502.3622047244094 261.4173228346457 116.53543307086615 son
1735.4330708661416 502.3622047244094 337.00787401574803 116.53543307086615 genou
1922.8346456692914 502.3622047244094 374.8031496062992 116.53543307086615 l’enfant

609.4488188976378 612.5984251968504 187.4015748031496 107.08661417322834 à
685.0393700787401 612.5984251968504 299.21259842519686 107.08661417322834 demi
872.4409448818898 612.5984251968504 337.00787401574803 107.08661417322834 mort,
1096.0629921259842 612.5984251968504 225.1968503937008 107.08661417322834 et
1209.4488188976377 612.5984251968504 374.8031496062992 107.08661417322834 éssaie
1470.8661417322835 612.5984251968504 187.4015748031496 107.08661417322834 à
1546.4566929133857 612.5984251968504 412.59842519685037 107.08661417322834 ranimer
1845.6692913385828 612.5984251968504 261.4173228346457 107.08661417322834 ses
1957.4803149606298 612.5984251968504 337.00787401574803 107.08661417322834 forces,

607.8740157480315 725.9842519685039 229.92125984251967 86.61417322834646 en
722.8346456692914 725.9842519685039 267.7165354330709 86.61417322834646 lui
875.5905511811023 725.9842519685039 422.0472440944882 86.61417322834646 donnant
1182.6771653543308 725.9842519685039 192.1259842519685 86.61417322834646 à
1258.267716535433 725.9842519685039 344.88188976377955 86.61417322834646 boire
1488.1889763779527 725.9842519685039 307.0866141732283 86.61417322834646 dans
1680.3149606299212 725.9842519685039 267.7165354330709 86.61417322834646 une
1833.0708661417323 725.9842519685039 344.88188976377955 86.61417322834646 coupe
2025.1968503937007 725.9842519685039 267.7165354330709 86.61417322834646 gros-

604.7244094488188 859.8425196850394 422.0472440944882 92.91338582677166 sière;
900.7874015748032 859.8425196850394 253.54330708661416 92.91338582677166 en
1026.7716535433071 859.8425196850394 337.00787401574803 92.91338582677166 même
1237.7952755905512 859.8425196850394 379.5275590551181 92.91338582677166 temps
1491.3385826771653 859.8425196850394 253.54330708661416 92.91338582677166 le
1617.3228346456692 859.8425196850394 379.5275590551181 92.91338582677166 chien
1870.8661417322835 859.8425196850394 253.54330708661416 92.91338582677166 du
1955.9055118110236 859.8425196850394 337.00787401574803 92.91338582677166 berger

609.4488188976378 924.4094488188977 329.13385826771656 140.15748031496062 lèche
828.3464566929134 924.4094488188977 256.6929133858268 140.15748031496062 les
974.8031496062993 924.4094488188977 329.13385826771656 140.15748031496062 pieds
1193.7007874015749 924.4094488188977 218.89763779527559 140.15748031496062 de
1303.9370078740158 924.4094488188977 475.59055118110234 140.15748031496062 l’enfant.
1669.291338582677 924.4094488188977 329.13385826771656 140.15748031496062 Cette
1889.763779527559 924.4094488188977 292.9133858267717 140.15748031496062 idée
2034.6456692913387 924.4094488188977 256.6929133858268 140.15748031496062 ingé-

611.0236220472441 1056.6929133858268 357.4803149606299 94.48818897637796 nieuse
861.4173228346457 1056.6929133858268 214.17322834645668 94.48818897637796 de
968.503937007874 1056.6929133858268 500.78740157480314 94.48818897637796 l’artiste,
1362.2047244094488 1056.6929133858268 250.39370078740157 94.48818897637796 qui
1505.5118110236222 1056.6929133858268 321.25984251968504 94.48818897637796 donne
1719.6850393700788 1056.6929133858268 214.17322834645668 94.48818897637796 de
1826.7716535433071 1056.6929133858268 464.56692913385825 94.48818897637796 l’intérêt
2148.031496062992 1056.6929133858268 143.30708661417322 94.48818897637796 au

598.4251968503937 1162.2047244094488 423.62204724409446 138.58267716535434 sujet,
894.488188976378 1162.2047244094488 338.5826771653543 138.58267716535434 aide
1107.0866141732283 1162.2047244094488 253.54330708661416 138.58267716535434 en
1233.0708661417323 1162.2047244094488 338.5826771653543 138.58267716535434 même
1445.6692913385828 1162.2047244094488 381.1023622047244 138.58267716535434 temps
1699.2125984251968 1162.2047244094488 211.0236220472441 138.58267716535434 à
1784.251968503937 1162.2047244094488 507.0866141732283 138.58267716535434 soutenir
2122.834645669291 1162.2047244094488 168.50393700787401 138.58267716535434 ce

604.7244094488188 1270.8661417322835 401.5748031496063 121.25984251968504 groupe
885.0393700787401 1270.8661417322835 640.9448818897638 121.25984251968504 heureusement
1406.2992125984251 1270.8661417322835 481.8897637795276 121.25984251968504 composé.
1766.9291338582677 1270.8661417322835 280.31496062992125 121.25984251968504 Cet
1886.6141732283465 1270.8661417322835 401.5748031496063 121.25984251968504 ouvrage,

611.0236220472441 1404.724409448819 261.4173228346457 96.06299212598425 une
760.6299212598425 1404.724409448819 261.4173228346457 96.06299212598425 des
910.2362204724409 1404.724409448819 299.21259842519686 96.06299212598425 plus
1096.0629921259842 1404.724409448819 373.2283464566929 96.06299212598425 belles
1357.4803149606298 1404.724409448819 560.6299212598425 96.06299212598425 productions
1806.2992125984251 1404.724409448819 223.6220472440945 96.06299212598425 de
1918.1102362204724 1404.724409448819 223.6220472440945 96.06299212598425 la
1992.1259842519685 1404.724409448819 299.21259842519686 96.06299212598425 sculp-

607.8740157480315 1502.3622047244094 321.25984251968504 108.66141732283465 ture
807.8740157480315 1502.3622047244094 481.8897637795276 108.66141732283465 moderne,
1168.5039370078741 1502.3622047244094 280.31496062992125 108.66141732283465 est
1329.1338582677165 1502.3622047244094 240.9448818897638 108.66141732283465 un
1448.8188976377953 1502.3622047244094 321.25984251968504 108.66141732283465 prix
1609.4488188976377 1502.3622047244094 681.8897637795276 108.66141732283465 d’encouragement

606.2992125984252 1598.4251968503936 261.4173228346457 124.40944881889764 qui
755.9055118110236 1598.4251968503936 187.4015748031496 124.40944881889764 a
831.496062992126 1598.4251968503936 223.6220472440945 124.40944881889764 eu
943.3070866141733 1598.4251968503936 223.6220472440945 124.40944881889764 le
1055.1181102362204 1598.4251968503936 299.21259842519686 124.40944881889764 plus
1242.5196850393702 1598.4251968503936 337.00787401574803 124.40944881889764 grand
1466.1417322834645 1598.4251968503936 373.2283464566929 124.40944881889764 succès
1727.5590551181103 1598.4251968503936 187.4015748031496 124.40944881889764 à
1765.3543307086613 1598.4251968503936 522.8346456692914 124.40944881889764 l’exposition

600.0 1707.0866141732283 505.51181102362204 124.40944881889764 publique
979.5275590551181 1707.0866141732283 253.54330708661416 124.40944881889764 du
1105.5118110236222 1707.0866141732283 422.0472440944882 124.40944881889764 Salon.
1401.5748031496064 1707.0866141732283 253.54330708661416 124.40944881889764 La
1527.5590551181103 1707.0866141732283 337.00787401574803 124.40944881889764 mort
1738.5826771653544 1707.0866141732283 379.5275590551181 124.40944881889764 ayant
1949.6062992125985 1707.0866141732283 337.00787401574803 124.40944881889764 enlevé

604.7244094488188 1820.4724409448818 313.38582677165357 116.53543307086615 trop
800.0 1820.4724409448818 274.01574803149606 116.53543307086615 tôt
957.4803149606299 1820.4724409448818 234.64566929133858 116.53543307086615 M.
1074.015748031496 1820.4724409448818 429.9212598425197 116.53543307086615 Chaudet
1387.4015748031495 1820.4724409448818 274.01574803149606 116.53543307086615 aux
1543.3070866141732 1820.4724409448818 352.755905511811 116.53543307086615 beaux
1777.9527559055118 1820.4724409448818 352.755905511811 116.53543307086615 arts,
2012.5984251968505 1820.4724409448818 234.64566929133858 116.53543307086615 ce
2091.3385826771655 1820.4724409448818 195.2755905511811 116.53543307086615 cé-

609.4488188976378 1916.5354330708662 302.3622047244094 122.83464566929133 lebre
811.0236220472441 1916.5354330708662 436.2204724409449 122.83464566929133 statuaire
1146.4566929133857 1916.5354330708662 234.64566929133858 122.83464566929133 n’a
1280.3149606299212 1916.5354330708662 201.5748031496063 122.83464566929133 pu
1381.1023622047244 1916.5354330708662 201.5748031496063 122.83464566929133 en
1481.8897637795276 1916.5354330708662 335.43307086614175 122.83464566929133 suivre
1716.5354330708662 1916.5354330708662 537.007874015748 122.83464566929133 l’exécution;
2118.1102362204724 1916.5354330708662 168.50393700787401 122.83464566929133 (1)

606.2992125984252 2040.9448818897638 218.89763779527559 116.53543307086615 le
714.9606299212599 2040.9448818897638 365.3543307086614 116.53543307086615 modèle
970.0787401574803 2040.9448818897638 182.6771653543307 116.53543307086615 a
1044.0944881889764 2040.9448818897638 255.11811023622047 116.53543307086615 été
1188.976377952756 2040.9448818897638 437.79527559055117 116.53543307086615 conservé
1518.1102362204724 2040.9448818897638 255.11811023622047 116.53543307086615 par
1662.992125984252 2040.9448818897638 365.3543307086614 116.53543307086615 madame
1918.1102362204724 2040.9448818897638 218.89763779527559 116.53543307086615 sa
1992.1259842519685 2040.9448818897638 291.33858267716533 116.53543307086615 veuve,

607.8740157480315 2141.732283464567 266.1417322834646 129.13385826771653 qui
760.6299212598425 2141.732283464567 418.8976377952756 129.13385826771653 l’avoit
1064.5669291338584 2141.732283464567 305.51181102362204 129.13385826771653 fait
1255.1181102362204 2141.732283464567 496.06299212598424 129.13385826771653 ébaucher.
1636.2204724409448 2141.732283464567 228.3464566929134 129.13385826771653 M.
1751.1811023622047 2141.732283464567 228.3464566929134 129.13385826771653 le
1866.1417322834645 2141.732283464567 418.8976377952756 129.13385826771653 marquis
2132.283464566929 2141.732283464567 152.75590551181102 129.13385826771653 de

604.7244094488188 2247.244094488189 585.8267716535433 102.36220472440945 Semonville,
1074.015748031496 2247.244094488189 859.8425196850394 102.36220472440945 grand-référendaire
1815.748031496063 2247.244094488189 234.64566929133858 102.36220472440945 de
1933.8582677165355 2247.244094488189 234.64566929133858 102.36220472440945 la
2011.023622047244 2247.244094488189 274.01574803149606 102.36220472440945 Cham-

607.8740157480315 2349.6062992125985 250.39370078740157 132.28346456692913 bre
751.1811023622047 2349.6062992125985 250.39370078740157 132.28346456692913 des
894.488188976378 2349.6062992125985 357.4803149606299 132.28346456692913 Pairs,
1143.3070866141732 2349.6062992125985 214.17322834645668 132.28346456692913 en
1250.3937007874015 2349.6062992125985 177.95275590551182 132.28346456692913 a
1321.259842519685 2349.6062992125985 285.03937007874015 132.28346456692913 fait
1500.7874015748032 2349.6062992125985 606.2992125984252 132.28346456692913 l’acquisition
2000.0 2349.6062992125985 285.03937007874015 132.28346456692913 pour
2141.732283464567 2349.6062992125985 143.30708661417322 132.28346456692913 le

603.1496062992126 2474.015748031496 365.3543307086614 96.06299212598425 Musée,
858.2677165354331 2474.015748031496 218.89763779527559 96.06299212598425 et
968.503937007874 2474.015748031496 218.89763779527559 96.06299212598425 en
1077.1653543307086 2474.015748031496 182.6771653543307 96.06299212598425 a
1151.1811023622047 2474.015748031496 292.9133858267717 96.06299212598425 fait
1333.8582677165355 2474.015748031496 437.79527559055117 96.06299212598425 terminer
1662.992125984252 2474.015748031496 548.0314960629921 96.06299212598425 l’exécution
2064.566929133858 2474.015748031496 218.89763779527559 96.06299212598425 sous

601.5748031496063 2579.527559055118 251.96850393700788 110.23622047244095 la
727.5590551181102 2579.527559055118 544.8818897637796 110.23622047244095 direction
1146.4566929133857 2579.527559055118 251.96850393700788 110.23622047244095 de
1272.4409448818897 2579.527559055118 251.96850393700788 110.23622047244095 M.
1398.4251968503936 2579.527559055118 587.4015748031496 110.23622047244095 Cartelier,
1859.8425196850394 2579.527559055118 418.8976377952756 110.23622047244095 membre
2111.8110236220473 2579.527559055118 166.9291338582677 110.23622047244095 de

603.1496062992126 2686.6141732283463 491.33858267716533 151.1811023622047 l’Institut
988.9763779527559 2686.6141732283463 211.0236220472441 151.1811023622047 et
1094.4881889763778 2686.6141732283463 211.0236220472441 151.1811023622047 de
1200.0 2686.6141732283463 211.0236220472441 151.1811023622047 la
1305.5118110236222 2686.6141732283463 351.18110236220474 151.1811023622047 Légion
1514.9606299212599 2686.6141732283463 422.0472440944882 151.1811023622047 d’honneur.

521.2598425196851 3014.1732283464567 215.748031496063 129.13385826771653 (1)
645.6692913385826 3014.1732283464567 277.1653543307087 129.13385826771653 Parmi
829.9212598425197 3014.1732283464567 215.748031496063 129.13385826771653 les
954.3307086614174 3014.1732283464567 370.0787401574803 129.13385826771653 ouvrages
1231.4960629921259 3014.1732283464567 215.748031496063 129.13385826771653 que
1355.9055118110236 3014.1732283464567 185.82677165354332 129.13385826771653 ce
1448.8188976377953 3014.1732283464567 340.15748031496065 129.13385826771653 célèbre
1694.4881889763778 3014.1732283464567 340.15748031496065 129.13385826771653 artiste
1941.732283464567 3014.1732283464567 154.33070866141733 129.13385826771653 a
1973.2283464566929 3014.1732283464567 308.66141732283467 129.13385826771653 laissés,

437.79527559055117 3119.685039370079 201.5748031496063 124.40944881889764 on
538.5826771653543 3119.685039370079 403.1496062992126 124.40944881889764 remarque
839.3700787401575 3119.685039370079 436.2204724409449 124.40944881889764 Cyparisse
1176.3779527559054 3119.685039370079 403.1496062992126 124.40944881889764 pleurant
1477.1653543307086 3119.685039370079 234.64566929133858 124.40944881889764 son
1612.5984251968505 3119.685039370079 302.3622047244094 124.40944881889764 jeune
1814.1732283464567 3119.685039370079 302.3622047244094 124.40944881889764 cerf,
1981.1023622047244 3119.685039370079 302.3622047244094 124.40944881889764 Cincin-

436.2204724409449 3255.1181102362207 329.13385826771656 91.33858267716535 natus,
666.1417322834645 3255.1181102362207 196.8503937007874 91.33858267716535 et
765.3543307086615 3255.1181102362207 362.20472440944883 91.33858267716535 l’Amour
1028.3464566929133 3255.1181102362207 461.4173228346457 91.33858267716535 s’emparant
1390.5511811023623 3255.1181102362207 196.8503937007874 91.33858267716535 de
1489.763779527559 3255.1181102362207 329.13385826771656 91.33858267716535 l’âme,
1721.259842519685 3255.1181102362207 494.48818897637796 91.33858267716535 représentée
2083.464566929134 3255.1181102362207 196.8503937007874 91.33858267716535 sous

437.79527559055117 3333.8582677165355 225.1968503937008 122.83464566929133 les
565.3543307086615 3333.8582677165355 321.25984251968504 122.83464566929133 signes
790.5511811023622 3333.8582677165355 256.6929133858268 122.83464566929133 d’un
919.6850393700787 3333.8582677165355 352.755905511811 122.83464566929133 papillon.
