<alto xmlns:xsi="http://www.w3.org/2001/XMLSchema-instance" xmlns="http://www.loc.gov/standards/alto/ns-v2#" xmlns:page="http://schema.primaresearch.org/PAGE/gts/pagecontent/2013-07-15" xsi:schemaLocation="http://www.loc.gov/standards/alto/ns-v2# http://www.loc.gov/standards/alto/alto.xsd">
  <Description>
    <MeasurementUnit>pixel</MeasurementUnit>
    <sourceImageInformation>
         <fileName>83.xml</fileName>
      </sourceImageInformation>
    <OCRProcessing ID="IdOcr">
      <ocrProcessingStep>
        <processingDateTime>2020-06-24T15:08:04.118+02:00</processingDateTime>
        <processingSoftware>
               <softwareCreator>CONTRIBUTORS</softwareCreator>
               <softwareName>pdfalto</softwareName>
               <softwareVersion>0.1</softwareVersion>
            </processingSoftware>
      </ocrProcessingStep>
    </OCRProcessing>
  </Description>
  <Styles>
     <TextStyle ID="FONT0" FONTFAMILY="unknown" FONTSIZE="unknown" FONTTYPE="unknown" FONTWIDTH="unknown" FONTCOLOR="unknown" FONTSTYLE=""/>
     <TextStyle ID="FONT1" FONTFAMILY="unknown" FONTSIZE="unknown" FONTTYPE="unknown" FONTWIDTH="unknown" FONTCOLOR="unknown" FONTSTYLE="bold"/>
     <TextStyle ID="FONT2" FONTFAMILY="unknown" FONTSIZE="unknown" FONTTYPE="unknown" FONTWIDTH="unknown" FONTCOLOR="unknown" FONTSTYLE="italics"/>
</Styles>
  <Tags/>
  <Layout>
    <Page ID="Page1" PHYSICAL_IMG_NR="1" HEIGHT="4266.141732283465" WIDTH="2518.1102362204724">
      <PrintSpace HEIGHT="4074.015748031496" WIDTH="2363.779527559055" VPOS="47.24409448818898" HPOS="85.03937007874016">
        <TextBlock ID="r_1_1" HEIGHT="103.93700787401575" WIDTH="267.7165354330709" VPOS="283.46456692913387" HPOS="929.1338582677165">
          <TextLine ID="tl_1" BASELINE="258" HEIGHT="160.62992125984252" WIDTH="299.21259842519686" VPOS="245.66929133858267" HPOS="910.2362204724409">
            <String HEIGHT="160.62992125984252" WIDTH="299.21259842519686" VPOS="245.66929133858267" HPOS="850.3937007874016" CONTENT="(" ID="tl_1_1" STYLEREFS="FONT0"/>
            <SP HEIGHT="160.62992125984252" WIDTH="59.84251968503937" VPOS="245.66929133858267" HPOS="1149.6062992125985"/>
            <String HEIGHT="160.62992125984252" WIDTH="299.21259842519686" VPOS="245.66929133858267" HPOS="910.2362204724409" CONTENT="73)" ID="tl_1_2" STYLEREFS="FONT0"/>
          </TextLine>
        </TextBlock>
        <TextBlock ID="r_2_1" HEIGHT="88.18897637795276" WIDTH="1360.6299212598426" VPOS="554.3307086614174" HPOS="387.40157480314963">
          <TextLine ID="tl_2" BASELINE="454" HEIGHT="234.64566929133858" WIDTH="1381.1023622047244" VPOS="480.31496062992125" HPOS="377.9527559055118">
            <String HEIGHT="234.64566929133858" WIDTH="921.2598425196851" VPOS="480.31496062992125" HPOS="311.81102362204723" CONTENT="BAS-RELIEF" ID="tl_2_1" STYLEREFS="FONT0"/>
            <SP HEIGHT="234.64566929133858" WIDTH="66.14173228346456" VPOS="480.31496062992125" HPOS="1233.0708661417323"/>
            <String HEIGHT="234.64566929133858" WIDTH="395.2755905511811" VPOS="480.31496062992125" HPOS="1036.2204724409448" CONTENT="EN" ID="tl_2_2" STYLEREFS="FONT0"/>
            <SP HEIGHT="234.64566929133858" WIDTH="66.14173228346456" VPOS="480.31496062992125" HPOS="1429.9212598425197"/>
            <String HEIGHT="234.64566929133858" WIDTH="592.1259842519685" VPOS="480.31496062992125" HPOS="1166.9291338582677" CONTENT="PLATRE." ID="tl_2_3" STYLEREFS="FONT0"/>
          </TextLine>
        </TextBlock>
        <TextBlock ID="r_3_1" HEIGHT="307.0866141732283" WIDTH="1782.6771653543308" VPOS="1092.9133858267717" HPOS="187.4015748031496">
          <TextLine ID="tl_3" BASELINE="748" HEIGHT="118.11023622047244" WIDTH="1801.5748031496064" VPOS="1059.8425196850394" HPOS="177.95275590551182">
            <String HEIGHT="118.11023622047244" WIDTH="428.34645669291336" VPOS="1059.8425196850394" HPOS="135.43307086614172" CONTENT="MOITTE" ID="tl_3_1" STYLEREFS="FONT0"/>
            <SP HEIGHT="118.11023622047244" WIDTH="42.51968503937008" VPOS="1059.8425196850394" HPOS="563.7795275590552"/>
            <String HEIGHT="118.11023622047244" WIDTH="900.7874015748032" VPOS="1059.8425196850394" HPOS="434.6456692913386" CONTENT="(Jean-Guillaume)," ID="tl_3_2" STYLEREFS="FONT0"/>
            <SP HEIGHT="118.11023622047244" WIDTH="42.51968503937008" VPOS="1059.8425196850394" HPOS="1335.4330708661416"/>
            <String HEIGHT="118.11023622047244" WIDTH="600.0" VPOS="1059.8425196850394" HPOS="1207.8740157480315" CONTENT="sculpteur," ID="tl_3_3" STYLEREFS="FONT0"/>
            <SP HEIGHT="118.11023622047244" WIDTH="42.51968503937008" VPOS="1059.8425196850394" HPOS="1807.8740157480315"/>
            <String HEIGHT="118.11023622047244" WIDTH="343.3070866141732" VPOS="1059.8425196850394" HPOS="1636.2204724409448" CONTENT="membre" ID="tl_3_4" STYLEREFS="FONT0"/>
          </TextLine>
          <TextLine ID="tl_4" BASELINE="833" HEIGHT="140.15748031496062" WIDTH="1716.5354330708662" VPOS="1171.6535433070867" HPOS="264.56692913385825">
            <String HEIGHT="140.15748031496062" WIDTH="223.6220472440945" VPOS="1171.6535433070867" HPOS="226.77165354330708" CONTENT="de" ID="tl_4_1" STYLEREFS="FONT0"/>
            <SP HEIGHT="140.15748031496062" WIDTH="37.79527559055118" VPOS="1171.6535433070867" HPOS="450.3937007874016"/>
            <String HEIGHT="140.15748031496062" WIDTH="522.8346456692914" VPOS="1171.6535433070867" HPOS="338.5826771653543" CONTENT="l’Institut" ID="tl_4_2" STYLEREFS="FONT0"/>
            <SP HEIGHT="140.15748031496062" WIDTH="37.79527559055118" VPOS="1171.6535433070867" HPOS="861.4173228346457"/>
            <String HEIGHT="140.15748031496062" WIDTH="223.6220472440945" VPOS="1171.6535433070867" HPOS="749.6062992125984" CONTENT="de" ID="tl_4_3" STYLEREFS="FONT0"/>
            <SP HEIGHT="140.15748031496062" WIDTH="37.79527559055118" VPOS="1171.6535433070867" HPOS="973.2283464566929"/>
            <String HEIGHT="140.15748031496062" WIDTH="373.2283464566929" VPOS="1171.6535433070867" HPOS="861.4173228346457" CONTENT="France" ID="tl_4_4" STYLEREFS="FONT0"/>
            <SP HEIGHT="140.15748031496062" WIDTH="37.79527559055118" VPOS="1171.6535433070867" HPOS="1234.6456692913387"/>
            <String HEIGHT="140.15748031496062" WIDTH="223.6220472440945" VPOS="1171.6535433070867" HPOS="1122.8346456692914" CONTENT="et" ID="tl_4_5" STYLEREFS="FONT0"/>
            <SP HEIGHT="140.15748031496062" WIDTH="37.79527559055118" VPOS="1171.6535433070867" HPOS="1346.4566929133857"/>
            <String HEIGHT="140.15748031496062" WIDTH="223.6220472440945" VPOS="1171.6535433070867" HPOS="1234.6456692913387" CONTENT="de" ID="tl_4_6" STYLEREFS="FONT0"/>
            <SP HEIGHT="140.15748031496062" WIDTH="37.79527559055118" VPOS="1171.6535433070867" HPOS="1458.267716535433"/>
            <String HEIGHT="140.15748031496062" WIDTH="223.6220472440945" VPOS="1171.6535433070867" HPOS="1346.4566929133857" CONTENT="la" ID="tl_4_7" STYLEREFS="FONT0"/>
            <SP HEIGHT="140.15748031496062" WIDTH="37.79527559055118" VPOS="1171.6535433070867" HPOS="1570.0787401574803"/>
            <String HEIGHT="140.15748031496062" WIDTH="559.0551181102362" VPOS="1171.6535433070867" HPOS="1422.0472440944882" CONTENT="Légion" SUBS_TYPE="HypPart1" SUBS_CONTENT="Légionneur," ID="tl_4_8" STYLEREFS="FONT0"/>
            <HYP CONTENT="-"/>
          </TextLine>
          <TextLine ID="tl_5" BASELINE="907" HEIGHT="124.40944881889764" WIDTH="907.0866141732283" VPOS="1303.9370078740158" HPOS="266.1417322834646">
            <String HEIGHT="124.40944881889764" WIDTH="325.98425196850394" VPOS="1303.9370078740158" HPOS="229.92125984251967" CONTENT="neur," SUBS_TYPE="HypPart2" SUBS_CONTENT="Légionneur," ID="tl_5_1" STYLEREFS="FONT0"/>
            <SP HEIGHT="124.40944881889764" WIDTH="36.22047244094488" VPOS="1303.9370078740158" HPOS="555.9055118110236"/>
            <String HEIGHT="124.40944881889764" WIDTH="217.3228346456693" VPOS="1303.9370078740158" HPOS="447.244094488189" CONTENT="né" ID="tl_5_2" STYLEREFS="FONT0"/>
            <SP HEIGHT="124.40944881889764" WIDTH="36.22047244094488" VPOS="1303.9370078740158" HPOS="664.5669291338583"/>
            <String HEIGHT="124.40944881889764" WIDTH="217.3228346456693" VPOS="1303.9370078740158" HPOS="555.9055118110236" CONTENT="et" ID="tl_5_3" STYLEREFS="FONT0"/>
            <SP HEIGHT="124.40944881889764" WIDTH="36.22047244094488" VPOS="1303.9370078740158" HPOS="774.8031496062993"/>
            <String HEIGHT="124.40944881889764" WIDTH="289.76377952755905" VPOS="1303.9370078740158" HPOS="664.5669291338583" CONTENT="mort" ID="tl_5_4" STYLEREFS="FONT0"/>
            <SP HEIGHT="124.40944881889764" WIDTH="36.22047244094488" VPOS="1303.9370078740158" HPOS="955.9055118110236"/>
            <String HEIGHT="124.40944881889764" WIDTH="181.10236220472441" VPOS="1303.9370078740158" HPOS="847.2440944881889" CONTENT="à" ID="tl_5_5" STYLEREFS="FONT0"/>
            <SP HEIGHT="124.40944881889764" WIDTH="36.22047244094488" VPOS="1303.9370078740158" HPOS="1028.3464566929133"/>
            <String HEIGHT="124.40944881889764" WIDTH="289.76377952755905" VPOS="1303.9370078740158" HPOS="883.4645669291339" CONTENT="Paris." ID="tl_5_6" STYLEREFS="FONT0"/>
          </TextLine>
        </TextBlock>
        <TextBlock ID="r_3_2" HEIGHT="337.00787401574803" WIDTH="1774.8031496062993" VPOS="1560.6299212598426" HPOS="206.29921259842519">
          <TextLine ID="tl_6" BASELINE="1066" HEIGHT="181.10236220472441" WIDTH="1795.275590551181" VPOS="1497.6377952755906" HPOS="195.2755905511811">
            <String HEIGHT="181.10236220472441" WIDTH="314.96062992125985" VPOS="1497.6377952755906" HPOS="151.1811023622047" CONTENT="74." ID="tl_6_1" STYLEREFS="FONT0"/>
            <SP HEIGHT="181.10236220472441" WIDTH="45.669291338582674" VPOS="1497.6377952755906" HPOS="464.56692913385825"/>
            <String HEIGHT="181.10236220472441" WIDTH="269.29133858267716" VPOS="1497.6377952755906" HPOS="330.70866141732284" CONTENT="Un" ID="tl_6_2" STYLEREFS="FONT0"/>
            <SP HEIGHT="181.10236220472441" WIDTH="45.669291338582674" VPOS="1497.6377952755906" HPOS="600.0"/>
            <String HEIGHT="181.10236220472441" WIDTH="628.3464566929134" VPOS="1497.6377952755906" HPOS="464.56692913385825" CONTENT="Bas-Relief" ID="tl_6_3" STYLEREFS="FONT0"/>
            <SP HEIGHT="181.10236220472441" WIDTH="45.669291338582674" VPOS="1497.6377952755906" HPOS="1092.9133858267717"/>
            <String HEIGHT="181.10236220472441" WIDTH="718.1102362204724" VPOS="1497.6377952755906" HPOS="959.0551181102362" CONTENT="représentant" ID="tl_6_4" STYLEREFS="FONT0"/>
            <SP HEIGHT="181.10236220472441" WIDTH="45.669291338582674" VPOS="1497.6377952755906" HPOS="1677.1653543307086"/>
            <String HEIGHT="181.10236220472441" WIDTH="269.29133858267716" VPOS="1497.6377952755906" HPOS="1541.732283464567" CONTENT="la" ID="tl_6_5" STYLEREFS="FONT0"/>
            <SP HEIGHT="181.10236220472441" WIDTH="45.669291338582674" VPOS="1497.6377952755906" HPOS="1811.023622047244"/>
            <String HEIGHT="181.10236220472441" WIDTH="359.0551181102362" VPOS="1497.6377952755906" HPOS="1631.4960629921259" CONTENT="Francé" ID="tl_6_6" STYLEREFS="FONT0"/>
          </TextLine>
          <TextLine ID="tl_7" BASELINE="1143" HEIGHT="118.11023622047244" WIDTH="1692.9133858267717" VPOS="1681.8897637795276" HPOS="299.21259842519686">
            <String HEIGHT="118.11023622047244" WIDTH="563.7795275590552" VPOS="1681.8897637795276" HPOS="251.96850393700788" CONTENT="entourée" ID="tl_7_1" STYLEREFS="FONT0"/>
            <SP HEIGHT="118.11023622047244" WIDTH="47.24409448818898" VPOS="1681.8897637795276" HPOS="815.7480314960629"/>
            <String HEIGHT="118.11023622047244" WIDTH="329.13385826771656" VPOS="1681.8897637795276" HPOS="675.5905511811023" CONTENT="des" ID="tl_7_2" STYLEREFS="FONT0"/>
            <SP HEIGHT="118.11023622047244" WIDTH="47.24409448818898" VPOS="1681.8897637795276" HPOS="1004.7244094488188"/>
            <String HEIGHT="118.11023622047244" WIDTH="516.5354330708661" VPOS="1681.8897637795276" HPOS="862.992125984252" CONTENT="Vertus," ID="tl_7_3" STYLEREFS="FONT0"/>
            <SP HEIGHT="118.11023622047244" WIDTH="47.24409448818898" VPOS="1681.8897637795276" HPOS="1381.1023622047244"/>
            <String HEIGHT="118.11023622047244" WIDTH="281.8897637795276" VPOS="1681.8897637795276" HPOS="1239.3700787401574" CONTENT="et" ID="tl_7_4" STYLEREFS="FONT0"/>
            <SP HEIGHT="118.11023622047244" WIDTH="47.24409448818898" VPOS="1681.8897637795276" HPOS="1521.259842519685"/>
            <String HEIGHT="118.11023622047244" WIDTH="563.7795275590552" VPOS="1681.8897637795276" HPOS="1381.1023622047244" CONTENT="appelant" ID="tl_7_5" STYLEREFS="FONT0"/>
            <SP HEIGHT="118.11023622047244" WIDTH="47.24409448818898" VPOS="1681.8897637795276" HPOS="1944.8818897637796"/>
            <String HEIGHT="118.11023622047244" WIDTH="234.64566929133858" VPOS="1681.8897637795276" HPOS="1757.4803149606298" CONTENT="ses" ID="tl_7_6" STYLEREFS="FONT0"/>
          </TextLine>
          <TextLine ID="tl_8" BASELINE="1236" HEIGHT="154.33070866141733" WIDTH="910.2362204724409" VPOS="1792.1259842519685" HPOS="300.78740157480314">
            <String HEIGHT="154.33070866141733" WIDTH="477.1653543307087" VPOS="1792.1259842519685" HPOS="256.6929133858268" CONTENT="enfants" ID="tl_8_1" STYLEREFS="FONT0"/>
            <SP HEIGHT="154.33070866141733" WIDTH="44.09448818897638" VPOS="1792.1259842519685" HPOS="733.8582677165355"/>
            <String HEIGHT="154.33070866141733" WIDTH="217.3228346456693" VPOS="1792.1259842519685" HPOS="604.7244094488188" CONTENT="à" ID="tl_8_2" STYLEREFS="FONT0"/>
            <SP HEIGHT="154.33070866141733" WIDTH="44.09448818897638" VPOS="1792.1259842519685" HPOS="820.4724409448819"/>
            <String HEIGHT="154.33070866141733" WIDTH="259.84251968503935" VPOS="1792.1259842519685" HPOS="691.3385826771654" CONTENT="sa" ID="tl_8_3" STYLEREFS="FONT0"/>
            <SP HEIGHT="154.33070866141733" WIDTH="44.09448818897638" VPOS="1792.1259842519685" HPOS="951.1811023622047"/>
            <String HEIGHT="154.33070866141733" WIDTH="433.07086614173227" VPOS="1792.1259842519685" HPOS="777.9527559055118" CONTENT="défense." ID="tl_8_4" STYLEREFS="FONT0"/>
          </TextLine>
        </TextBlock>
        <TextBlock ID="r_3_3" HEIGHT="1146.4566929133857" WIDTH="1617.3228346456692" VPOS="2061.417322834646" HPOS="384.251968503937">
          <TextLine ID="tl_9" BASELINE="1364" HEIGHT="124.40944881889764" WIDTH="1546.4566929133857" VPOS="2023.6220472440946" HPOS="451.9685039370079">
            <String HEIGHT="124.40944881889764" WIDTH="264.56692913385825" VPOS="2023.6220472440946" HPOS="414.1732283464567" CONTENT="Les" ID="tl_9_1" STYLEREFS="FONT0"/>
            <SP HEIGHT="124.40944881889764" WIDTH="37.79527559055118" VPOS="2023.6220472440946" HPOS="678.7401574803149"/>
            <String HEIGHT="124.40944881889764" WIDTH="451.9685039370079" VPOS="2023.6220472440946" HPOS="565.3543307086615" CONTENT="vieilles" ID="tl_9_2" STYLEREFS="FONT0"/>
            <SP HEIGHT="124.40944881889764" WIDTH="37.79527559055118" VPOS="2023.6220472440946" HPOS="1017.3228346456693"/>
            <String HEIGHT="124.40944881889764" WIDTH="377.9527559055118" VPOS="2023.6220472440946" HPOS="903.9370078740158" CONTENT="bandes" ID="tl_9_3" STYLEREFS="FONT0"/>
            <SP HEIGHT="124.40944881889764" WIDTH="37.79527559055118" VPOS="2023.6220472440946" HPOS="1281.8897637795276"/>
            <String HEIGHT="124.40944881889764" WIDTH="489.76377952755905" VPOS="2023.6220472440946" HPOS="1168.5039370078741" CONTENT="précédées" ID="tl_9_4" STYLEREFS="FONT0"/>
            <SP HEIGHT="124.40944881889764" WIDTH="37.79527559055118" VPOS="2023.6220472440946" HPOS="1658.267716535433"/>
            <String HEIGHT="124.40944881889764" WIDTH="264.56692913385825" VPOS="2023.6220472440946" HPOS="1546.4566929133857" CONTENT="par" ID="tl_9_5" STYLEREFS="FONT0"/>
            <SP HEIGHT="124.40944881889764" WIDTH="37.79527559055118" VPOS="2023.6220472440946" HPOS="1809.4488188976377"/>
            <String HEIGHT="124.40944881889764" WIDTH="226.77165354330708" VPOS="2023.6220472440946" HPOS="1696.0629921259842" CONTENT="la" ID="tl_9_6" STYLEREFS="FONT0"/>
            <SP HEIGHT="124.40944881889764" WIDTH="37.79527559055118" VPOS="2023.6220472440946" HPOS="1922.8346456692914"/>
            <String HEIGHT="124.40944881889764" WIDTH="226.77165354330708" VPOS="2023.6220472440946" HPOS="1771.6535433070867" CONTENT="Vic" SUBS_TYPE="HypPart1" SUBS_CONTENT="Victoire," ID="tl_9_7" STYLEREFS="FONT0"/>
            <HYP CONTENT="-"/>
          </TextLine>
          <TextLine ID="tl_10" BASELINE="1434" HEIGHT="96.06299212598425" WIDTH="1626.7716535433071" VPOS="2162.2047244094488" HPOS="374.8031496062992">
            <String HEIGHT="96.06299212598425" WIDTH="370.0787401574803" VPOS="2162.2047244094488" HPOS="338.5826771653543" CONTENT="toire," SUBS_TYPE="HypPart2" SUBS_CONTENT="Victoire," ID="tl_10_1" STYLEREFS="FONT0"/>
            <SP HEIGHT="96.06299212598425" WIDTH="36.22047244094488" VPOS="2162.2047244094488" HPOS="707.0866141732283"/>
            <String HEIGHT="96.06299212598425" WIDTH="258.26771653543307" VPOS="2162.2047244094488" HPOS="596.8503937007874" CONTENT="qui" ID="tl_10_2" STYLEREFS="FONT0"/>
            <SP HEIGHT="96.06299212598425" WIDTH="36.22047244094488" VPOS="2162.2047244094488" HPOS="855.1181102362204"/>
            <String HEIGHT="96.06299212598425" WIDTH="296.06299212598424" VPOS="2162.2047244094488" HPOS="744.8818897637796" CONTENT="leur" ID="tl_10_3" STYLEREFS="FONT0"/>
            <SP HEIGHT="96.06299212598425" WIDTH="36.22047244094488" VPOS="2162.2047244094488" HPOS="1040.9448818897638"/>
            <String HEIGHT="96.06299212598425" WIDTH="370.0787401574803" VPOS="2162.2047244094488" HPOS="929.1338582677165" CONTENT="montre" ID="tl_10_4" STYLEREFS="FONT0"/>
            <SP HEIGHT="96.06299212598425" WIDTH="36.22047244094488" VPOS="2162.2047244094488" HPOS="1299.2125984251968"/>
            <String HEIGHT="96.06299212598425" WIDTH="258.26771653543307" VPOS="2162.2047244094488" HPOS="1188.976377952756" CONTENT="des" ID="tl_10_5" STYLEREFS="FONT0"/>
            <SP HEIGHT="96.06299212598425" WIDTH="36.22047244094488" VPOS="2162.2047244094488" HPOS="1447.244094488189"/>
            <String HEIGHT="96.06299212598425" WIDTH="406.2992125984252" VPOS="2162.2047244094488" HPOS="1335.4330708661416" CONTENT="palmes," ID="tl_10_6" STYLEREFS="FONT0"/>
            <SP HEIGHT="96.06299212598425" WIDTH="36.22047244094488" VPOS="2162.2047244094488" HPOS="1743.3070866141732"/>
            <String HEIGHT="96.06299212598425" WIDTH="296.06299212598424" VPOS="2162.2047244094488" HPOS="1631.4960629921259" CONTENT="prix" ID="tl_10_7" STYLEREFS="FONT0"/>
            <SP HEIGHT="96.06299212598425" WIDTH="36.22047244094488" VPOS="2162.2047244094488" HPOS="1927.5590551181103"/>
            <String HEIGHT="96.06299212598425" WIDTH="222.04724409448818" VPOS="2162.2047244094488" HPOS="1779.5275590551182" CONTENT="des" SUBS_TYPE="HypPart1" SUBS_CONTENT="destiné" ID="tl_10_8" STYLEREFS="FONT0"/>
            <HYP CONTENT="-"/>
          </TextLine>
          <TextLine ID="tl_11" BASELINE="1501" HEIGHT="99.21259842519684" WIDTH="1629.9212598425197" VPOS="2264.566929133858" HPOS="374.8031496062992">
            <String HEIGHT="99.21259842519684" WIDTH="272.4409448818898" VPOS="2264.566929133858" HPOS="340.15748031496065" CONTENT="tiné" SUBS_TYPE="HypPart2" SUBS_CONTENT="destiné" ID="tl_11_1" STYLEREFS="FONT0"/>
            <SP HEIGHT="99.21259842519684" WIDTH="34.645669291338585" VPOS="2264.566929133858" HPOS="612.5984251968504"/>
            <String HEIGHT="99.21259842519684" WIDTH="170.07874015748033" VPOS="2264.566929133858" HPOS="510.23622047244095" CONTENT="à" ID="tl_11_2" STYLEREFS="FONT0"/>
            <SP HEIGHT="99.21259842519684" WIDTH="34.645669291338585" VPOS="2264.566929133858" HPOS="680.3149606299213"/>
            <String HEIGHT="99.21259842519684" WIDTH="203.1496062992126" VPOS="2264.566929133858" HPOS="577.9527559055118" CONTENT="la" ID="tl_11_3" STYLEREFS="FONT0"/>
            <SP HEIGHT="99.21259842519684" WIDTH="34.645669291338585" VPOS="2264.566929133858" HPOS="782.6771653543307"/>
            <String HEIGHT="99.21259842519684" WIDTH="373.2283464566929" VPOS="2264.566929133858" HPOS="680.3149606299213" CONTENT="valeur," ID="tl_11_4" STYLEREFS="FONT0"/>
            <SP HEIGHT="99.21259842519684" WIDTH="34.645669291338585" VPOS="2264.566929133858" HPOS="1053.5433070866143"/>
            <String HEIGHT="99.21259842519684" WIDTH="373.2283464566929" VPOS="2264.566929133858" HPOS="952.7559055118111" CONTENT="prêtent" ID="tl_11_5" STYLEREFS="FONT0"/>
            <SP HEIGHT="99.21259842519684" WIDTH="34.645669291338585" VPOS="2264.566929133858" HPOS="1325.984251968504"/>
            <String HEIGHT="99.21259842519684" WIDTH="203.1496062992126" VPOS="2264.566929133858" HPOS="1223.6220472440946" CONTENT="le" ID="tl_11_6" STYLEREFS="FONT0"/>
            <SP HEIGHT="99.21259842519684" WIDTH="34.645669291338585" VPOS="2264.566929133858" HPOS="1426.7716535433071"/>
            <String HEIGHT="99.21259842519684" WIDTH="373.2283464566929" VPOS="2264.566929133858" HPOS="1325.984251968504" CONTENT="serment" ID="tl_11_7" STYLEREFS="FONT0"/>
            <SP HEIGHT="99.21259842519684" WIDTH="34.645669291338585" VPOS="2264.566929133858" HPOS="1699.2125984251968"/>
            <String HEIGHT="99.21259842519684" WIDTH="203.1496062992126" VPOS="2264.566929133858" HPOS="1596.8503937007874" CONTENT="de" ID="tl_11_8" STYLEREFS="FONT0"/>
            <SP HEIGHT="99.21259842519684" WIDTH="34.645669291338585" VPOS="2264.566929133858" HPOS="1801.5748031496064"/>
            <String HEIGHT="99.21259842519684" WIDTH="340.15748031496065" VPOS="2264.566929133858" HPOS="1664.5669291338584" CONTENT="défendre" ID="tl_11_9" STYLEREFS="FONT0"/>
          </TextLine>
          <TextLine ID="tl_12" BASELINE="1573" HEIGHT="124.40944881889764" WIDTH="1620.4724409448818" VPOS="2352.755905511811" HPOS="376.37795275590554">
            <String HEIGHT="124.40944881889764" WIDTH="215.748031496063" VPOS="2352.755905511811" HPOS="340.15748031496065" CONTENT="la" ID="tl_12_1" STYLEREFS="FONT0"/>
            <SP HEIGHT="124.40944881889764" WIDTH="36.22047244094488" VPOS="2352.755905511811" HPOS="555.9055118110236"/>
            <String HEIGHT="124.40944881889764" WIDTH="360.62992125984255" VPOS="2352.755905511811" HPOS="448.81889763779526" CONTENT="France" ID="tl_12_2" STYLEREFS="FONT0"/>
            <SP HEIGHT="124.40944881889764" WIDTH="36.22047244094488" VPOS="2352.755905511811" HPOS="807.8740157480315"/>
            <String HEIGHT="124.40944881889764" WIDTH="288.18897637795277" VPOS="2352.755905511811" HPOS="700.7874015748032" CONTENT="leur" ID="tl_12_3" STYLEREFS="FONT0"/>
            <SP HEIGHT="124.40944881889764" WIDTH="36.22047244094488" VPOS="2352.755905511811" HPOS="988.9763779527559"/>
            <String HEIGHT="124.40944881889764" WIDTH="396.8503937007874" VPOS="2352.755905511811" HPOS="880.3149606299213" CONTENT="patrie." ID="tl_12_4" STYLEREFS="FONT0"/>
            <SP HEIGHT="124.40944881889764" WIDTH="36.22047244094488" VPOS="2352.755905511811" HPOS="1277.1653543307086"/>
            <String HEIGHT="124.40944881889764" WIDTH="215.748031496063" VPOS="2352.755905511811" HPOS="1168.5039370078741" CONTENT="Le" ID="tl_12_5" STYLEREFS="FONT0"/>
            <SP HEIGHT="124.40944881889764" WIDTH="36.22047244094488" VPOS="2352.755905511811" HPOS="1384.251968503937"/>
            <String HEIGHT="124.40944881889764" WIDTH="324.40944881889766" VPOS="2352.755905511811" HPOS="1277.1653543307086" CONTENT="Génie" ID="tl_12_6" STYLEREFS="FONT0"/>
            <SP HEIGHT="124.40944881889764" WIDTH="36.22047244094488" VPOS="2352.755905511811" HPOS="1600.0"/>
            <String HEIGHT="124.40944881889764" WIDTH="215.748031496063" VPOS="2352.755905511811" HPOS="1492.9133858267717" CONTENT="de" ID="tl_12_7" STYLEREFS="FONT0"/>
            <SP HEIGHT="124.40944881889764" WIDTH="36.22047244094488" VPOS="2352.755905511811" HPOS="1708.6614173228347"/>
            <String HEIGHT="124.40944881889764" WIDTH="215.748031496063" VPOS="2352.755905511811" HPOS="1600.0" CONTENT="la" ID="tl_12_8" STYLEREFS="FONT0"/>
            <SP HEIGHT="124.40944881889764" WIDTH="36.22047244094488" VPOS="2352.755905511811" HPOS="1817.3228346456692"/>
            <String HEIGHT="124.40944881889764" WIDTH="324.40944881889766" VPOS="2352.755905511811" HPOS="1672.4409448818897" CONTENT="gloire," ID="tl_12_9" STYLEREFS="FONT0"/>
          </TextLine>
          <TextLine ID="tl_13" BASELINE="1640" HEIGHT="127.55905511811024" WIDTH="1625.1968503937007" VPOS="2455.1181102362207" HPOS="381.1023622047244">
            <String HEIGHT="127.55905511811024" WIDTH="480.31496062992125" VPOS="2455.1181102362207" HPOS="344.88188976377955" CONTENT="déployant" ID="tl_13_1" STYLEREFS="FONT0"/>
            <SP HEIGHT="127.55905511811024" WIDTH="36.22047244094488" VPOS="2455.1181102362207" HPOS="823.6220472440945"/>
            <String HEIGHT="127.55905511811024" WIDTH="590.5511811023622" VPOS="2455.1181102362207" HPOS="713.3858267716536" CONTENT="l’oriflamme," ID="tl_13_2" STYLEREFS="FONT0"/>
            <SP HEIGHT="127.55905511811024" WIDTH="36.22047244094488" VPOS="2455.1181102362207" HPOS="1303.9370078740158"/>
            <String HEIGHT="127.55905511811024" WIDTH="370.0787401574803" VPOS="2455.1181102362207" HPOS="1193.7007874015749" CONTENT="dirige" ID="tl_13_3" STYLEREFS="FONT0"/>
            <SP HEIGHT="127.55905511811024" WIDTH="36.22047244094488" VPOS="2455.1181102362207" HPOS="1563.7795275590552"/>
            <String HEIGHT="127.55905511811024" WIDTH="222.04724409448818" VPOS="2455.1181102362207" HPOS="1451.9685039370079" CONTENT="le" ID="tl_13_4" STYLEREFS="FONT0"/>
            <SP HEIGHT="127.55905511811024" WIDTH="36.22047244094488" VPOS="2455.1181102362207" HPOS="1674.015748031496"/>
            <String HEIGHT="127.55905511811024" WIDTH="406.2992125984252" VPOS="2455.1181102362207" HPOS="1563.7795275590552" CONTENT="courage" ID="tl_13_5" STYLEREFS="FONT0"/>
            <SP HEIGHT="127.55905511811024" WIDTH="36.22047244094488" VPOS="2455.1181102362207" HPOS="1970.0787401574803"/>
            <String HEIGHT="127.55905511811024" WIDTH="184.251968503937" VPOS="2455.1181102362207" HPOS="1822.0472440944882" CONTENT="des" ID="tl_13_6" STYLEREFS="FONT0"/>
          </TextLine>
          <TextLine ID="tl_14" BASELINE="1722" HEIGHT="125.98425196850394" WIDTH="1622.0472440944882" VPOS="2585.8267716535433" HPOS="384.251968503937">
            <String HEIGHT="125.98425196850394" WIDTH="352.755905511811" VPOS="2585.8267716535433" HPOS="349.6062992125984" CONTENT="jeunes" ID="tl_14_1" STYLEREFS="FONT0"/>
            <SP HEIGHT="125.98425196850394" WIDTH="34.645669291338585" VPOS="2585.8267716535433" HPOS="702.3622047244095"/>
            <String HEIGHT="125.98425196850394" WIDTH="387.40157480314963" VPOS="2585.8267716535433" HPOS="595.2755905511812" CONTENT="recrues" ID="tl_14_2" STYLEREFS="FONT0"/>
            <SP HEIGHT="125.98425196850394" WIDTH="34.645669291338585" VPOS="2585.8267716535433" HPOS="984.2519685039371"/>
            <String HEIGHT="125.98425196850394" WIDTH="247.24409448818898" VPOS="2585.8267716535433" HPOS="877.1653543307086" CONTENT="qui" ID="tl_14_3" STYLEREFS="FONT0"/>
            <SP HEIGHT="125.98425196850394" WIDTH="34.645669291338585" VPOS="2585.8267716535433" HPOS="1124.4094488188975"/>
            <String HEIGHT="125.98425196850394" WIDTH="423.62204724409446" VPOS="2585.8267716535433" HPOS="1018.8976377952756" CONTENT="marchent" ID="tl_14_4" STYLEREFS="FONT0"/>
            <SP HEIGHT="125.98425196850394" WIDTH="34.645669291338585" VPOS="2585.8267716535433" HPOS="1442.5196850393702"/>
            <String HEIGHT="125.98425196850394" WIDTH="247.24409448818898" VPOS="2585.8267716535433" HPOS="1337.007874015748" CONTENT="sur" ID="tl_14_5" STYLEREFS="FONT0"/>
            <SP HEIGHT="125.98425196850394" WIDTH="34.645669291338585" VPOS="2585.8267716535433" HPOS="1582.6771653543308"/>
            <String HEIGHT="125.98425196850394" WIDTH="247.24409448818898" VPOS="2585.8267716535433" HPOS="1477.1653543307086" CONTENT="les" ID="tl_14_6" STYLEREFS="FONT0"/>
            <SP HEIGHT="125.98425196850394" WIDTH="34.645669291338585" VPOS="2585.8267716535433" HPOS="1724.4094488188975"/>
            <String HEIGHT="125.98425196850394" WIDTH="352.755905511811" VPOS="2585.8267716535433" HPOS="1618.8976377952756" CONTENT="traces" ID="tl_14_7" STYLEREFS="FONT0"/>
            <SP HEIGHT="125.98425196850394" WIDTH="34.645669291338585" VPOS="2585.8267716535433" HPOS="1971.6535433070867"/>
            <String HEIGHT="125.98425196850394" WIDTH="176.3779527559055" VPOS="2585.8267716535433" HPOS="1829.9212598425197" CONTENT="des" ID="tl_14_8" STYLEREFS="FONT0"/>
          </TextLine>
          <TextLine ID="tl_15" BASELINE="1770" HEIGHT="110.23622047244095" WIDTH="1623.6220472440946" VPOS="2677.165354330709" HPOS="385.8267716535433">
            <String HEIGHT="110.23622047244095" WIDTH="324.40944881889766" VPOS="2677.165354330709" HPOS="349.6062992125984" CONTENT="vieux" ID="tl_15_1" STYLEREFS="FONT0"/>
            <SP HEIGHT="110.23622047244095" WIDTH="36.22047244094488" VPOS="2677.165354330709" HPOS="674.0157480314961"/>
            <String HEIGHT="110.23622047244095" WIDTH="469.29133858267716" VPOS="2677.165354330709" HPOS="566.9291338582677" CONTENT="guerriers" ID="tl_15_2" STYLEREFS="FONT0"/>
            <SP HEIGHT="110.23622047244095" WIDTH="36.22047244094488" VPOS="2677.165354330709" HPOS="1034.6456692913387"/>
            <String HEIGHT="110.23622047244095" WIDTH="324.40944881889766" VPOS="2677.165354330709" HPOS="927.5590551181102" CONTENT="leurs" ID="tl_15_3" STYLEREFS="FONT0"/>
            <SP HEIGHT="110.23622047244095" WIDTH="36.22047244094488" VPOS="2677.165354330709" HPOS="1251.9685039370079"/>
            <String HEIGHT="110.23622047244095" WIDTH="433.07086614173227" VPOS="2677.165354330709" HPOS="1143.3070866141732" CONTENT="modèles." ID="tl_15_4" STYLEREFS="FONT0"/>
            <SP HEIGHT="110.23622047244095" WIDTH="36.22047244094488" VPOS="2677.165354330709" HPOS="1576.3779527559054"/>
            <String HEIGHT="110.23622047244095" WIDTH="251.96850393700788" VPOS="2677.165354330709" HPOS="1467.716535433071" CONTENT="Les" ID="tl_15_5" STYLEREFS="FONT0"/>
            <SP HEIGHT="110.23622047244095" WIDTH="36.22047244094488" VPOS="2677.165354330709" HPOS="1721.259842519685"/>
            <String HEIGHT="110.23622047244095" WIDTH="324.40944881889766" VPOS="2677.165354330709" HPOS="1612.5984251968505" CONTENT="mères" ID="tl_15_6" STYLEREFS="FONT0"/>
            <SP HEIGHT="110.23622047244095" WIDTH="36.22047244094488" VPOS="2677.165354330709" HPOS="1937.007874015748"/>
            <String HEIGHT="110.23622047244095" WIDTH="215.748031496063" VPOS="2677.165354330709" HPOS="1793.7007874015749" CONTENT="avec" ID="tl_15_7" STYLEREFS="FONT0"/>
          </TextLine>
          <TextLine ID="tl_16" BASELINE="1858" HEIGHT="137.00787401574803" WIDTH="1626.7716535433071" VPOS="2788.9763779527557" HPOS="385.8267716535433">
            <String HEIGHT="137.00787401574803" WIDTH="318.1102362204724" VPOS="2788.9763779527557" HPOS="351.18110236220474" CONTENT="leurs" ID="tl_16_1" STYLEREFS="FONT0"/>
            <SP HEIGHT="137.00787401574803" WIDTH="34.645669291338585" VPOS="2788.9763779527557" HPOS="669.2913385826772"/>
            <String HEIGHT="137.00787401574803" WIDTH="388.9763779527559" VPOS="2788.9763779527557" HPOS="562.2047244094488" CONTENT="filles," ID="tl_16_2" STYLEREFS="FONT0"/>
            <SP HEIGHT="137.00787401574803" WIDTH="34.645669291338585" VPOS="2788.9763779527557" HPOS="951.1811023622047"/>
            <String HEIGHT="137.00787401574803" WIDTH="176.3779527559055" VPOS="2788.9763779527557" HPOS="845.6692913385826" CONTENT="à" ID="tl_16_3" STYLEREFS="FONT0"/>
            <SP HEIGHT="137.00787401574803" WIDTH="34.645669291338585" VPOS="2788.9763779527557" HPOS="1022.0472440944882"/>
            <String HEIGHT="137.00787401574803" WIDTH="354.3307086614173" VPOS="2788.9763779527557" HPOS="916.5354330708661" CONTENT="genoux" ID="tl_16_4" STYLEREFS="FONT0"/>
            <SP HEIGHT="137.00787401574803" WIDTH="34.645669291338585" VPOS="2788.9763779527557" HPOS="1269.291338582677"/>
            <String HEIGHT="137.00787401574803" WIDTH="354.3307086614173" VPOS="2788.9763779527557" HPOS="1163.7795275590552" CONTENT="auprès" ID="tl_16_5" STYLEREFS="FONT0"/>
            <SP HEIGHT="137.00787401574803" WIDTH="34.645669291338585" VPOS="2788.9763779527557" HPOS="1518.1102362204724"/>
            <String HEIGHT="137.00787401574803" WIDTH="212.5984251968504" VPOS="2788.9763779527557" HPOS="1411.023622047244" CONTENT="de" ID="tl_16_6" STYLEREFS="FONT0"/>
            <SP HEIGHT="137.00787401574803" WIDTH="34.645669291338585" VPOS="2788.9763779527557" HPOS="1623.6220472440946"/>
            <String HEIGHT="137.00787401574803" WIDTH="388.9763779527559" VPOS="2788.9763779527557" HPOS="1518.1102362204724" CONTENT="l’autel" ID="tl_16_7" STYLEREFS="FONT0"/>
            <SP HEIGHT="137.00787401574803" WIDTH="34.645669291338585" VPOS="2788.9763779527557" HPOS="1907.0866141732283"/>
            <String HEIGHT="137.00787401574803" WIDTH="212.5984251968504" VPOS="2788.9763779527557" HPOS="1800.0" CONTENT="de" ID="tl_16_8" STYLEREFS="FONT0"/>
            <SP HEIGHT="137.00787401574803" WIDTH="34.645669291338585" VPOS="2788.9763779527557" HPOS="2012.5984251968505"/>
            <String HEIGHT="137.00787401574803" WIDTH="141.73228346456693" VPOS="2788.9763779527557" HPOS="1870.8661417322835" CONTENT="la" ID="tl_16_9" STYLEREFS="FONT0"/>
          </TextLine>
          <TextLine ID="tl_17" BASELINE="1918" HEIGHT="107.08661417322834" WIDTH="1620.4724409448818" VPOS="2913.3858267716537" HPOS="390.5511811023622">
            <String HEIGHT="107.08661417322834" WIDTH="379.5275590551181" VPOS="2913.3858267716537" HPOS="355.90551181102364" CONTENT="Patrie," ID="tl_17_1" STYLEREFS="FONT0"/>
            <SP HEIGHT="107.08661417322834" WIDTH="34.645669291338585" VPOS="2913.3858267716537" HPOS="735.4330708661417"/>
            <String HEIGHT="107.08661417322834" WIDTH="414.1732283464567" VPOS="2913.3858267716537" HPOS="631.496062992126" CONTENT="semblent" ID="tl_17_2" STYLEREFS="FONT0"/>
            <SP HEIGHT="107.08661417322834" WIDTH="34.645669291338585" VPOS="2913.3858267716537" HPOS="1045.6692913385828"/>
            <String HEIGHT="107.08661417322834" WIDTH="206.29921259842519" VPOS="2913.3858267716537" HPOS="941.7322834645669" CONTENT="la" ID="tl_17_3" STYLEREFS="FONT0"/>
            <SP HEIGHT="107.08661417322834" WIDTH="34.645669291338585" VPOS="2913.3858267716537" HPOS="1149.6062992125985"/>
            <String HEIGHT="107.08661417322834" WIDTH="414.1732283464567" VPOS="2913.3858267716537" HPOS="1045.6692913385828" CONTENT="supplier" ID="tl_17_4" STYLEREFS="FONT0"/>
            <SP HEIGHT="107.08661417322834" WIDTH="34.645669291338585" VPOS="2913.3858267716537" HPOS="1459.8425196850394"/>
            <String HEIGHT="107.08661417322834" WIDTH="206.29921259842519" VPOS="2913.3858267716537" HPOS="1355.9055118110236" CONTENT="de" ID="tl_17_5" STYLEREFS="FONT0"/>
            <SP HEIGHT="107.08661417322834" WIDTH="34.645669291338585" VPOS="2913.3858267716537" HPOS="1562.2047244094488"/>
            <String HEIGHT="107.08661417322834" WIDTH="448.81889763779526" VPOS="2913.3858267716537" HPOS="1459.8425196850394" CONTENT="préserver" ID="tl_17_6" STYLEREFS="FONT0"/>
            <SP HEIGHT="107.08661417322834" WIDTH="34.645669291338585" VPOS="2913.3858267716537" HPOS="1907.0866141732283"/>
            <String HEIGHT="107.08661417322834" WIDTH="240.9448818897638" VPOS="2913.3858267716537" HPOS="1770.0787401574803" CONTENT="leurs" ID="tl_17_7" STYLEREFS="FONT0"/>
          </TextLine>
          <TextLine ID="tl_18" BASELINE="2000" HEIGHT="137.00787401574803" WIDTH="1614.1732283464567" VPOS="3012.5984251968503" HPOS="395.2755905511811">
            <String HEIGHT="137.00787401574803" WIDTH="308.66141732283467" VPOS="3012.5984251968503" HPOS="360.62992125984255" CONTENT="époux" ID="tl_18_1" STYLEREFS="FONT0"/>
            <SP HEIGHT="137.00787401574803" WIDTH="34.645669291338585" VPOS="3012.5984251968503" HPOS="669.2913385826772"/>
            <String HEIGHT="137.00787401574803" WIDTH="206.29921259842519" VPOS="3012.5984251968503" HPOS="566.9291338582677" CONTENT="et" ID="tl_18_2" STYLEREFS="FONT0"/>
            <SP HEIGHT="137.00787401574803" WIDTH="34.645669291338585" VPOS="3012.5984251968503" HPOS="773.2283464566929"/>
            <String HEIGHT="137.00787401574803" WIDTH="308.66141732283467" VPOS="3012.5984251968503" HPOS="669.2913385826772" CONTENT="leurs" ID="tl_18_3" STYLEREFS="FONT0"/>
            <SP HEIGHT="137.00787401574803" WIDTH="34.645669291338585" VPOS="3012.5984251968503" HPOS="979.5275590551181"/>
            <String HEIGHT="137.00787401574803" WIDTH="274.01574803149606" VPOS="3012.5984251968503" HPOS="875.5905511811023" CONTENT="fils" ID="tl_18_4" STYLEREFS="FONT0"/>
            <SP HEIGHT="137.00787401574803" WIDTH="34.645669291338585" VPOS="3012.5984251968503" HPOS="1151.1811023622047"/>
            <String HEIGHT="137.00787401574803" WIDTH="240.9448818897638" VPOS="3012.5984251968503" HPOS="1047.244094488189" CONTENT="des" ID="tl_18_5" STYLEREFS="FONT0"/>
            <SP HEIGHT="137.00787401574803" WIDTH="34.645669291338585" VPOS="3012.5984251968503" HPOS="1288.1889763779527"/>
            <String HEIGHT="137.00787401574803" WIDTH="377.9527559055118" VPOS="3012.5984251968503" HPOS="1185.8267716535433" CONTENT="dangers" ID="tl_18_6" STYLEREFS="FONT0"/>
            <SP HEIGHT="137.00787401574803" WIDTH="34.645669291338585" VPOS="3012.5984251968503" HPOS="1562.2047244094488"/>
            <String HEIGHT="137.00787401574803" WIDTH="343.3070866141732" VPOS="3012.5984251968503" HPOS="1459.8425196850394" CONTENT="qu’ils" ID="tl_18_7" STYLEREFS="FONT0"/>
            <SP HEIGHT="137.00787401574803" WIDTH="34.645669291338585" VPOS="3012.5984251968503" HPOS="1803.1496062992126"/>
            <String HEIGHT="137.00787401574803" WIDTH="274.01574803149606" VPOS="3012.5984251968503" HPOS="1700.7874015748032" CONTENT="vont" ID="tl_18_8" STYLEREFS="FONT0"/>
            <SP HEIGHT="137.00787401574803" WIDTH="34.645669291338585" VPOS="3012.5984251968503" HPOS="1974.8031496062993"/>
            <String HEIGHT="137.00787401574803" WIDTH="171.6535433070866" VPOS="3012.5984251968503" HPOS="1837.7952755905512" CONTENT="af" ID="tl_18_9" STYLEREFS="FONT0"/>
          </TextLine>
          <TextLine ID="tl_19" BASELINE="2052" HEIGHT="102.36220472440945" WIDTH="288.18897637795277" VPOS="3129.1338582677167" HPOS="396.8503937007874">
            <String HEIGHT="102.36220472440945" WIDTH="360.62992125984255" VPOS="3129.1338582677167" HPOS="324.40944881889766" CONTENT="fronter." ID="tl_19_1" STYLEREFS="FONT0"/>
          </TextLine>
        </TextBlock>
        <TextBlock ID="r_3_4" HEIGHT="285.03937007874015" WIDTH="1598.4251968503936" VPOS="3250.3937007874015" HPOS="414.1732283464567">
          <TextLine ID="tl_20" BASELINE="2136" HEIGHT="122.83464566929133" WIDTH="1560.6299212598426" VPOS="3240.9448818897636" HPOS="456.6929133858268">
            <String HEIGHT="122.83464566929133" WIDTH="475.59055118110234" VPOS="3240.9448818897636" HPOS="422.0472440944882" CONTENT="L’uniforme" ID="tl_20_1" STYLEREFS="FONT0"/>
            <SP HEIGHT="122.83464566929133" WIDTH="34.645669291338585" VPOS="3240.9448818897636" HPOS="897.6377952755905"/>
            <String HEIGHT="122.83464566929133" WIDTH="407.87401574803147" VPOS="3240.9448818897636" HPOS="795.2755905511812" CONTENT="françois" ID="tl_20_2" STYLEREFS="FONT0"/>
            <SP HEIGHT="122.83464566929133" WIDTH="34.645669291338585" VPOS="3240.9448818897636" HPOS="1203.1496062992126"/>
            <String HEIGHT="122.83464566929133" WIDTH="203.1496062992126" VPOS="3240.9448818897636" HPOS="1100.7874015748032" CONTENT="ne" ID="tl_20_3" STYLEREFS="FONT0"/>
            <SP HEIGHT="122.83464566929133" WIDTH="34.645669291338585" VPOS="3240.9448818897636" HPOS="1305.5118110236222"/>
            <String HEIGHT="122.83464566929133" WIDTH="373.2283464566929" VPOS="3240.9448818897636" HPOS="1203.1496062992126" CONTENT="prétant" ID="tl_20_4" STYLEREFS="FONT0"/>
            <SP HEIGHT="122.83464566929133" WIDTH="34.645669291338585" VPOS="3240.9448818897636" HPOS="1576.3779527559054"/>
            <String HEIGHT="122.83464566929133" WIDTH="237.79527559055117" VPOS="3240.9448818897636" HPOS="1474.015748031496" CONTENT="pas" ID="tl_20_5" STYLEREFS="FONT0"/>
            <SP HEIGHT="122.83464566929133" WIDTH="34.645669291338585" VPOS="3240.9448818897636" HPOS="1711.8110236220473"/>
            <String HEIGHT="122.83464566929133" WIDTH="170.07874015748033" VPOS="3240.9448818897636" HPOS="1609.4488188976377" CONTENT="à" ID="tl_20_6" STYLEREFS="FONT0"/>
            <SP HEIGHT="122.83464566929133" WIDTH="34.645669291338585" VPOS="3240.9448818897636" HPOS="1779.5275590551182"/>
            <String HEIGHT="122.83464566929133" WIDTH="203.1496062992126" VPOS="3240.9448818897636" HPOS="1678.740157480315" CONTENT="la" ID="tl_20_7" STYLEREFS="FONT0"/>
            <SP HEIGHT="122.83464566929133" WIDTH="34.645669291338585" VPOS="3240.9448818897636" HPOS="1881.8897637795276"/>
            <String HEIGHT="122.83464566929133" WIDTH="270.86614173228344" VPOS="3240.9448818897636" HPOS="1746.4566929133857" CONTENT="sculp" SUBS_TYPE="HypPart1" SUBS_CONTENT="sculpture," ID="tl_20_8" STYLEREFS="FONT0"/>
            <HYP CONTENT="-"/>
          </TextLine>
          <TextLine ID="tl_21" BASELINE="2182" HEIGHT="89.76377952755905" WIDTH="1618.8976377952756" VPOS="3346.4566929133857" HPOS="403.1496062992126">
            <String HEIGHT="89.76377952755905" WIDTH="303.93700787401576" VPOS="3346.4566929133857" HPOS="370.0787401574803" CONTENT="ture," SUBS_TYPE="HypPart2" SUBS_CONTENT="sculpture," ID="tl_21_1" STYLEREFS="FONT0"/>
            <SP HEIGHT="89.76377952755905" WIDTH="33.07086614173228" VPOS="3346.4566929133857" HPOS="672.4409448818898"/>
            <String HEIGHT="89.76377952755905" WIDTH="437.79527559055117" VPOS="3346.4566929133857" HPOS="571.6535433070866" CONTENT="l’artiste" ID="tl_21_2" STYLEREFS="FONT0"/>
            <SP HEIGHT="89.76377952755905" WIDTH="33.07086614173228" VPOS="3346.4566929133857" HPOS="1011.0236220472441"/>
            <String HEIGHT="89.76377952755905" WIDTH="168.50393700787401" VPOS="3346.4566929133857" HPOS="908.6614173228346" CONTENT="a" ID="tl_21_3" STYLEREFS="FONT0"/>
            <SP HEIGHT="89.76377952755905" WIDTH="33.07086614173228" VPOS="3346.4566929133857" HPOS="1077.1653543307086"/>
            <String HEIGHT="89.76377952755905" WIDTH="236.2204724409449" VPOS="3346.4566929133857" HPOS="976.3779527559055" CONTENT="été" ID="tl_21_4" STYLEREFS="FONT0"/>
            <SP HEIGHT="89.76377952755905" WIDTH="33.07086614173228" VPOS="3346.4566929133857" HPOS="1212.5984251968505"/>
            <String HEIGHT="89.76377952755905" WIDTH="337.00787401574803" VPOS="3346.4566929133857" HPOS="1111.8110236220473" CONTENT="obligé" ID="tl_21_5" STYLEREFS="FONT0"/>
            <SP HEIGHT="89.76377952755905" WIDTH="33.07086614173228" VPOS="3346.4566929133857" HPOS="1448.8188976377953"/>
            <String HEIGHT="89.76377952755905" WIDTH="505.51181102362204" VPOS="3346.4566929133857" HPOS="1348.0314960629921" CONTENT="d’emprunter" ID="tl_21_6" STYLEREFS="FONT0"/>
            <SP HEIGHT="89.76377952755905" WIDTH="33.07086614173228" VPOS="3346.4566929133857" HPOS="1853.5433070866143"/>
            <String HEIGHT="89.76377952755905" WIDTH="203.1496062992126" VPOS="3346.4566929133857" HPOS="1752.755905511811" CONTENT="le" ID="tl_21_7" STYLEREFS="FONT0"/>
            <SP HEIGHT="89.76377952755905" WIDTH="33.07086614173228" VPOS="3346.4566929133857" HPOS="1954.3307086614172"/>
            <String HEIGHT="89.76377952755905" WIDTH="203.1496062992126" VPOS="3346.4566929133857" HPOS="1820.4724409448818" CONTENT="cos" SUBS_TYPE="HypPart1" SUBS_CONTENT="costume" ID="tl_21_8" STYLEREFS="FONT0"/>
            <HYP CONTENT="-"/>
          </TextLine>
          <TextLine ID="tl_22" BASELINE="2275" HEIGHT="132.28346456692913" WIDTH="974.8031496062993" VPOS="3450.3937007874015" HPOS="407.87401574803147">
            <String HEIGHT="132.28346456692913" WIDTH="311.81102362204723" VPOS="3450.3937007874015" HPOS="368.503937007874" CONTENT="tume" SUBS_TYPE="HypPart2" SUBS_CONTENT="costume" ID="tl_22_1" STYLEREFS="FONT0"/>
            <SP HEIGHT="132.28346456692913" WIDTH="39.37007874015748" VPOS="3450.3937007874015" HPOS="680.3149606299213"/>
            <String HEIGHT="132.28346456692913" WIDTH="272.4409448818898" VPOS="3450.3937007874015" HPOS="563.7795275590552" CONTENT="des" ID="tl_22_2" STYLEREFS="FONT0"/>
            <SP HEIGHT="132.28346456692913" WIDTH="39.37007874015748" VPOS="3450.3937007874015" HPOS="836.2204724409448"/>
            <String HEIGHT="132.28346456692913" WIDTH="428.34645669291336" VPOS="3450.3937007874015" HPOS="719.6850393700787" CONTENT="anciens" ID="tl_22_3" STYLEREFS="FONT0"/>
            <SP HEIGHT="132.28346456692913" WIDTH="39.37007874015748" VPOS="3450.3937007874015" HPOS="1148.0314960629921"/>
            <String HEIGHT="132.28346456692913" WIDTH="390.5511811023622" VPOS="3450.3937007874015" HPOS="992.1259842519685" CONTENT="Romains." ID="tl_22_4" STYLEREFS="FONT0"/>
          </TextLine>
        </TextBlock>
        <TextBlock ID="r_5_1" HEIGHT="64.56692913385827" WIDTH="39.37007874015748" VPOS="3607.8740157480315" HPOS="1683.4645669291338">
          <TextLine ID="tl_23" BASELINE="2343" HEIGHT="133.85826771653544" WIDTH="58.267716535433074" VPOS="3555.9055118110236" HPOS="1674.015748031496">
            <String HEIGHT="133.85826771653544" WIDTH="174.8031496062992" VPOS="3555.9055118110236" HPOS="1557.4803149606298" CONTENT="7" ID="tl_23_1" STYLEREFS="FONT0"/>
          </TextLine>
        </TextBlock>
        <GraphicalElement ID="r_6" HEIGHT="50.39370078740158" WIDTH="856.6929133858267" VPOS="47.24409448818898" HPOS="1222.0472440944882"/>
        <GraphicalElement ID="r_7" HEIGHT="39.37007874015748" WIDTH="685.0393700787401" VPOS="77.16535433070867" HPOS="537.007874015748"/>
        <GraphicalElement ID="r_8" HEIGHT="11.023622047244094" WIDTH="299.21259842519686" VPOS="859.8425196850394" HPOS="921.2598425196851"/>
        <GraphicalElement ID="r_9" HEIGHT="2157.48031496063" WIDTH="80.31496062992126" VPOS="447.244094488189" HPOS="85.03937007874016"/>
        <GraphicalElement ID="r_10" HEIGHT="598.4251968503937" WIDTH="39.37007874015748" VPOS="2604.7244094488187" HPOS="144.88188976377953"/>
        <GraphicalElement ID="r_11" HEIGHT="1168.5039370078741" WIDTH="75.59055118110236" VPOS="97.63779527559055" HPOS="2311.8110236220473"/>
        <GraphicalElement ID="r_12" HEIGHT="749.6062992125984" WIDTH="33.07086614173228" VPOS="1870.8661417322835" HPOS="2393.700787401575"/>
        <GraphicalElement ID="r_13" HEIGHT="160.62992125984252" WIDTH="7.874015748031496" VPOS="3404.7244094488187" HPOS="2425.196850393701"/>
        <GraphicalElement ID="r_14" HEIGHT="285.03937007874015" WIDTH="18.89763779527559" VPOS="3565.3543307086616" HPOS="2429.9212598425197"/>
        <GraphicalElement ID="r_15" HEIGHT="6.299212598425197" WIDTH="155.90551181102362" VPOS="97.63779527559055" HPOS="1253.5433070866143"/>
        <GraphicalElement ID="r_16" HEIGHT="64.56692913385827" WIDTH="3.1496062992125986" VPOS="303.93700787401576" HPOS="2318.1102362204724"/>
      </PrintSpace>
    </Page>
  </Layout>
</alto>
