2466.1417322834645 4270.866141732284
883.4645669291339 237.79527559055117 381.1023622047244 184.251968503937 (55

754.3307086614174 494.48818897637796 696.0629921259842 170.07874015748033 MARBRES

379.5275590551181 694.488188976378 376.37795275590554 129.13385826771653 DANS
615.7480314960629 694.488188976378 281.8897637795276 129.13385826771653 LE
755.9055118110236 694.488188976378 611.0236220472441 129.13385826771653 VESTIBULE
1226.7716535433071 694.488188976378 281.8897637795276 129.13385826771653 DE
1368.5039370078741 694.488188976378 281.8897637795276 129.13385826771653 LA
1461.4173228346456 694.488188976378 470.86614173228344 129.13385826771653 GALERIE.

245.66929133858267 1091.3385826771653 496.06299212598424 132.28346456692913 DÉLAISTRE
626.7716535433071 1091.3385826771653 877.1653543307086 132.28346456692913 (François-Nicolas),
1390.5511811023623 1091.3385826771653 496.06299212598424 132.28346456692913 sculpteur
1733.8582677165355 1091.3385826771653 343.3070866141732 132.28346456692913 vivant.

242.51968503937007 1275.5905511811025 316.53543307086613 155.90551181102362 75.
423.62204724409446 1275.5905511811025 451.9685039370079 155.90551181102362 Psyché
740.1574803149606 1275.5905511811025 270.86614173228344 155.90551181102362 et
831.496062992126 1275.5905511811025 451.9685039370079 155.90551181102362 l’Amour.

496.06299212598424 1488.1889763779527 417.3228346456693 132.28346456692913 Psyché,
798.4251968503937 1488.1889763779527 302.3622047244094 132.28346456692913 pour
988.9763779527559 1488.1889763779527 377.9527559055118 132.28346456692913 suivre
1253.5433070866143 1488.1889763779527 226.77165354330708 132.28346456692913 le
1366.9291338582677 1488.1889763779527 417.3228346456693 132.28346456692913 conseil
1669.291338582677 1488.1889763779527 417.3228346456693 132.28346456692913 perfide
1935.4330708661416 1488.1889763779527 151.1811023622047 132.28346456692913 de

417.3228346456693 1600.0 259.84251968503935 133.85826771653544 ses
566.9291338582677 1600.0 370.0787401574803 133.85826771653544 sœurs,
825.1968503937007 1600.0 222.04724409448818 133.85826771653544 se
937.007874015748 1600.0 296.06299212598424 133.85826771653544 lève
1122.8346456692914 1600.0 407.87401574803147 133.85826771653544 pendant
1418.8976377952756 1600.0 222.04724409448818 133.85826771653544 la
1530.708661417323 1600.0 333.8582677165354 133.85826771653544 nuit,
1752.755905511811 1600.0 259.84251968503935 133.85826771653544 et,
1900.7874015748032 1600.0 185.82677165354332 133.85826771653544 à
1938.5826771653544 1600.0 148.03149606299212 133.85826771653544 la

414.1732283464567 1708.6614173228347 335.43307086614175 137.00787401574803 lueur
637.7952755905512 1708.6614173228347 335.43307086614175 137.00787401574803 d’une
861.4173228346457 1708.6614173228347 371.65354330708664 137.00787401574803 lampe,
1121.259842519685 1708.6614173228347 371.65354330708664 137.00787401574803 s’arme
1381.1023622047244 1708.6614173228347 297.6377952755906 137.00787401574803 d’un
1566.9291338582677 1708.6614173228347 445.6692913385827 137.00787401574803 poignard
1864.5669291338584 1708.6614173228347 223.6220472440945 137.00787401574803 pour

420.4724409448819 1829.9212598425197 497.6377952755906 114.96062992125984 assassiner
812.5984251968504 1829.9212598425197 248.8188976377953 114.96062992125984 son
954.3307086614174 1829.9212598425197 355.90551181102364 114.96062992125984 époux,
1203.1496062992126 1829.9212598425197 285.03937007874015 114.96062992125984 dans
1381.1023622047244 1829.9212598425197 212.5984251968504 114.96062992125984 la
1486.6141732283465 1829.9212598425197 355.90551181102364 114.96062992125984 pensee
1735.4330708661416 1829.9212598425197 248.8188976377953 114.96062992125984 que
1842.5196850393702 1829.9212598425197 248.8188976377953 114.96062992125984 c’est

420.4724409448819 1907.0866141732283 222.04724409448818 141.73228346456693 un
532.2834645669292 1907.0866141732283 444.09448818897636 141.73228346456693 monstre.
866.1417322834645 1907.0866141732283 296.06299212598424 141.73228346456693 Elle
1050.3937007874015 1907.0866141732283 518.1102362204724 141.73228346456693 s’approche
1458.267716535433 1907.0866141732283 222.04724409448818 141.73228346456693 du
1570.0787401574803 1907.0866141732283 259.84251968503935 141.73228346456693 lit
1718.1102362204724 1907.0866141732283 222.04724409448818 141.73228346456693 où
1828.3464566929133 1907.0866141732283 222.04724409448818 141.73228346456693 il
1902.3622047244094 1907.0866141732283 185.82677165354332 141.73228346456693 re-

422.0472440944882 2048.818897637795 333.8582677165354 96.06299212598425 pose;
645.6692913385826 2048.818897637795 296.06299212598424 96.06299212598425 mais
829.9212598425197 2048.818897637795 296.06299212598424 96.06299212598425 elle
1015.7480314960629 2048.818897637795 259.84251968503935 96.06299212598425 est
1163.7795275590552 2048.818897637795 592.1259842519685 96.06299212598425 agréablement
1645.6692913385828 2048.818897637795 444.09448818897636 96.06299212598425 surprise
1941.732283464567 2048.818897637795 148.03149606299212 96.06299212598425 et

422.0472440944882 2125.984251968504 503.93700787401576 110.23622047244095 détrompée
811.0236220472441 2125.984251968504 349.6062992125984 110.23622047244095 quand
1044.0944881889764 2125.984251968504 310.23622047244095 110.23622047244095 elle
1237.7952755905512 2125.984251968504 310.23622047244095 110.23622047244095 voit
1431.4960629921259 2125.984251968504 466.1417322834646 110.23622047244095 Cupidon,
1781.1023622047244 2125.984251968504 233.0708661417323 110.23622047244095 le
1858.267716535433 2125.984251968504 233.0708661417323 110.23622047244095 plus

423.62204724409446 2253.5433070866143 289.76377952755905 92.91338582677166 beau
604.7244094488188 2253.5433070866143 253.54330708661416 92.91338582677166 des
749.6062992125984 2253.5433070866143 362.20472440944883 92.91338582677166 dieux.
1003.1496062992126 2253.5433070866143 217.3228346456693 92.91338582677166 Au
1111.8110236220473 2253.5433070866143 470.86614173228344 92.91338582677166 désespoir
1472.4409448818897 2253.5433070866143 398.4251968503937 92.91338582677166 d’avoir
1762.2047244094488 2253.5433070866143 325.98425196850394 92.91338582677166 formé
1943.3070866141732 2253.5433070866143 144.88188976377953 92.91338582677166 un

425.1968503937008 2355.9055118110236 325.98425196850394 102.36220472440945 aussi
642.5196850393701 2355.9055118110236 289.76377952755905 102.36220472440945 noir
823.6220472440945 2355.9055118110236 398.4251968503937 102.36220472440945 projet,
1111.8110236220473 2355.9055118110236 362.20472440944883 102.36220472440945 Psyché
1365.3543307086613 2355.9055118110236 289.76377952755905 102.36220472440945 veut
1546.4566929133857 2355.9055118110236 217.3228346456693 102.36220472440945 se
1618.8976377952756 2355.9055118110236 469.29133858267716 102.36220472440945 poignarder:

425.1968503937008 2456.6929133858266 532.2834645669292 133.85826771653544 cependant,
842.5196850393701 2456.6929133858266 266.1417322834646 133.85826771653544 des
995.2755905511812 2456.6929133858266 532.2834645669292 133.85826771653544 sentiments
1412.5984251968505 2456.6929133858266 303.93700787401576 133.85826771653544 plus
1601.5748031496064 2456.6929133858266 303.93700787401576 133.85826771653544 doux
1754.3307086614172 2456.6929133858266 341.73228346456693 133.85826771653544 faisant

429.9212598425197 2554.3307086614172 333.8582677165354 130.70866141732284 place
651.9685039370079 2554.3307086614172 185.82677165354332 130.70866141732284 à
725.9842519685039 2554.3307086614172 259.84251968503935 130.70866141732284 ses
874.0157480314961 2554.3307086614172 444.09448818897636 130.70866141732284 remords,
1206.2992125984251 2554.3307086614172 296.06299212598424 130.70866141732284 elle
1392.1259842519685 2554.3307086614172 592.1259842519685 130.70866141732284 s’abandonne,
1872.4409448818897 2554.3307086614172 222.04724409448818 130.70866141732284 et
1946.4566929133857 2554.3307086614172 148.03149606299212 130.70866141732284 se

431.496062992126 2659.8425196850394 305.51181102362204 144.88188976377953 livre
636.2204724409448 2659.8425196850394 270.86614173228344 144.88188976377953 tout
804.7244094488188 2659.8425196850394 373.2283464566929 144.88188976377953 entière
1077.1653543307086 2659.8425196850394 203.1496062992126 144.88188976377953 au
1177.9527559055118 2659.8425196850394 373.2283464566929 144.88188976377953 plaisir
1450.3937007874015 2659.8425196850394 203.1496062992126 144.88188976377953 de
1551.1811023622047 2659.8425196850394 440.9448818897638 144.88188976377953 regarder,
1856.6929133858268 2659.8425196850394 237.79527559055117 144.88188976377953 d’ad-

434.6456692913386 2782.6771653543306 332.2834645669291 141.73228346456693 mirer
655.1181102362204 2782.6771653543306 294.48818897637796 141.73228346456693 pour
839.3700787401575 2782.6771653543306 222.04724409448818 141.73228346456693 la
951.1811023622047 2782.6771653543306 442.5196850393701 141.73228346456693 première
1283.4645669291338 2782.6771653543306 294.48818897637796 141.73228346456693 fois
1467.716535433071 2782.6771653543306 222.04724409448818 141.73228346456693 la
1577.9527559055118 2782.6771653543306 368.503937007874 141.73228346456693 beauté
1836.2204724409448 2782.6771653543306 222.04724409448818 141.73228346456693 de
1910.236220472441 2782.6771653543306 184.251968503937 141.73228346456693 son

417.3228346456693 2885.0393700787404 351.18110236220474 122.83464566929133 jeune
651.9685039370079 2885.0393700787404 390.5511811023622 122.83464566929133 époux,
924.4094488188977 2885.0393700787404 195.2755905511811 122.83464566929133 à
1003.1496062992126 2885.0393700787404 272.4409448818898 122.83464566929133 qui
1159.0551181102362 2885.0393700787404 272.4409448818898 122.83464566929133 les
1314.9606299212599 2885.0393700787404 467.7165354330709 122.83464566929133 douceurs
1666.1417322834645 2885.0393700787404 234.64566929133858 122.83464566929133 du
1743.3070866141732 2885.0393700787404 351.18110236220474 122.83464566929133 sommeil

428.34645669291336 2998.4251968503936 439.37007874015745 137.00787401574803 prêtent
746.4566929133858 2998.4251968503936 239.37007874015748 137.00787401574803 de
866.1417322834645 2998.4251968503936 478.74015748031496 137.00787401574803 nouveaux
1185.8267716535433 2998.4251968503936 398.4251968503937 137.00787401574803 charmes.

513.3858267716536 3116.535433070866 343.3070866141732 168.50393700787401 NOTA.
741.7322834645669 3116.535433070866 228.3464566929134 168.50393700787401 Ce
856.6929133858267 3116.535433070866 381.1023622047244 168.50393700787401 groupe
1124.4094488188975 3116.535433070866 190.5511811023622 168.50393700787401 a
1200.0 3116.535433070866 267.7165354330709 168.50393700787401 été
1352.755905511811 3116.535433070866 420.4724409448819 168.50393700787401 exécuté
1658.267716535433 3116.535433070866 190.5511811023622 168.50393700787401 à
1696.0629921259842 3116.535433070866 267.7165354330709 168.50393700787401 Rome.
