1566 2712
561 151 242 117 (55

479 314 442 108 MARBRES

241 441 239 82 DANS
391 441 179 82 LE
480 441 388 82 VESTIBULE
779 441 179 82 DE
869 441 179 82 LA
928 441 299 82 GALERIE.

156 693 315 84 DÉLAISTRE
398 693 557 84 (François-Nicolas),
883 693 315 84 sculpteur
1101 693 218 84 vivant.

154 810 201 99 75.
269 810 287 99 Psyché
470 810 172 99 et
528 810 287 99 l’Amour.

315 945 265 84 Psyché,
507 945 192 84 pour
628 945 240 84 suivre
796 945 144 84 le
868 945 265 84 conseil
1060 945 265 84 perfide
1229 945 96 84 de

265 1016 165 85 ses
360 1016 235 85 sœurs,
524 1016 141 85 se
595 1016 188 85 lève
713 1016 259 85 pendant
901 1016 141 85 la
972 1016 212 85 nuit,
1113 1016 165 85 et,
1207 1016 118 85 à
1231 1016 94 85 la

263 1085 213 87 lueur
405 1085 213 87 d’une
547 1085 236 87 lampe,
712 1085 236 87 s’arme
877 1085 189 87 d’un
995 1085 283 87 poignard
1184 1085 142 87 pour

267 1162 316 73 assassiner
516 1162 158 73 son
606 1162 226 73 époux,
764 1162 181 73 dans
877 1162 135 73 la
944 1162 226 73 pensee
1102 1162 158 73 que
1170 1162 158 73 c’est

267 1211 141 90 un
338 1211 282 90 monstre.
550 1211 188 90 Elle
667 1211 329 90 s’approche
926 1211 141 90 du
997 1211 165 90 lit
1091 1211 141 90 où
1161 1211 141 90 il
1208 1211 118 90 re-

268 1301 212 61 pose;
410 1301 188 61 mais
527 1301 188 61 elle
645 1301 165 61 est
739 1301 376 61 agréablement
1045 1301 282 61 surprise
1233 1301 94 61 et

268 1350 320 70 détrompée
515 1350 222 70 quand
663 1350 197 70 elle
786 1350 197 70 voit
909 1350 296 70 Cupidon,
1131 1350 148 70 le
1180 1350 148 70 plus

269 1431 184 59 beau
384 1431 161 59 des
476 1431 230 59 dieux.
637 1431 138 59 Au
706 1431 299 59 désespoir
935 1431 253 59 d’avoir
1119 1431 207 59 formé
1234 1431 92 59 un

270 1496 207 65 aussi
408 1496 184 65 noir
523 1496 253 65 projet,
706 1496 230 65 Psyché
867 1496 184 65 veut
982 1496 138 65 se
1028 1496 298 65 poignarder:

270 1560 338 85 cependant,
535 1560 169 85 des
632 1560 338 85 sentiments
897 1560 193 85 plus
1017 1560 193 85 doux
1114 1560 217 85 faisant

273 1622 212 83 place
414 1622 118 83 à
461 1622 165 83 ses
555 1622 282 83 remords,
766 1622 188 83 elle
884 1622 376 83 s’abandonne,
1189 1622 141 83 et
1236 1622 94 83 se

274 1689 194 92 livre
404 1689 172 92 tout
511 1689 237 92 entière
684 1689 129 92 au
748 1689 237 92 plaisir
921 1689 129 92 de
985 1689 280 92 regarder,
1179 1689 151 92 d’ad-

276 1767 211 90 mirer
416 1767 187 90 pour
533 1767 141 90 la
604 1767 281 90 première
815 1767 187 90 fois
932 1767 141 90 la
1002 1767 234 90 beauté
1166 1767 141 90 de
1213 1767 117 90 son

265 1832 223 78 jeune
414 1832 248 78 époux,
587 1832 124 78 à
637 1832 173 78 qui
736 1832 173 78 les
835 1832 297 78 douceurs
1058 1832 149 78 du
1107 1832 223 78 sommeil

272 1904 279 87 prêtent
474 1904 152 87 de
550 1904 304 87 nouveaux
753 1904 253 87 charmes.

326 1979 218 107 NOTA.
471 1979 145 107 Ce
544 1979 242 107 groupe
714 1979 121 107 a
762 1979 170 107 été
859 1979 267 107 exécuté
1053 1979 121 107 à
1077 1979 170 107 Rome.
