2584.251968503937 4318.110236220473
1149.6062992125985 253.54330708661416 414.1732283464567 182.6771653543307 (76
1327.5590551181103 253.54330708661416 177.95275590551182 182.6771653543307 )

415.748031496063 401.5748031496063 340.15748031496065 114.96062992125984 PAJOU
642.5196850393701 401.5748031496063 568.503937007874 114.96062992125984 (Augustin),
1097.6377952755906 401.5748031496063 377.9527559055118 114.96062992125984 membre
1362.2047244094488 401.5748031496063 226.77165354330708 114.96062992125984 de
1475.5905511811025 401.5748031496063 530.7086614173228 114.96062992125984 l’Institut
1892.9133858267717 401.5748031496063 226.77165354330708 114.96062992125984 de
1968.5039370078741 401.5748031496063 302.3622047244094 114.96062992125984 France

508.66141732283467 518.1102362204724 201.5748031496063 114.96062992125984 et
609.4488188976378 518.1102362204724 201.5748031496063 114.96062992125984 de
708.6614173228346 518.1102362204724 201.5748031496063 114.96062992125984 la
809.4488188976378 518.1102362204724 703.9370078740158 114.96062992125984 Légion-d’Honneur,
1412.5984251968505 518.1102362204724 201.5748031496063 114.96062992125984 né
1513.3858267716535 518.1102362204724 300.78740157480314 114.96062992125984 à...,
1713.3858267716535 518.1102362204724 267.7165354330709 114.96062992125984 mort
1881.8897637795276 518.1102362204724 166.9291338582677 114.96062992125984 à
1914.9606299212599 518.1102362204724 267.7165354330709 114.96062992125984 Paris.

411.0236220472441 658.2677165354331 346.45669291338584 212.5984251968504 76.
607.8740157480315 658.2677165354331 496.06299212598424 212.5984251968504 Psyché
905.511811023622 658.2677165354331 644.0944881889764 212.5984251968504 abandonnée.

532.2834645669292 848.8188976377953 329.13385826771656 160.62992125984252 Psyché
762.2047244094488 848.8188976377953 329.13385826771656 160.62992125984252 perdit
993.7007874015748 848.8188976377953 362.20472440944883 160.62992125984252 l’Amour
1256.6929133858268 848.8188976377953 196.8503937007874 160.62992125984252 en
1354.3307086614172 848.8188976377953 362.20472440944883 160.62992125984252 voulant
1618.8976377952756 848.8188976377953 196.8503937007874 160.62992125984252 le
1683.4645669291338 848.8188976377953 395.2755905511811 160.62992125984252 connoître.

675.5905511811023 984.2519685039371 371.65354330708664 129.13385826771653 Psyché
935.4330708661417 984.2519685039371 519.6850393700787 129.13385826771653 continuoit
1344.8818897637796 984.2519685039371 185.82677165354332 129.13385826771653 à
1418.8976377952756 984.2519685039371 445.6692913385827 129.13385826771653 regarder
1714.9606299212599 984.2519685039371 557.4803149606299 129.13385826771653 attenfivement

590.5511811023622 1103.9370078740158 267.7165354330709 148.03149606299212 son
743.3070866141733 1103.9370078740158 382.6771653543307 148.03149606299212 époux,
1011.0236220472441 1103.9370078740158 344.88188976377955 148.03149606299212 quand
1239.3700787401574 1103.9370078740158 267.7165354330709 148.03149606299212 une
1393.7007874015749 1103.9370078740158 382.6771653543307 148.03149606299212 goutte
1661.4173228346456 1103.9370078740158 458.26771653543307 148.03149606299212 d’huile,
1966.9291338582677 1103.9370078740158 305.51181102362204 148.03149606299212 tombée

588.9763779527559 1233.0708661417323 229.92125984251967 99.21259842519684 de
703.9370078740158 1233.0708661417323 229.92125984251967 99.21259842519684 sa
818.8976377952756 1233.0708661417323 344.88188976377955 99.21259842519684 lampe
1047.244094488189 1233.0708661417323 267.7165354330709 99.21259842519684 sur
1201.5748031496064 1233.0708661417323 459.84251968503935 99.21259842519684 l’épaule
1544.8818897637796 1233.0708661417323 229.92125984251967 99.21259842519684 de
1659.8425196850394 1233.0708661417323 459.84251968503935 99.21259842519684 l’Amour,
2004.724409448819 1233.0708661417323 229.92125984251967 99.21259842519684 le
2080.314960629921 1233.0708661417323 192.1259842519685 99.21259842519684 ré-

593.7007874015748 1310.236220472441 411.0236220472441 119.68503937007874 veilla:
892.9133858267717 1310.236220472441 448.81889763779526 119.68503937007874 aussitôt
1229.9212598425197 1310.236220472441 223.6220472440945 119.68503937007874 il
1341.732283464567 1310.236220472441 337.00787401574803 119.68503937007874 prend
1565.3543307086613 1310.236220472441 261.4173228346457 119.68503937007874 son
1714.9606299212599 1310.236220472441 299.21259842519686 119.68503937007874 vol.
1902.3622047244094 1310.236220472441 373.2283464566929 119.68503937007874 Psyché
2125.984251968504 1310.236220472441 149.60629921259843 119.68503937007874 le

592.1259842519685 1431.4960629921259 329.13385826771656 102.36220472440945 suit;
811.0236220472441 1431.4960629921259 292.9133858267717 102.36220472440945 mais
993.7007874015748 1431.4960629921259 401.5748031496063 102.36220472440945 l’Amour
1286.6141732283465 1431.4960629921259 511.81102362204723 102.36220472440945 disparoit,
1688.1889763779527 1431.4960629921259 329.13385826771656 102.36220472440945 après
1907.0866141732283 1431.4960629921259 255.11811023622047 102.36220472440945 lui
2017.3228346456692 1431.4960629921259 255.11811023622047 102.36220472440945 avoir

587.4015748031496 1522.8346456692914 469.29133858267716 118.11023622047244 reproché
940.1574803149606 1522.8346456692914 234.64566929133858 118.11023622047244 sa
1056.6929133858268 1522.8346456692914 508.66141732283467 118.11023622047244 crédulité
1448.8188976377953 1522.8346456692914 234.64566929133858 118.11023622047244 et
1566.9291338582677 1522.8346456692914 234.64566929133858 118.11023622047244 sa
1644.0944881889764 1522.8346456692914 626.7716535433071 118.11023622047244 désobéissance.

582.6771653543307 1645.6692913385828 393.7007874015748 110.23622047244095 Psyché
858.2677165354331 1645.6692913385828 354.3307086614173 110.23622047244095 gémit
1094.4881889763778 1645.6692913385828 236.2204724409449 110.23622047244095 et
1212.5984251968505 1645.6692913385828 236.2204724409449 110.23622047244095 se
1330.708661417323 1645.6692913385828 511.81102362204723 110.23622047244095 désespère
1722.8346456692914 1645.6692913385828 433.07086614173227 110.23622047244095 d’avoir
1998.4251968503936 1645.6692913385828 275.59055118110234 110.23622047244095 causé

593.7007874015748 1740.1574803149606 475.59055118110234 114.96062992125984 elle-même
959.0551181102362 1740.1574803149606 255.11811023622047 114.96062992125984 son
1105.5118110236222 1740.1574803149606 437.79527559055117 114.96062992125984 malheur.
1433.0708661417323 1740.1574803149606 292.9133858267717 114.96062992125984 Elle
1615.748031496063 1740.1574803149606 255.11811023622047 114.96062992125984 est
1762.2047244094488 1740.1574803149606 365.3543307086614 114.96062992125984 assise
2018.8976377952756 1740.1574803149606 255.11811023622047 114.96062992125984 sur
2127.5590551181103 1740.1574803149606 146.45669291338584 114.96062992125984 le

587.4015748031496 1855.1181102362204 274.01574803149606 121.25984251968504 lit
744.8818897637796 1855.1181102362204 470.86614173228344 121.25984251968504 nuptial,
1097.6377952755906 1855.1181102362204 313.38582677165357 121.25984251968504 orné
1292.9133858267717 1855.1181102362204 234.64566929133858 121.25984251968504 de
1411.023622047244 1855.1181102362204 508.66141732283467 121.25984251968504 couronnes
1801.5748031496064 1855.1181102362204 470.86614173228344 121.25984251968504 tressées
2114.9606299212596 1855.1181102362204 157.48031496062993 121.25984251968504 de

592.1259842519685 1952.755905511811 373.2283464566929 118.11023622047244 myrtes
853.5433070866142 1952.755905511811 223.6220472440945 118.11023622047244 et
965.3543307086615 1952.755905511811 223.6220472440945 118.11023622047244 de
1077.1653543307086 1952.755905511811 373.2283464566929 118.11023622047244 roses,
1338.5826771653544 1952.755905511811 223.6220472440945 118.11023622047244 au
1448.8188976377953 1952.755905511811 373.2283464566929 118.11023622047244 milieu
1710.236220472441 1952.755905511811 521.2598425196851 118.11023622047244 desquelles
2083.464566929134 1952.755905511811 185.82677165354332 118.11023622047244 est

585.8267716535433 2062.9921259842517 226.77165354330708 149.60629921259843 un
699.2125984251968 2062.9921259842517 489.76377952755905 149.60629921259843 papillor,
1075.5905511811025 2062.9921259842517 414.1732283464567 149.60629921259843 symbole
1377.9527559055118 2062.9921259842517 226.77165354330708 149.60629921259843 de
1453.5433070866143 2062.9921259842517 300.78740157480314 149.60629921259843 l’ame.

458.26771653543307 2395.2755905511813 533.8582677165355 119.68503937007874 ALLEGRIN,
869.2913385826772 2395.2755905511813 411.0236220472441 119.68503937007874 membre
1157.4803149606298 2395.2755905511813 247.24409448818898 119.68503937007874 de
1280.3149606299212 2395.2755905511813 247.24409448818898 119.68503937007874 la
1403.1496062992126 2395.2755905511813 533.8582677165355 119.68503937007874 ci-devant
1773.2283464566929 2395.2755905511813 451.9685039370079 119.68503937007874 Académie.

418.8976377952756 2514.9606299212596 307.0866141732283 203.1496062992126 77.
595.2755905511812 2514.9606299212596 395.2755905511811 203.1496062992126 Diane
858.2677165354331 2514.9606299212596 395.2755905511811 203.1496062992126 prête
1122.8346456692914 2514.9606299212596 220.4724409448819 203.1496062992126 à
1209.4488188976377 2514.9606299212596 439.37007874015745 203.1496062992126 entrer
1518.1102362204724 2514.9606299212596 262.99212598425197 203.1496062992126 au
1648.8188976377953 2514.9606299212596 395.2755905511811 203.1496062992126 bain.
1913.3858267716535 2514.9606299212596 262.99212598425197 203.1496062992126 La
2001.5748031496064 2514.9606299212596 262.99212598425197 203.1496062992126 tête

514.9606299212599 2661.417322834646 229.92125984251967 163.7795275590551 a
606.2992125984252 2661.417322834646 322.8346456692913 163.7795275590551 été
790.5511811023622 2661.417322834646 414.1732283464567 163.7795275590551 faite
1067.716535433071 2661.417322834646 507.0866141732283 163.7795275590551 d’après
1434.6456692913387 2661.417322834646 459.84251968503935 163.7795275590551 madame
1711.8110236220473 2661.417322834646 414.1732283464567 163.7795275590551 Dubary.

414.1732283464567 2817.3228346456694 332.2834645669291 168.50393700787401 78.
604.7244094488188 2817.3228346456694 428.34645669291336 168.50393700787401 Vénus
889.7637795275591 2817.3228346456694 522.8346456692914 168.50393700787401 sortant
1269.291338582677 2817.3228346456694 285.03937007874015 168.50393700787401 du
1365.3543307086613 2817.3228346456694 332.2834645669291 168.50393700787401 bain.

788.9763779527559 3166.9291338582675 637.7952755905512 141.73228346456693 OUVRAGE
1195.275590551181 3166.9291338582675 696.0629921259842 141.73228346456693 FLORENTIN.

423.62204724409446 3321.259842519685 324.40944881889766 171.6535433070866 79.
607.8740157480315 3321.259842519685 601.5748031496063 171.6535433070866 L’Amitié.
1070.8661417322835 3321.259842519685 370.0787401574803 171.6535433070866 Elle
1302.3622047244094 3321.259842519685 508.66141732283467 171.6535433070866 s’ouvre
1672.4409448818897 3321.259842519685 277.1653543307087 171.6535433070866 le
1811.023622047244 3321.259842519685 370.0787401574803 171.6535433070866 cœur
1996.8503937007874 3321.259842519685 277.1653543307087 171.6535433070866 pour

522.8346456692914 3461.417322834646 477.1653543307087 159.0551181102362 montrer
870.8661417322835 3461.417322834646 259.84251968503935 159.0551181102362 sa
957.4803149606299 3461.417322834646 521.2598425196851 159.0551181102362 sincérité.
