2428.3464566929133 4223.622047244095
937.007874015748 248.8188976377953 233.0708661417323 168.50393700787401 (
982.6771653543307 248.8188976377953 278.74015748031496 168.50393700787401 81*)

525.9842519685039 765.3543307086615 1036.2204724409448 129.13385826771653 SUPPLÉMENT.

366.92913385826773 1316.5354330708662 376.37795275590554 212.5984251968504 DAVID
618.8976377952756 1316.5354330708662 836.2204724409448 212.5984251968504 (Jacques-Louis),
1329.1338582677165 1316.5354330708662 250.39370078740157 212.5984251968504 né
1453.5433070866143 1316.5354330708662 209.4488188976378 212.5984251968504 à
1496.0629921259842 1316.5354330708662 333.8582677165354 212.5984251968504 Paris.

188.9763779527559 1623.6220472440946 313.38582677165357 151.1811023622047 98.
366.92913385826773 1623.6220472440946 313.38582677165357 151.1811023622047 Les
546.4566929133858 1623.6220472440946 448.81889763779526 151.1811023622047 amours
861.4173228346457 1623.6220472440946 269.29133858267716 151.1811023622047 de
995.2755905511812 1623.6220472440946 403.1496062992126 151.1811023622047 Paris
1264.5669291338584 1623.6220472440946 269.29133858267716 151.1811023622047 et
1354.3307086614172 1623.6220472440946 492.9133858267717 151.1811023622047 d’Hélène.

439.37007874015745 1903.9370078740158 318.1102362204724 152.75590551181102 Dans
637.7952755905512 1903.9370078740158 278.74015748031496 152.75590551181102 une
796.8503937007874 1903.9370078740158 357.4803149606299 152.75590551181102 salle
1036.2204724409448 1903.9370078740158 239.37007874015748 152.75590551181102 de
1154.3307086614172 1903.9370078740158 318.1102362204724 152.75590551181102 bain
1354.3307086614172 1903.9370078740158 318.1102362204724 152.75590551181102 d’un
1552.755905511811 1903.9370078740158 357.4803149606299 152.75590551181102 style
1751.1811023622047 1903.9370078740158 278.74015748031496 152.75590551181102 grec,

359.0551181102362 2040.9448818897638 507.0866141732283 113.38582677165354 richement
749.6062992125984 2040.9448818897638 467.7165354330709 113.38582677165354 décorée,
1099.2125984251968 2040.9448818897638 388.9763779527559 113.38582677165354 Pâris,
1371.6535433070867 2040.9448818897638 388.9763779527559 113.38582677165354 coiffé
1645.6692913385828 2040.9448818897638 233.0708661417323 113.38582677165354 du
1722.8346456692914 2040.9448818897638 311.81102362204723 113.38582677165354 bonnet

352.755905511811 2154.3307086614172 508.66141732283467 105.51181102362204 phrygien,
743.3070866141733 2154.3307086614172 234.64566929133858 105.51181102362204 et
861.4173228346457 2154.3307086614172 546.4566929133858 105.51181102362204 légèrement
1291.3385826771653 2154.3307086614172 311.81102362204723 105.51181102362204 vétu
1486.6141732283465 2154.3307086614172 311.81102362204723 105.51181102362204 d’un
1642.5196850393702 2154.3307086614172 390.5511811023622 105.51181102362204 manteau,

363.7795275590551 2234.6456692913384 253.54330708661416 127.55905511811024 est
508.66141732283467 2234.6456692913384 325.98425196850394 127.55905511811024 assis
725.9842519685039 2234.6456692913384 289.76377952755905 127.55905511811024 près
907.0866141732283 2234.6456692913384 289.76377952755905 127.55905511811024 d’un
1088.1889763779527 2234.6456692913384 289.76377952755905 127.55905511811024 beau
1269.291338582677 2234.6456692913384 289.76377952755905 127.55905511811024 lit,
1450.3937007874015 2234.6456692913384 398.4251968503937 127.55905511811024 couvert
1740.1574803149606 2234.6456692913384 217.3228346456693 127.55905511811024 de
1812.5984251968505 2234.6456692913384 217.3228346456693 127.55905511811024 dra-

360.62992125984255 2359.0551181102364 371.65354330708664 107.08661417322834 peries
622.0472440944882 2359.0551181102364 223.6220472440945 107.08661417322834 en
733.8582677165355 2359.0551181102364 483.46456692913387 107.08661417322834 désordre.
1105.5118110236222 2359.0551181102364 223.6220472440945 107.08661417322834 Il
1217.3228346456692 2359.0551181102364 445.6692913385827 107.08661417322834 entraîne
1551.1811023622047 2359.0551181102364 297.6377952755906 107.08661417322834 vers
1737.007874015748 2359.0551181102364 259.84251968503935 107.08661417322834 lui
1848.8188976377953 2359.0551181102364 185.82677165354332 107.08661417322834 Hé-

366.92913385826773 2456.6929133858266 325.98425196850394 127.55905511811024 lène,
584.2519685039371 2456.6929133858266 289.76377952755905 127.55905511811024 dont
765.3543307086615 2456.6929133858266 217.3228346456693 127.55905511811024 il
874.0157480314961 2456.6929133858266 362.20472440944883 127.55905511811024 presse
1127.5590551181103 2456.6929133858266 217.3228346456693 127.55905511811024 le
1234.6456692913387 2456.6929133858266 325.98425196850394 127.55905511811024 bras.
1451.9685039370079 2456.6929133858266 398.4251968503937 127.55905511811024 Penchée
1741.732283464567 2456.6929133858266 253.54330708661416 127.55905511811024 sur
1850.3937007874015 2456.6929133858266 181.10236220472441 127.55905511811024 son

365.3543307086614 2549.6062992125985 379.5275590551181 141.73228346456693 amant,
629.9212598425197 2549.6062992125985 417.3228346456693 141.73228346456693 Hélène,
933.8582677165355 2549.6062992125985 264.56692913385825 141.73228346456693 les
1085.0393700787401 2549.6062992125985 303.93700787401576 141.73228346456693 yeux
1275.5905511811025 2549.6062992125985 455.11811023622045 141.73228346456693 baissés,
1615.748031496063 2549.6062992125985 379.5275590551181 141.73228346456693 semble
1844.0944881889764 2549.6062992125985 188.9763779527559 141.73228346456693 oc-

366.92913385826773 2666.1417322834645 319.68503937007875 102.36220472440945 cupée
581.1023622047244 2666.1417322834645 212.5984251968504 102.36220472440945 du
686.6141732283464 2666.1417322834645 426.7716535433071 102.36220472440945 souvenir
1006.2992125984252 2666.1417322834645 212.5984251968504 102.36220472440945 de
1113.3858267716535 2666.1417322834645 390.5511811023622 102.36220472440945 l’époux
1396.8503937007874 2666.1417322834645 390.5511811023622 102.36220472440945 qu’elle
1681.8897637795276 2666.1417322834645 177.95275590551182 102.36220472440945 a
1716.5354330708662 2666.1417322834645 319.68503937007875 102.36220472440945 laissé,

366.92913385826773 2777.952755905512 289.76377952755905 103.93700787401575 pour
548.0314960629921 2777.952755905512 362.20472440944883 103.93700787401575 suivre
801.5748031496063 2777.952755905512 217.3228346456693 103.93700787401575 ce
910.2362204724409 2777.952755905512 507.0866141732283 103.93700787401575 ravisseur.
1308.6614173228347 2777.952755905512 325.98425196850394 103.93700787401575 Pâris
1525.984251968504 2777.952755905512 217.3228346456693 103.93700787401575 va
1634.6456692913387 2777.952755905512 398.4251968503937 103.93700787401575 quitter
1888.1889763779527 2777.952755905512 144.88188976377953 103.93700787401575 sa

363.7795275590551 2880.314960629921 349.6062992125984 103.93700787401575 lyre,
596.8503937007874 2880.314960629921 310.23622047244095 103.93700787401575 pour
792.1259842519685 2880.314960629921 233.0708661417323 103.93700787401575 ne
908.6614173228346 2880.314960629921 505.51181102362204 103.93700787401575 s’occuper
1296.0629921259842 2880.314960629921 272.4409448818898 103.93700787401575 que
1451.9685039370079 2880.314960629921 233.0708661417323 103.93700787401575 de
1568.5039370078741 2880.314960629921 272.4409448818898 103.93700787401575 son
1685.0393700787401 2880.314960629921 349.6062992125984 103.93700787401575 amante,

368.503937007874 3012.5984251968503 341.73228346456693 94.48818897637796 qu’il
595.2755905511812 3012.5984251968503 417.3228346456693 94.48818897637796 regarde
899.2125984251968 3012.5984251968503 683.4645669291339 94.48818897637796 amoureusement.
1469.291338582677 3012.5984251968503 228.3464566929134 94.48818897637796 La
1582.6771653543308 3012.5984251968503 455.11811023622045 94.48818897637796 présence
1886.6141732283465 3012.5984251968503 151.1811023622047 94.48818897637796 de

368.503937007874 3094.488188976378 217.3228346456693 102.36220472440945 la
477.1653543307087 3094.488188976378 362.20472440944883 102.36220472440945 statue
730.7086614173228 3094.488188976378 217.3228346456693 102.36220472440945 de
840.9448818897638 3094.488188976378 325.98425196850394 102.36220472440945 Vénus
1058.267716535433 3094.488188976378 181.10236220472441 102.36220472440945 à
1130.708661417323 3094.488188976378 436.2204724409449 102.36220472440945 laquelle
1456.6929133858268 3094.488188976378 289.76377952755905 102.36220472440945 sont
1601.5748031496064 3094.488188976378 436.2204724409449 102.36220472440945 suspendues

368.503937007874 3196.850393700787 259.84251968503935 96.06299212598425 les
518.1102362204724 3196.850393700787 333.8582677165354 96.06299212598425 armes
740.1574803149606 3196.850393700787 222.04724409448818 96.06299212598425 du
850.3937007874016 3196.850393700787 333.8582677165354 96.06299212598425 jeune
1072.4409448818897 3196.850393700787 370.0787401574803 96.06299212598425 prince
1332.283464566929 3196.850393700787 407.87401574803147 96.06299212598425 troyen,
1628.3464566929133 3196.850393700787 370.0787401574803 96.06299212598425 semble
1850.3937007874015 3196.850393700787 185.82677165354332 96.06299212598425 ap-

371.65354330708664 3308.6614173228345 396.8503937007874 130.70866141732284 prouver
661.4173228346457 3308.6614173228345 253.54330708661416 130.70866141732284 les
804.7244094488188 3308.6614173228345 360.62992125984255 130.70866141732284 amours
1058.267716535433 3308.6614173228345 253.54330708661416 130.70866141732284 que
1203.1496062992126 3308.6614173228345 324.40944881889766 130.70866141732284 cette
1418.8976377952756 3308.6614173228345 360.62992125984255 130.70866141732284 déesse
1672.4409448818897 3308.6614173228345 181.10236220472441 130.70866141732284 a
1744.8818897637796 3308.6614173228345 217.3228346456693 130.70866141732284 si
1815.748031496063 3308.6614173228345 217.3228346456693 130.70866141732284 bien

327.5590551181102 3418.8976377952754 412.59842519685037 135.43307086614172 protégés.
