<alto xmlns:xsi="http://www.w3.org/2001/XMLSchema-instance" xmlns="http://www.loc.gov/standards/alto/ns-v2#" xmlns:page="http://schema.primaresearch.org/PAGE/gts/pagecontent/2013-07-15" xsi:schemaLocation="http://www.loc.gov/standards/alto/ns-v2# http://www.loc.gov/standards/alto/alto.xsd">
  <Description>
    <MeasurementUnit>pixel</MeasurementUnit>
    <sourceImageInformation>
         <fileName>92.xml</fileName>
      </sourceImageInformation>
    <OCRProcessing ID="IdOcr">
      <ocrProcessingStep>
        <processingDateTime>2020-06-24T15:08:06.155+02:00</processingDateTime>
        <processingSoftware>
               <softwareCreator>CONTRIBUTORS</softwareCreator>
               <softwareName>pdfalto</softwareName>
               <softwareVersion>0.1</softwareVersion>
            </processingSoftware>
      </ocrProcessingStep>
    </OCRProcessing>
  </Description>
  <Styles>
     <TextStyle ID="FONT0" FONTFAMILY="unknown" FONTSIZE="unknown" FONTTYPE="unknown" FONTWIDTH="unknown" FONTCOLOR="unknown" FONTSTYLE=""/>
     <TextStyle ID="FONT1" FONTFAMILY="unknown" FONTSIZE="unknown" FONTTYPE="unknown" FONTWIDTH="unknown" FONTCOLOR="unknown" FONTSTYLE="bold"/>
     <TextStyle ID="FONT2" FONTFAMILY="unknown" FONTSIZE="unknown" FONTTYPE="unknown" FONTWIDTH="unknown" FONTCOLOR="unknown" FONTSTYLE="italics"/>
</Styles>
  <Tags/>
  <Layout>
    <Page ID="Page1" PHYSICAL_IMG_NR="1" HEIGHT="4294.488188976378" WIDTH="2570.0787401574803">
      <PrintSpace HEIGHT="4001.5748031496064" WIDTH="2485.0393700787404" VPOS="62.99212598425197" HPOS="0.0">
        <TextBlock ID="r_1_1" HEIGHT="103.93700787401575" WIDTH="267.7165354330709" VPOS="308.66141732283467" HPOS="1266.1417322834645">
          <TextLine ID="tl_1" BASELINE="269" HEIGHT="141.73228346456693" WIDTH="288.18897637795277" VPOS="281.8897637795276" HPOS="1253.5433070866143">
            <String HEIGHT="141.73228346456693" WIDTH="240.9448818897638" VPOS="281.8897637795276" HPOS="1206.2992125984251" CONTENT="(" ID="tl_1_1" STYLEREFS="FONT0"/>
            <SP HEIGHT="141.73228346456693" WIDTH="48.818897637795274" VPOS="281.8897637795276" HPOS="1445.6692913385828"/>
            <String HEIGHT="141.73228346456693" WIDTH="288.18897637795277" VPOS="281.8897637795276" HPOS="1253.5433070866143" CONTENT="82.)" ID="tl_1_2" STYLEREFS="FONT0"/>
          </TextLine>
        </TextBlock>
        <TextBlock ID="r_1_2" HEIGHT="103.93700787401575" WIDTH="1067.716535433071" VPOS="552.7559055118111" HPOS="507.0866141732283">
          <TextLine ID="tl_2" BASELINE="435" HEIGHT="168.50393700787401" WIDTH="1086.6141732283465" VPOS="516.5354330708661" HPOS="497.6377952755906">
            <String HEIGHT="168.50393700787401" WIDTH="330.70866141732284" VPOS="516.5354330708661" HPOS="450.3937007874016" CONTENT="99." ID="tl_2_1" STYLEREFS="FONT0"/>
            <SP HEIGHT="168.50393700787401" WIDTH="47.24409448818898" VPOS="516.5354330708661" HPOS="781.1023622047244"/>
            <String HEIGHT="168.50393700787401" WIDTH="283.46456692913387" VPOS="516.5354330708661" HPOS="639.3700787401575" CONTENT="La" ID="tl_2_2" STYLEREFS="FONT0"/>
            <SP HEIGHT="168.50393700787401" WIDTH="47.24409448818898" VPOS="516.5354330708661" HPOS="922.8346456692914"/>
            <String HEIGHT="168.50393700787401" WIDTH="377.9527559055118" VPOS="516.5354330708661" HPOS="781.1023622047244" CONTENT="mort" ID="tl_2_3" STYLEREFS="FONT0"/>
            <SP HEIGHT="168.50393700787401" WIDTH="47.24409448818898" VPOS="516.5354330708661" HPOS="1159.0551181102362"/>
            <String HEIGHT="168.50393700787401" WIDTH="283.46456692913387" VPOS="516.5354330708661" HPOS="1017.3228346456693" CONTENT="de" ID="tl_2_4" STYLEREFS="FONT0"/>
            <SP HEIGHT="168.50393700787401" WIDTH="47.24409448818898" VPOS="516.5354330708661" HPOS="1300.7874015748032"/>
            <String HEIGHT="168.50393700787401" WIDTH="472.4409448818898" VPOS="516.5354330708661" HPOS="1111.8110236220473" CONTENT="Socrate." ID="tl_2_5" STYLEREFS="FONT0"/>
          </TextLine>
        </TextBlock>
        <TextBlock ID="r_1_3" HEIGHT="2270.8661417322833" WIDTH="1631.4960629921259" VPOS="801.5748031496063" HPOS="677.1653543307086">
          <TextLine ID="tl_3" BASELINE="575" HEIGHT="155.90551181102362" WIDTH="1549.6062992125985" VPOS="749.6062992125984" HPOS="754.3307086614174">
            <String HEIGHT="155.90551181102362" WIDTH="433.07086614173227" VPOS="749.6062992125984" HPOS="718.1102362204724" CONTENT="Socrate," ID="tl_3_1" STYLEREFS="FONT0"/>
            <SP HEIGHT="155.90551181102362" WIDTH="36.22047244094488" VPOS="749.6062992125984" HPOS="1151.1811023622047"/>
            <String HEIGHT="155.90551181102362" WIDTH="503.93700787401576" VPOS="749.6062992125984" HPOS="1042.5196850393702" CONTENT="philosophe" ID="tl_3_2" STYLEREFS="FONT0"/>
            <SP HEIGHT="155.90551181102362" WIDTH="36.22047244094488" VPOS="749.6062992125984" HPOS="1546.4566929133857"/>
            <String HEIGHT="155.90551181102362" WIDTH="324.40944881889766" VPOS="749.6062992125984" HPOS="1439.3700787401574" CONTENT="grec," ID="tl_3_3" STYLEREFS="FONT0"/>
            <SP HEIGHT="155.90551181102362" WIDTH="36.22047244094488" VPOS="749.6062992125984" HPOS="1763.7795275590552"/>
            <String HEIGHT="155.90551181102362" WIDTH="396.8503937007874" VPOS="749.6062992125984" HPOS="1655.1181102362204" CONTENT="s’étoit" ID="tl_3_4" STYLEREFS="FONT0"/>
            <SP HEIGHT="155.90551181102362" WIDTH="36.22047244094488" VPOS="749.6062992125984" HPOS="2051.968503937008"/>
            <String HEIGHT="155.90551181102362" WIDTH="396.8503937007874" VPOS="749.6062992125984" HPOS="1907.0866141732283" CONTENT="distingué" ID="tl_3_5" STYLEREFS="FONT0"/>
          </TextLine>
          <TextLine ID="tl_4" BASELINE="635" HEIGHT="111.81102362204724" WIDTH="1633.0708661417323" VPOS="888.1889763779527" HPOS="672.4409448818898">
            <String HEIGHT="111.81102362204724" WIDTH="272.4409448818898" VPOS="888.1889763779527" HPOS="637.7952755905512" CONTENT="dans" ID="tl_4_1" STYLEREFS="FONT0"/>
            <SP HEIGHT="111.81102362204724" WIDTH="34.645669291338585" VPOS="888.1889763779527" HPOS="910.2362204724409"/>
            <String HEIGHT="111.81102362204724" WIDTH="237.79527559055117" VPOS="888.1889763779527" HPOS="807.8740157480315" CONTENT="les" ID="tl_4_2" STYLEREFS="FONT0"/>
            <SP HEIGHT="111.81102362204724" WIDTH="34.645669291338585" VPOS="888.1889763779527" HPOS="1047.244094488189"/>
            <String HEIGHT="111.81102362204724" WIDTH="272.4409448818898" VPOS="888.1889763779527" HPOS="944.8818897637796" CONTENT="arts" ID="tl_4_3" STYLEREFS="FONT0"/>
            <SP HEIGHT="111.81102362204724" WIDTH="34.645669291338585" VPOS="888.1889763779527" HPOS="1217.3228346456692"/>
            <String HEIGHT="111.81102362204724" WIDTH="204.7244094488189" VPOS="888.1889763779527" HPOS="1114.9606299212599" CONTENT="et" ID="tl_4_4" STYLEREFS="FONT0"/>
            <SP HEIGHT="111.81102362204724" WIDTH="34.645669291338585" VPOS="888.1889763779527" HPOS="1318.1102362204724"/>
            <String HEIGHT="111.81102362204724" WIDTH="237.79527559055117" VPOS="888.1889763779527" HPOS="1217.3228346456692" CONTENT="les" ID="tl_4_5" STYLEREFS="FONT0"/>
            <SP HEIGHT="111.81102362204724" WIDTH="34.645669291338585" VPOS="888.1889763779527" HPOS="1455.1181102362204"/>
            <String HEIGHT="111.81102362204724" WIDTH="442.5196850393701" VPOS="888.1889763779527" HPOS="1352.755905511811" CONTENT="sciences," ID="tl_4_6" STYLEREFS="FONT0"/>
            <SP HEIGHT="111.81102362204724" WIDTH="34.645669291338585" VPOS="888.1889763779527" HPOS="1795.275590551181"/>
            <String HEIGHT="111.81102362204724" WIDTH="305.51181102362204" VPOS="888.1889763779527" HPOS="1692.9133858267717" CONTENT="qu’il" ID="tl_4_7" STYLEREFS="FONT0"/>
            <SP HEIGHT="111.81102362204724" WIDTH="34.645669291338585" VPOS="888.1889763779527" HPOS="2000.0"/>
            <String HEIGHT="111.81102362204724" WIDTH="340.15748031496065" VPOS="888.1889763779527" HPOS="1897.6377952755906" CONTENT="quitta" ID="tl_4_8" STYLEREFS="FONT0"/>
            <SP HEIGHT="111.81102362204724" WIDTH="34.645669291338585" VPOS="888.1889763779527" HPOS="2237.7952755905512"/>
            <String HEIGHT="111.81102362204724" WIDTH="204.7244094488189" VPOS="888.1889763779527" HPOS="2100.787401574803" CONTENT="pour" ID="tl_4_9" STYLEREFS="FONT0"/>
          </TextLine>
          <TextLine ID="tl_5" BASELINE="711" HEIGHT="99.21259842519684" WIDTH="1634.6456692913387" VPOS="1020.4724409448819" HPOS="667.7165354330708">
            <String HEIGHT="99.21259842519684" WIDTH="204.7244094488189" VPOS="1020.4724409448819" HPOS="633.0708661417323" CONTENT="se" ID="tl_5_1" STYLEREFS="FONT0"/>
            <SP HEIGHT="99.21259842519684" WIDTH="34.645669291338585" VPOS="1020.4724409448819" HPOS="837.7952755905512"/>
            <String HEIGHT="99.21259842519684" WIDTH="340.15748031496065" VPOS="1020.4724409448819" HPOS="735.4330708661417" CONTENT="livrer" ID="tl_5_2" STYLEREFS="FONT0"/>
            <SP HEIGHT="99.21259842519684" WIDTH="34.645669291338585" VPOS="1020.4724409448819" HPOS="1077.1653543307086"/>
            <String HEIGHT="99.21259842519684" WIDTH="272.4409448818898" VPOS="1020.4724409448819" HPOS="974.8031496062993" CONTENT="tout" ID="tl_5_3" STYLEREFS="FONT0"/>
            <SP HEIGHT="99.21259842519684" WIDTH="34.645669291338585" VPOS="1020.4724409448819" HPOS="1247.244094488189"/>
            <String HEIGHT="99.21259842519684" WIDTH="340.15748031496065" VPOS="1020.4724409448819" HPOS="1144.8818897637796" CONTENT="entier" ID="tl_5_4" STYLEREFS="FONT0"/>
            <SP HEIGHT="99.21259842519684" WIDTH="34.645669291338585" VPOS="1020.4724409448819" HPOS="1485.0393700787401"/>
            <String HEIGHT="99.21259842519684" WIDTH="170.07874015748033" VPOS="1020.4724409448819" HPOS="1382.6771653543308" CONTENT="à" ID="tl_5_5" STYLEREFS="FONT0"/>
            <SP HEIGHT="99.21259842519684" WIDTH="34.645669291338585" VPOS="1020.4724409448819" HPOS="1552.755905511811"/>
            <String HEIGHT="99.21259842519684" WIDTH="374.8031496062992" VPOS="1020.4724409448819" HPOS="1450.3937007874015" CONTENT="l’étude" ID="tl_5_6" STYLEREFS="FONT0"/>
            <SP HEIGHT="99.21259842519684" WIDTH="34.645669291338585" VPOS="1020.4724409448819" HPOS="1825.1968503937007"/>
            <String HEIGHT="99.21259842519684" WIDTH="204.7244094488189" VPOS="1020.4724409448819" HPOS="1722.8346456692914" CONTENT="de" ID="tl_5_7" STYLEREFS="FONT0"/>
            <SP HEIGHT="99.21259842519684" WIDTH="34.645669291338585" VPOS="1020.4724409448819" HPOS="1927.5590551181103"/>
            <String HEIGHT="99.21259842519684" WIDTH="204.7244094488189" VPOS="1020.4724409448819" HPOS="1825.1968503937007" CONTENT="la" ID="tl_5_8" STYLEREFS="FONT0"/>
            <SP HEIGHT="99.21259842519684" WIDTH="34.645669291338585" VPOS="1020.4724409448819" HPOS="2029.9212598425197"/>
            <String HEIGHT="99.21259842519684" WIDTH="374.8031496062992" VPOS="1020.4724409448819" HPOS="1927.5590551181103" CONTENT="morale." ID="tl_5_9" STYLEREFS="FONT0"/>
            <SP HEIGHT="99.21259842519684" WIDTH="34.645669291338585" VPOS="1020.4724409448819" HPOS="2302.3622047244094"/>
            <String HEIGHT="99.21259842519684" WIDTH="137.00787401574803" VPOS="1020.4724409448819" HPOS="2166.9291338582675" CONTENT="La" ID="tl_5_10" STYLEREFS="FONT0"/>
          </TextLine>
          <TextLine ID="tl_6" BASELINE="770" HEIGHT="102.36220472440945" WIDTH="1636.2204724409448" VPOS="1110.236220472441" HPOS="670.8661417322835">
            <String HEIGHT="102.36220472440945" WIDTH="366.92913385826773" VPOS="1110.236220472441" HPOS="637.7952755905512" CONTENT="liberté" ID="tl_6_1" STYLEREFS="FONT0"/>
            <SP HEIGHT="102.36220472440945" WIDTH="33.07086614173228" VPOS="1110.236220472441" HPOS="1004.7244094488188"/>
            <String HEIGHT="102.36220472440945" WIDTH="267.7165354330709" VPOS="1110.236220472441" HPOS="903.9370078740158" CONTENT="avec" ID="tl_6_2" STYLEREFS="FONT0"/>
            <SP HEIGHT="102.36220472440945" WIDTH="33.07086614173228" VPOS="1110.236220472441" HPOS="1171.6535433070867"/>
            <String HEIGHT="102.36220472440945" WIDTH="400.0" VPOS="1110.236220472441" HPOS="1070.8661417322835" CONTENT="laquelle" ID="tl_6_3" STYLEREFS="FONT0"/>
            <SP HEIGHT="102.36220472440945" WIDTH="33.07086614173228" VPOS="1110.236220472441" HPOS="1472.4409448818897"/>
            <String HEIGHT="102.36220472440945" WIDTH="200.0" VPOS="1110.236220472441" HPOS="1371.6535433070867" CONTENT="il" ID="tl_6_4" STYLEREFS="FONT0"/>
            <SP HEIGHT="102.36220472440945" WIDTH="33.07086614173228" VPOS="1110.236220472441" HPOS="1573.2283464566929"/>
            <String HEIGHT="102.36220472440945" WIDTH="434.6456692913386" VPOS="1110.236220472441" HPOS="1472.4409448818897" CONTENT="aitaquoit" ID="tl_6_5" STYLEREFS="FONT0"/>
            <SP HEIGHT="102.36220472440945" WIDTH="33.07086614173228" VPOS="1110.236220472441" HPOS="1907.0866141732283"/>
            <String HEIGHT="102.36220472440945" WIDTH="267.7165354330709" VPOS="1110.236220472441" HPOS="1806.2992125984251" CONTENT="tous" ID="tl_6_6" STYLEREFS="FONT0"/>
            <SP HEIGHT="102.36220472440945" WIDTH="33.07086614173228" VPOS="1110.236220472441" HPOS="2074.015748031496"/>
            <String HEIGHT="102.36220472440945" WIDTH="233.0708661417323" VPOS="1110.236220472441" HPOS="1973.2283464566929" CONTENT="les" ID="tl_6_7" STYLEREFS="FONT0"/>
            <SP HEIGHT="102.36220472440945" WIDTH="33.07086614173228" VPOS="1110.236220472441" HPOS="2206.299212598425"/>
            <String HEIGHT="102.36220472440945" WIDTH="233.0708661417323" VPOS="1110.236220472441" HPOS="2074.015748031496" CONTENT="vices" ID="tl_6_8" STYLEREFS="FONT0"/>
          </TextLine>
          <TextLine ID="tl_7" BASELINE="858" HEIGHT="137.00787401574803" WIDTH="1640.9448818897638" VPOS="1214.1732283464567" HPOS="667.7165354330708">
            <String HEIGHT="137.00787401574803" WIDTH="255.11811023622047" VPOS="1214.1732283464567" HPOS="631.496062992126" CONTENT="lui" ID="tl_7_1" STYLEREFS="FONT0"/>
            <SP HEIGHT="137.00787401574803" WIDTH="36.22047244094488" VPOS="1214.1732283464567" HPOS="886.6141732283464"/>
            <String HEIGHT="137.00787401574803" WIDTH="365.3543307086614" VPOS="1214.1732283464567" HPOS="776.3779527559055" CONTENT="attira" ID="tl_7_2" STYLEREFS="FONT0"/>
            <SP HEIGHT="137.00787401574803" WIDTH="36.22047244094488" VPOS="1214.1732283464567" HPOS="1141.732283464567"/>
            <String HEIGHT="137.00787401574803" WIDTH="437.79527559055117" VPOS="1214.1732283464567" HPOS="1033.0708661417323" CONTENT="beaucoup" ID="tl_7_3" STYLEREFS="FONT0"/>
            <SP HEIGHT="137.00787401574803" WIDTH="36.22047244094488" VPOS="1214.1732283464567" HPOS="1469.291338582677"/>
            <String HEIGHT="137.00787401574803" WIDTH="510.23622047244095" VPOS="1214.1732283464567" HPOS="1360.6299212598426" CONTENT="d’envieux," ID="tl_7_4" STYLEREFS="FONT0"/>
            <SP HEIGHT="137.00787401574803" WIDTH="36.22047244094488" VPOS="1214.1732283464567" HPOS="1870.8661417322835"/>
            <String HEIGHT="137.00787401574803" WIDTH="255.11811023622047" VPOS="1214.1732283464567" HPOS="1762.2047244094488" CONTENT="qui" ID="tl_7_5" STYLEREFS="FONT0"/>
            <SP HEIGHT="137.00787401574803" WIDTH="36.22047244094488" VPOS="1214.1732283464567" HPOS="2017.3228346456692"/>
            <String HEIGHT="137.00787401574803" WIDTH="437.79527559055117" VPOS="1214.1732283464567" HPOS="1870.8661417322835" CONTENT="travaillè" SUBS_TYPE="HypPart1" SUBS_CONTENT="travaillèrent" ID="tl_7_6" STYLEREFS="FONT0"/>
            <HYP CONTENT="-"/>
          </TextLine>
          <TextLine ID="tl_8" BASELINE="934" HEIGHT="160.62992125984252" WIDTH="1640.9448818897638" VPOS="1310.236220472441" HPOS="669.2913385826772">
            <String HEIGHT="160.62992125984252" WIDTH="285.03937007874015" VPOS="1310.236220472441" HPOS="633.0708661417323" CONTENT="rent" SUBS_TYPE="HypPart2" SUBS_CONTENT="travaillèrent" ID="tl_8_1" STYLEREFS="FONT0"/>
            <SP HEIGHT="160.62992125984252" WIDTH="36.22047244094488" VPOS="1310.236220472441" HPOS="919.6850393700787"/>
            <String HEIGHT="160.62992125984252" WIDTH="499.21259842519686" VPOS="1310.236220472441" HPOS="812.5984251968504" CONTENT="sourdement" ID="tl_8_2" STYLEREFS="FONT0"/>
            <SP HEIGHT="160.62992125984252" WIDTH="36.22047244094488" VPOS="1310.236220472441" HPOS="1311.8110236220473"/>
            <String HEIGHT="160.62992125984252" WIDTH="177.95275590551182" VPOS="1310.236220472441" HPOS="1204.724409448819" CONTENT="à" ID="tl_8_3" STYLEREFS="FONT0"/>
            <SP HEIGHT="160.62992125984252" WIDTH="36.22047244094488" VPOS="1310.236220472441" HPOS="1382.6771653543308"/>
            <String HEIGHT="160.62992125984252" WIDTH="214.17322834645668" VPOS="1310.236220472441" HPOS="1275.5905511811025" CONTENT="le" ID="tl_8_4" STYLEREFS="FONT0"/>
            <SP HEIGHT="160.62992125984252" WIDTH="36.22047244094488" VPOS="1310.236220472441" HPOS="1489.763779527559"/>
            <String HEIGHT="160.62992125984252" WIDTH="392.12598425196853" VPOS="1310.236220472441" HPOS="1382.6771653543308" CONTENT="décrier" ID="tl_8_5" STYLEREFS="FONT0"/>
            <SP HEIGHT="160.62992125984252" WIDTH="36.22047244094488" VPOS="1310.236220472441" HPOS="1774.8031496062993"/>
            <String HEIGHT="160.62992125984252" WIDTH="285.03937007874015" VPOS="1310.236220472441" HPOS="1667.716535433071" CONTENT="dans" ID="tl_8_6" STYLEREFS="FONT0"/>
            <SP HEIGHT="160.62992125984252" WIDTH="36.22047244094488" VPOS="1310.236220472441" HPOS="1952.755905511811"/>
            <String HEIGHT="160.62992125984252" WIDTH="428.34645669291336" VPOS="1310.236220472441" HPOS="1847.244094488189" CONTENT="l’esprit" ID="tl_8_7" STYLEREFS="FONT0"/>
            <SP HEIGHT="160.62992125984252" WIDTH="36.22047244094488" VPOS="1310.236220472441" HPOS="2274.015748031496"/>
            <String HEIGHT="160.62992125984252" WIDTH="177.95275590551182" VPOS="1310.236220472441" HPOS="2132.283464566929" CONTENT="des" ID="tl_8_8" STYLEREFS="FONT0"/>
          </TextLine>
          <TextLine ID="tl_9" BASELINE="1001" HEIGHT="159.0551181102362" WIDTH="1644.0944881889764" VPOS="1417.3228346456692" HPOS="669.2913385826772">
            <String HEIGHT="159.0551181102362" WIDTH="500.78740157480314" VPOS="1417.3228346456692" HPOS="633.0708661417323" CONTENT="Athéniens." ID="tl_9_1" STYLEREFS="FONT0"/>
            <SP HEIGHT="159.0551181102362" WIDTH="36.22047244094488" VPOS="1417.3228346456692" HPOS="1133.8582677165355"/>
            <String HEIGHT="159.0551181102362" WIDTH="214.17322834645668" VPOS="1417.3228346456692" HPOS="1026.7716535433071" CONTENT="Il" ID="tl_9_2" STYLEREFS="FONT0"/>
            <SP HEIGHT="159.0551181102362" WIDTH="36.22047244094488" VPOS="1417.3228346456692" HPOS="1240.9448818897638"/>
            <String HEIGHT="159.0551181102362" WIDTH="250.39370078740157" VPOS="1417.3228346456692" HPOS="1133.8582677165355" CONTENT="fut" ID="tl_9_3" STYLEREFS="FONT0"/>
            <SP HEIGHT="159.0551181102362" WIDTH="36.22047244094488" VPOS="1417.3228346456692" HPOS="1384.251968503937"/>
            <String HEIGHT="159.0551181102362" WIDTH="321.25984251968504" VPOS="1417.3228346456692" HPOS="1277.1653543307086" CONTENT="enfin" ID="tl_9_4" STYLEREFS="FONT0"/>
            <SP HEIGHT="159.0551181102362" WIDTH="36.22047244094488" VPOS="1417.3228346456692" HPOS="1598.4251968503936"/>
            <String HEIGHT="159.0551181102362" WIDTH="357.4803149606299" VPOS="1417.3228346456692" HPOS="1491.3385826771653" CONTENT="appelé" ID="tl_9_5" STYLEREFS="FONT0"/>
            <SP HEIGHT="159.0551181102362" WIDTH="36.22047244094488" VPOS="1417.3228346456692" HPOS="1848.8188976377953"/>
            <String HEIGHT="159.0551181102362" WIDTH="214.17322834645668" VPOS="1417.3228346456692" HPOS="1741.732283464567" CONTENT="en" ID="tl_9_6" STYLEREFS="FONT0"/>
            <SP HEIGHT="159.0551181102362" WIDTH="36.22047244094488" VPOS="1417.3228346456692" HPOS="1955.9055118110236"/>
            <String HEIGHT="159.0551181102362" WIDTH="393.7007874015748" VPOS="1417.3228346456692" HPOS="1848.8188976377953" CONTENT="justice" ID="tl_9_7" STYLEREFS="FONT0"/>
            <SP HEIGHT="159.0551181102362" WIDTH="36.22047244094488" VPOS="1417.3228346456692" HPOS="2242.51968503937"/>
            <String HEIGHT="159.0551181102362" WIDTH="214.17322834645668" VPOS="1417.3228346456692" HPOS="2099.212598425197" CONTENT="pour" ID="tl_9_8" STYLEREFS="FONT0"/>
          </TextLine>
          <TextLine ID="tl_10" BASELINE="1051" HEIGHT="122.83464566929133" WIDTH="1636.2204724409448" VPOS="1532.283464566929" HPOS="672.4409448818898">
            <String HEIGHT="122.83464566929133" WIDTH="335.43307086614175" VPOS="1532.283464566929" HPOS="634.6456692913385" CONTENT="cause" ID="tl_10_1" STYLEREFS="FONT0"/>
            <SP HEIGHT="122.83464566929133" WIDTH="37.79527559055118" VPOS="1532.283464566929" HPOS="970.0787401574803"/>
            <String HEIGHT="122.83464566929133" WIDTH="521.2598425196851" VPOS="1532.283464566929" HPOS="858.2677165354331" CONTENT="d’impiété," ID="tl_10_2" STYLEREFS="FONT0"/>
            <SP HEIGHT="122.83464566929133" WIDTH="37.79527559055118" VPOS="1532.283464566929" HPOS="1379.5275590551182"/>
            <String HEIGHT="122.83464566929133" WIDTH="223.6220472440945" VPOS="1532.283464566929" HPOS="1267.716535433071" CONTENT="et" ID="tl_10_3" STYLEREFS="FONT0"/>
            <SP HEIGHT="122.83464566929133" WIDTH="37.79527559055118" VPOS="1532.283464566929" HPOS="1489.763779527559"/>
            <String HEIGHT="122.83464566929133" WIDTH="259.84251968503935" VPOS="1532.283464566929" HPOS="1379.5275590551182" CONTENT="fut" ID="tl_10_4" STYLEREFS="FONT0"/>
            <SP HEIGHT="122.83464566929133" WIDTH="37.79527559055118" VPOS="1532.283464566929" HPOS="1639.3700787401574"/>
            <String HEIGHT="122.83464566929133" WIDTH="409.4488188976378" VPOS="1532.283464566929" HPOS="1527.5590551181103" CONTENT="déclaré" ID="tl_10_5" STYLEREFS="FONT0"/>
            <SP HEIGHT="122.83464566929133" WIDTH="37.79527559055118" VPOS="1532.283464566929" HPOS="1937.007874015748"/>
            <String HEIGHT="122.83464566929133" WIDTH="483.46456692913387" VPOS="1532.283464566929" HPOS="1825.1968503937007" CONTENT="coupable." ID="tl_10_6" STYLEREFS="FONT0"/>
            <SP HEIGHT="122.83464566929133" WIDTH="37.79527559055118" VPOS="1532.283464566929" HPOS="2308.6614173228345"/>
            <String HEIGHT="122.83464566929133" WIDTH="148.03149606299212" VPOS="1532.283464566929" HPOS="2160.6299212598424" CONTENT="Ce" ID="tl_10_7" STYLEREFS="FONT0"/>
          </TextLine>
          <TextLine ID="tl_11" BASELINE="1140" HEIGHT="155.90551181102362" WIDTH="1633.0708661417323" VPOS="1639.3700787401574" HPOS="674.0157480314961">
            <String HEIGHT="155.90551181102362" WIDTH="532.2834645669292" VPOS="1639.3700787401574" HPOS="636.2204724409448" CONTENT="philosophe" ID="tl_11_1" STYLEREFS="FONT0"/>
            <SP HEIGHT="155.90551181102362" WIDTH="37.79527559055118" VPOS="1639.3700787401574" HPOS="1168.5039370078741"/>
            <String HEIGHT="155.90551181102362" WIDTH="266.1417322834646" VPOS="1639.3700787401574" HPOS="1053.5433070866143" CONTENT="fut" ID="tl_11_2" STYLEREFS="FONT0"/>
            <SP HEIGHT="155.90551181102362" WIDTH="37.79527559055118" VPOS="1639.3700787401574" HPOS="1319.6850393700788"/>
            <String HEIGHT="155.90551181102362" WIDTH="417.3228346456693" VPOS="1639.3700787401574" HPOS="1206.2992125984251" CONTENT="conduit" ID="tl_11_3" STYLEREFS="FONT0"/>
            <SP HEIGHT="155.90551181102362" WIDTH="37.79527559055118" VPOS="1639.3700787401574" HPOS="1623.6220472440946"/>
            <String HEIGHT="155.90551181102362" WIDTH="228.3464566929134" VPOS="1639.3700787401574" HPOS="1510.236220472441" CONTENT="en" ID="tl_11_4" STYLEREFS="FONT0"/>
            <SP HEIGHT="155.90551181102362" WIDTH="37.79527559055118" VPOS="1639.3700787401574" HPOS="1737.007874015748"/>
            <String HEIGHT="155.90551181102362" WIDTH="417.3228346456693" VPOS="1639.3700787401574" HPOS="1623.6220472440946" CONTENT="prison," ID="tl_11_5" STYLEREFS="FONT0"/>
            <SP HEIGHT="155.90551181102362" WIDTH="37.79527559055118" VPOS="1639.3700787401574" HPOS="2040.9448818897638"/>
            <String HEIGHT="155.90551181102362" WIDTH="341.73228346456693" VPOS="1639.3700787401574" HPOS="1927.5590551181103" CONTENT="parut" ID="tl_11_6" STYLEREFS="FONT0"/>
            <SP HEIGHT="155.90551181102362" WIDTH="37.79527559055118" VPOS="1639.3700787401574" HPOS="2269.2913385826773"/>
            <String HEIGHT="155.90551181102362" WIDTH="190.5511811023622" VPOS="1639.3700787401574" HPOS="2116.535433070866" CONTENT="de" SUBS_TYPE="HypPart1" SUBS_CONTENT="devant" ID="tl_11_7" STYLEREFS="FONT0"/>
            <HYP CONTENT="-"/>
          </TextLine>
          <TextLine ID="tl_12" BASELINE="1207" HEIGHT="107.08661417322834" WIDTH="1640.9448818897638" VPOS="1793.7007874015749" HPOS="669.2913385826772">
            <String HEIGHT="107.08661417322834" WIDTH="278.74015748031496" VPOS="1793.7007874015749" HPOS="634.6456692913385" CONTENT="vant" SUBS_TYPE="HypPart2" SUBS_CONTENT="devant" ID="tl_12_1" STYLEREFS="FONT0"/>
            <SP HEIGHT="107.08661417322834" WIDTH="34.645669291338585" VPOS="1793.7007874015749" HPOS="913.3858267716536"/>
            <String HEIGHT="107.08661417322834" WIDTH="244.09448818897638" VPOS="1793.7007874015749" HPOS="809.4488188976378" CONTENT="des" ID="tl_12_2" STYLEREFS="FONT0"/>
            <SP HEIGHT="107.08661417322834" WIDTH="34.645669291338585" VPOS="1793.7007874015749" HPOS="1053.5433070866143"/>
            <String HEIGHT="107.08661417322834" WIDTH="314.96062992125985" VPOS="1793.7007874015749" HPOS="948.0314960629921" CONTENT="juges" ID="tl_12_3" STYLEREFS="FONT0"/>
            <SP HEIGHT="107.08661417322834" WIDTH="34.645669291338585" VPOS="1793.7007874015749" HPOS="1262.992125984252"/>
            <String HEIGHT="107.08661417322834" WIDTH="418.8976377952756" VPOS="1793.7007874015749" HPOS="1157.4803149606298" CONTENT="iniques," ID="tl_12_4" STYLEREFS="FONT0"/>
            <SP HEIGHT="107.08661417322834" WIDTH="34.645669291338585" VPOS="1793.7007874015749" HPOS="1576.3779527559054"/>
            <String HEIGHT="107.08661417322834" WIDTH="244.09448818897638" VPOS="1793.7007874015749" HPOS="1472.4409448818897" CONTENT="et," ID="tl_12_5" STYLEREFS="FONT0"/>
            <SP HEIGHT="107.08661417322834" WIDTH="34.645669291338585" VPOS="1793.7007874015749" HPOS="1716.5354330708662"/>
            <String HEIGHT="107.08661417322834" WIDTH="278.74015748031496" VPOS="1793.7007874015749" HPOS="1612.5984251968505" CONTENT="quoi" ID="tl_12_6" STYLEREFS="FONT0"/>
            <SP HEIGHT="107.08661417322834" WIDTH="34.645669291338585" VPOS="1793.7007874015749" HPOS="1891.3385826771653"/>
            <String HEIGHT="107.08661417322834" WIDTH="314.96062992125985" VPOS="1793.7007874015749" HPOS="1785.8267716535433" CONTENT="qu’il" ID="tl_12_7" STYLEREFS="FONT0"/>
            <SP HEIGHT="107.08661417322834" WIDTH="34.645669291338585" VPOS="1793.7007874015749" HPOS="2100.787401574803"/>
            <String HEIGHT="107.08661417322834" WIDTH="244.09448818897638" VPOS="1793.7007874015749" HPOS="1995.275590551181" CONTENT="pût" ID="tl_12_8" STYLEREFS="FONT0"/>
            <SP HEIGHT="107.08661417322834" WIDTH="34.645669291338585" VPOS="1793.7007874015749" HPOS="2240.9448818897636"/>
            <String HEIGHT="107.08661417322834" WIDTH="209.4488188976378" VPOS="1793.7007874015749" HPOS="2100.787401574803" CONTENT="dire" ID="tl_12_9" STYLEREFS="FONT0"/>
          </TextLine>
          <TextLine ID="tl_13" BASELINE="1271" HEIGHT="130.70866141732284" WIDTH="1637.7952755905512" VPOS="1870.8661417322835" HPOS="669.2913385826772">
            <String HEIGHT="130.70866141732284" WIDTH="297.6377952755906" VPOS="1870.8661417322835" HPOS="631.496062992126" CONTENT="pour" ID="tl_13_1" STYLEREFS="FONT0"/>
            <SP HEIGHT="130.70866141732284" WIDTH="37.79527559055118" VPOS="1870.8661417322835" HPOS="929.1338582677165"/>
            <String HEIGHT="130.70866141732284" WIDTH="409.4488188976378" VPOS="1870.8661417322835" HPOS="818.8976377952756" CONTENT="prouver" ID="tl_13_2" STYLEREFS="FONT0"/>
            <SP HEIGHT="130.70866141732284" WIDTH="37.79527559055118" VPOS="1870.8661417322835" HPOS="1228.3464566929133"/>
            <String HEIGHT="130.70866141732284" WIDTH="259.84251968503935" VPOS="1870.8661417322835" HPOS="1116.5354330708662" CONTENT="son" ID="tl_13_3" STYLEREFS="FONT0"/>
            <SP HEIGHT="130.70866141732284" WIDTH="37.79527559055118" VPOS="1870.8661417322835" HPOS="1376.3779527559054"/>
            <String HEIGHT="130.70866141732284" WIDTH="521.2598425196851" VPOS="1870.8661417322835" HPOS="1264.5669291338584" CONTENT="innocence," ID="tl_13_4" STYLEREFS="FONT0"/>
            <SP HEIGHT="130.70866141732284" WIDTH="37.79527559055118" VPOS="1870.8661417322835" HPOS="1785.8267716535433"/>
            <String HEIGHT="130.70866141732284" WIDTH="595.2755905511812" VPOS="1870.8661417322835" HPOS="1674.015748031496" CONTENT="cesbarbares," ID="tl_13_5" STYLEREFS="FONT0"/>
            <SP HEIGHT="130.70866141732284" WIDTH="37.79527559055118" VPOS="1870.8661417322835" HPOS="2269.2913385826773"/>
            <String HEIGHT="130.70866141732284" WIDTH="185.82677165354332" VPOS="1870.8661417322835" HPOS="2121.259842519685" CONTENT="ga" SUBS_TYPE="HypPart1" SUBS_CONTENT="gagnés" ID="tl_13_6" STYLEREFS="FONT0"/>
            <HYP CONTENT="-"/>
          </TextLine>
          <TextLine ID="tl_14" BASELINE="1333" HEIGHT="148.03149606299212" WIDTH="1631.4960629921259" VPOS="1951.1811023622047" HPOS="672.4409448818898">
            <String HEIGHT="148.03149606299212" WIDTH="296.06299212598424" VPOS="1951.1811023622047" HPOS="634.6456692913385" CONTENT="gnés" SUBS_TYPE="HypPart2" SUBS_CONTENT="gagnés" ID="tl_14_1" STYLEREFS="FONT0"/>
            <SP HEIGHT="148.03149606299212" WIDTH="37.79527559055118" VPOS="1951.1811023622047" HPOS="932.2834645669292"/>
            <String HEIGHT="148.03149606299212" WIDTH="222.04724409448818" VPOS="1951.1811023622047" HPOS="820.4724409448819" CONTENT="et" ID="tl_14_2" STYLEREFS="FONT0"/>
            <SP HEIGHT="148.03149606299212" WIDTH="37.79527559055118" VPOS="1951.1811023622047" HPOS="1042.5196850393702"/>
            <String HEIGHT="148.03149606299212" WIDTH="481.8897637795276" VPOS="1951.1811023622047" HPOS="932.2834645669292" CONTENT="prévenus," ID="tl_14_3" STYLEREFS="FONT0"/>
            <SP HEIGHT="148.03149606299212" WIDTH="37.79527559055118" VPOS="1951.1811023622047" HPOS="1414.1732283464567"/>
            <String HEIGHT="148.03149606299212" WIDTH="222.04724409448818" VPOS="1951.1811023622047" HPOS="1302.3622047244094" CONTENT="le" ID="tl_14_4" STYLEREFS="FONT0"/>
            <SP HEIGHT="148.03149606299212" WIDTH="37.79527559055118" VPOS="1951.1811023622047" HPOS="1525.984251968504"/>
            <String HEIGHT="148.03149606299212" WIDTH="593.7007874015748" VPOS="1951.1811023622047" HPOS="1414.1732283464567" CONTENT="condamnèrent" ID="tl_14_5" STYLEREFS="FONT0"/>
            <SP HEIGHT="148.03149606299212" WIDTH="37.79527559055118" VPOS="1951.1811023622047" HPOS="2007.8740157480315"/>
            <String HEIGHT="148.03149606299212" WIDTH="185.82677165354332" VPOS="1951.1811023622047" HPOS="1896.0629921259842" CONTENT="à" ID="tl_14_6" STYLEREFS="FONT0"/>
            <SP HEIGHT="148.03149606299212" WIDTH="37.79527559055118" VPOS="1951.1811023622047" HPOS="2081.8897637795276"/>
            <String HEIGHT="148.03149606299212" WIDTH="333.8582677165354" VPOS="1951.1811023622047" HPOS="1970.0787401574803" CONTENT="boire" ID="tl_14_7" STYLEREFS="FONT0"/>
            <SP HEIGHT="148.03149606299212" WIDTH="37.79527559055118" VPOS="1951.1811023622047" HPOS="2303.9370078740158"/>
            <String HEIGHT="148.03149606299212" WIDTH="148.03149606299212" VPOS="1951.1811023622047" HPOS="2155.9055118110236" CONTENT="la" ID="tl_14_8" STYLEREFS="FONT0"/>
          </TextLine>
          <TextLine ID="tl_15" BASELINE="1395" HEIGHT="121.25984251968504" WIDTH="1640.9448818897638" VPOS="2075.5905511811025" HPOS="669.2913385826772">
            <String HEIGHT="121.25984251968504" WIDTH="349.6062992125984" VPOS="2075.5905511811025" HPOS="634.6456692913385" CONTENT="cigué." ID="tl_15_1" STYLEREFS="FONT0"/>
            <SP HEIGHT="121.25984251968504" WIDTH="34.645669291338585" VPOS="2075.5905511811025" HPOS="984.2519685039371"/>
            <String HEIGHT="121.25984251968504" WIDTH="453.54330708661416" VPOS="2075.5905511811025" HPOS="878.7401574803149" CONTENT="L’artiste" ID="tl_15_2" STYLEREFS="FONT0"/>
            <SP HEIGHT="121.25984251968504" WIDTH="34.645669291338585" VPOS="2075.5905511811025" HPOS="1332.283464566929"/>
            <String HEIGHT="121.25984251968504" WIDTH="174.8031496062992" VPOS="2075.5905511811025" HPOS="1228.3464566929133" CONTENT="a" ID="tl_15_3" STYLEREFS="FONT0"/>
            <SP HEIGHT="121.25984251968504" WIDTH="34.645669291338585" VPOS="2075.5905511811025" HPOS="1403.1496062992126"/>
            <String HEIGHT="121.25984251968504" WIDTH="349.6062992125984" VPOS="2075.5905511811025" HPOS="1297.6377952755906" CONTENT="choisi" ID="tl_15_4" STYLEREFS="FONT0"/>
            <SP HEIGHT="121.25984251968504" WIDTH="34.645669291338585" VPOS="2075.5905511811025" HPOS="1647.244094488189"/>
            <String HEIGHT="121.25984251968504" WIDTH="209.4488188976378" VPOS="2075.5905511811025" HPOS="1541.732283464567" CONTENT="le" ID="tl_15_5" STYLEREFS="FONT0"/>
            <SP HEIGHT="121.25984251968504" WIDTH="34.645669291338585" VPOS="2075.5905511811025" HPOS="1751.1811023622047"/>
            <String HEIGHT="121.25984251968504" WIDTH="349.6062992125984" VPOS="2075.5905511811025" HPOS="1647.244094488189" CONTENT="moment" ID="tl_15_6" STYLEREFS="FONT0"/>
            <SP HEIGHT="121.25984251968504" WIDTH="34.645669291338585" VPOS="2075.5905511811025" HPOS="1995.275590551181"/>
            <String HEIGHT="121.25984251968504" WIDTH="209.4488188976378" VPOS="2075.5905511811025" HPOS="1891.3385826771653" CONTENT="où" ID="tl_15_7" STYLEREFS="FONT0"/>
            <SP HEIGHT="121.25984251968504" WIDTH="34.645669291338585" VPOS="2075.5905511811025" HPOS="2100.787401574803"/>
            <String HEIGHT="121.25984251968504" WIDTH="349.6062992125984" VPOS="2075.5905511811025" HPOS="1960.6299212598426" CONTENT="Socrate," ID="tl_15_8" STYLEREFS="FONT0"/>
          </TextLine>
          <TextLine ID="tl_16" BASELINE="1464" HEIGHT="125.98425196850394" WIDTH="1636.2204724409448" VPOS="2179.527559055118" HPOS="677.1653543307086">
            <String HEIGHT="125.98425196850394" WIDTH="335.43307086614175" VPOS="2179.527559055118" HPOS="639.3700787401575" CONTENT="assis" ID="tl_16_1" STYLEREFS="FONT0"/>
            <SP HEIGHT="125.98425196850394" WIDTH="37.79527559055118" VPOS="2179.527559055118" HPOS="974.8031496062993"/>
            <String HEIGHT="125.98425196850394" WIDTH="259.84251968503935" VPOS="2179.527559055118" HPOS="862.992125984252" CONTENT="sur" ID="tl_16_2" STYLEREFS="FONT0"/>
            <SP HEIGHT="125.98425196850394" WIDTH="37.79527559055118" VPOS="2179.527559055118" HPOS="1122.8346456692914"/>
            <String HEIGHT="125.98425196850394" WIDTH="223.6220472440945" VPOS="2179.527559055118" HPOS="1012.5984251968504" CONTENT="un" ID="tl_16_3" STYLEREFS="FONT0"/>
            <SP HEIGHT="125.98425196850394" WIDTH="37.79527559055118" VPOS="2179.527559055118" HPOS="1234.6456692913387"/>
            <String HEIGHT="125.98425196850394" WIDTH="259.84251968503935" VPOS="2179.527559055118" HPOS="1122.8346456692914" CONTENT="lit" ID="tl_16_4" STYLEREFS="FONT0"/>
            <SP HEIGHT="125.98425196850394" WIDTH="37.79527559055118" VPOS="2179.527559055118" HPOS="1384.251968503937"/>
            <String HEIGHT="125.98425196850394" WIDTH="297.6377952755906" VPOS="2179.527559055118" HPOS="1272.4409448818897" CONTENT="dans" ID="tl_16_5" STYLEREFS="FONT0"/>
            <SP HEIGHT="125.98425196850394" WIDTH="37.79527559055118" VPOS="2179.527559055118" HPOS="1570.0787401574803"/>
            <String HEIGHT="125.98425196850394" WIDTH="223.6220472440945" VPOS="2179.527559055118" HPOS="1458.267716535433" CONTENT="sa" ID="tl_16_6" STYLEREFS="FONT0"/>
            <SP HEIGHT="125.98425196850394" WIDTH="37.79527559055118" VPOS="2179.527559055118" HPOS="1681.8897637795276"/>
            <String HEIGHT="125.98425196850394" WIDTH="409.4488188976378" VPOS="2179.527559055118" HPOS="1570.0787401574803" CONTENT="prison," ID="tl_16_7" STYLEREFS="FONT0"/>
            <SP HEIGHT="125.98425196850394" WIDTH="37.79527559055118" VPOS="2179.527559055118" HPOS="1977.9527559055118"/>
            <String HEIGHT="125.98425196850394" WIDTH="259.84251968503935" VPOS="2179.527559055118" HPOS="1867.716535433071" CONTENT="est" ID="tl_16_8" STYLEREFS="FONT0"/>
            <SP HEIGHT="125.98425196850394" WIDTH="37.79527559055118" VPOS="2179.527559055118" HPOS="2127.5590551181103"/>
            <String HEIGHT="125.98425196850394" WIDTH="335.43307086614175" VPOS="2179.527559055118" HPOS="1977.9527559055118" CONTENT="entouré" ID="tl_16_9" STYLEREFS="FONT0"/>
          </TextLine>
          <TextLine ID="tl_17" BASELINE="1546" HEIGHT="143.30708661417322" WIDTH="1636.2204724409448" VPOS="2291.3385826771655" HPOS="674.0157480314961">
            <String HEIGHT="143.30708661417322" WIDTH="223.6220472440945" VPOS="2291.3385826771655" HPOS="636.2204724409448" CONTENT="de" ID="tl_17_1" STYLEREFS="FONT0"/>
            <SP HEIGHT="143.30708661417322" WIDTH="37.79527559055118" VPOS="2291.3385826771655" HPOS="859.8425196850394"/>
            <String HEIGHT="143.30708661417322" WIDTH="445.6692913385827" VPOS="2291.3385826771655" HPOS="748.0314960629921" CONTENT="quelques" ID="tl_17_2" STYLEREFS="FONT0"/>
            <SP HEIGHT="143.30708661417322" WIDTH="37.79527559055118" VPOS="2291.3385826771655" HPOS="1195.275590551181"/>
            <String HEIGHT="143.30708661417322" WIDTH="557.4803149606299" VPOS="2291.3385826771655" HPOS="1083.4645669291338" CONTENT="philosophes" ID="tl_17_3" STYLEREFS="FONT0"/>
            <SP HEIGHT="143.30708661417322" WIDTH="37.79527559055118" VPOS="2291.3385826771655" HPOS="1640.9448818897638"/>
            <String HEIGHT="143.30708661417322" WIDTH="259.84251968503935" VPOS="2291.3385826771655" HPOS="1529.1338582677165" CONTENT="ses" ID="tl_17_4" STYLEREFS="FONT0"/>
            <SP HEIGHT="143.30708661417322" WIDTH="37.79527559055118" VPOS="2291.3385826771655" HPOS="1788.976377952756"/>
            <String HEIGHT="143.30708661417322" WIDTH="335.43307086614175" VPOS="2291.3385826771655" HPOS="1678.740157480315" CONTENT="amis," ID="tl_17_5" STYLEREFS="FONT0"/>
            <SP HEIGHT="143.30708661417322" WIDTH="37.79527559055118" VPOS="2291.3385826771655" HPOS="2012.5984251968505"/>
            <String HEIGHT="143.30708661417322" WIDTH="223.6220472440945" VPOS="2291.3385826771655" HPOS="1900.7874015748032" CONTENT="et" ID="tl_17_6" STYLEREFS="FONT0"/>
            <SP HEIGHT="143.30708661417322" WIDTH="37.79527559055118" VPOS="2291.3385826771655" HPOS="2124.4094488188975"/>
            <String HEIGHT="143.30708661417322" WIDTH="223.6220472440945" VPOS="2291.3385826771655" HPOS="2012.5984251968505" CONTENT="de" ID="tl_17_7" STYLEREFS="FONT0"/>
            <SP HEIGHT="143.30708661417322" WIDTH="37.79527559055118" VPOS="2291.3385826771655" HPOS="2236.220472440945"/>
            <String HEIGHT="143.30708661417322" WIDTH="223.6220472440945" VPOS="2291.3385826771655" HPOS="2086.6141732283463" CONTENT="plu" SUBS_TYPE="HypPart1" SUBS_CONTENT="plusieurs" ID="tl_17_8" STYLEREFS="FONT0"/>
            <HYP CONTENT="-"/>
          </TextLine>
          <TextLine ID="tl_18" BASELINE="1601" HEIGHT="99.21259842519684" WIDTH="1639.3700787401574" VPOS="2422.047244094488" HPOS="675.5905511811023">
            <String HEIGHT="99.21259842519684" WIDTH="363.7795275590551" VPOS="2422.047244094488" HPOS="639.3700787401575" CONTENT="sieurs" SUBS_TYPE="HypPart2" SUBS_CONTENT="plusieurs" ID="tl_18_1" STYLEREFS="FONT0"/>
            <SP HEIGHT="99.21259842519684" WIDTH="36.22047244094488" VPOS="2422.047244094488" HPOS="1003.1496062992126"/>
            <String HEIGHT="99.21259842519684" WIDTH="218.89763779527559" VPOS="2422.047244094488" HPOS="894.488188976378" CONTENT="de" ID="tl_18_2" STYLEREFS="FONT0"/>
            <SP HEIGHT="99.21259842519684" WIDTH="36.22047244094488" VPOS="2422.047244094488" HPOS="1113.3858267716535"/>
            <String HEIGHT="99.21259842519684" WIDTH="255.11811023622047" VPOS="2422.047244094488" HPOS="1003.1496062992126" CONTENT="ses" ID="tl_18_3" STYLEREFS="FONT0"/>
            <SP HEIGHT="99.21259842519684" WIDTH="36.22047244094488" VPOS="2422.047244094488" HPOS="1258.267716535433"/>
            <String HEIGHT="99.21259842519684" WIDTH="510.23622047244095" VPOS="2422.047244094488" HPOS="1149.6062992125985" CONTENT="disciples," ID="tl_18_4" STYLEREFS="FONT0"/>
            <SP HEIGHT="99.21259842519684" WIDTH="36.22047244094488" VPOS="2422.047244094488" HPOS="1659.8425196850394"/>
            <String HEIGHT="99.21259842519684" WIDTH="327.5590551181102" VPOS="2422.047244094488" HPOS="1549.6062992125985" CONTENT="qu’il" ID="tl_18_5" STYLEREFS="FONT0"/>
            <SP HEIGHT="99.21259842519684" WIDTH="36.22047244094488" VPOS="2422.047244094488" HPOS="1877.1653543307086"/>
            <String HEIGHT="99.21259842519684" WIDTH="510.23622047244095" VPOS="2422.047244094488" HPOS="1768.5039370078741" CONTENT="entretient" ID="tl_18_6" STYLEREFS="FONT0"/>
            <SP HEIGHT="99.21259842519684" WIDTH="36.22047244094488" VPOS="2422.047244094488" HPOS="2278.740157480315"/>
            <String HEIGHT="99.21259842519684" WIDTH="182.6771653543307" VPOS="2422.047244094488" HPOS="2132.283464566929" CONTENT="sur" ID="tl_18_7" STYLEREFS="FONT0"/>
          </TextLine>
          <TextLine ID="tl_19" BASELINE="1681" HEIGHT="132.28346456692913" WIDTH="1637.7952755905512" VPOS="2514.9606299212596" HPOS="677.1653543307086">
            <String HEIGHT="132.28346456692913" WIDTH="633.0708661417323" VPOS="2514.9606299212596" HPOS="639.3700787401575" CONTENT="l’immortalité" ID="tl_19_1" STYLEREFS="FONT0"/>
            <SP HEIGHT="132.28346456692913" WIDTH="37.79527559055118" VPOS="2514.9606299212596" HPOS="1272.4409448818897"/>
            <String HEIGHT="132.28346456692913" WIDTH="223.6220472440945" VPOS="2514.9606299212596" HPOS="1160.6299212598426" CONTENT="de" ID="tl_19_2" STYLEREFS="FONT0"/>
            <SP HEIGHT="132.28346456692913" WIDTH="37.79527559055118" VPOS="2514.9606299212596" HPOS="1384.251968503937"/>
            <String HEIGHT="132.28346456692913" WIDTH="371.65354330708664" VPOS="2514.9606299212596" HPOS="1272.4409448818897" CONTENT="l’ame," ID="tl_19_3" STYLEREFS="FONT0"/>
            <SP HEIGHT="132.28346456692913" WIDTH="37.79527559055118" VPOS="2514.9606299212596" HPOS="1645.6692913385828"/>
            <String HEIGHT="132.28346456692913" WIDTH="297.6377952755906" VPOS="2514.9606299212596" HPOS="1533.8582677165355" CONTENT="dont" ID="tl_19_4" STYLEREFS="FONT0"/>
            <SP HEIGHT="132.28346456692913" WIDTH="37.79527559055118" VPOS="2514.9606299212596" HPOS="1831.4960629921259"/>
            <String HEIGHT="132.28346456692913" WIDTH="223.6220472440945" VPOS="2514.9606299212596" HPOS="1719.6850393700788" CONTENT="il" ID="tl_19_5" STYLEREFS="FONT0"/>
            <SP HEIGHT="132.28346456692913" WIDTH="37.79527559055118" VPOS="2514.9606299212596" HPOS="1943.3070866141732"/>
            <String HEIGHT="132.28346456692913" WIDTH="259.84251968503935" VPOS="2514.9606299212596" HPOS="1831.4960629921259" CONTENT="est" ID="tl_19_6" STYLEREFS="FONT0"/>
            <SP HEIGHT="132.28346456692913" WIDTH="37.79527559055118" VPOS="2514.9606299212596" HPOS="2091.3385826771655"/>
            <String HEIGHT="132.28346456692913" WIDTH="223.6220472440945" VPOS="2514.9606299212596" HPOS="1979.5275590551182" CONTENT="si" ID="tl_19_7" STYLEREFS="FONT0"/>
            <SP HEIGHT="132.28346456692913" WIDTH="37.79527559055118" VPOS="2514.9606299212596" HPOS="2203.149606299213"/>
            <String HEIGHT="132.28346456692913" WIDTH="259.84251968503935" VPOS="2514.9606299212596" HPOS="2055.1181102362207" CONTENT="péné" SUBS_TYPE="HypPart1" SUBS_CONTENT="pénétré," ID="tl_19_8" STYLEREFS="FONT0"/>
            <HYP CONTENT="-"/>
          </TextLine>
          <TextLine ID="tl_20" BASELINE="1760" HEIGHT="154.33070866141733" WIDTH="1642.5196850393702" VPOS="2617.3228346456694" HPOS="674.0157480314961">
            <String HEIGHT="154.33070866141733" WIDTH="280.31496062992125" VPOS="2617.3228346456694" HPOS="639.3700787401575" CONTENT="tré," SUBS_TYPE="HypPart2" SUBS_CONTENT="pénétré," ID="tl_20_1" STYLEREFS="FONT0"/>
            <SP HEIGHT="154.33070866141733" WIDTH="34.645669291338585" VPOS="2617.3228346456694" HPOS="918.1102362204724"/>
            <String HEIGHT="154.33070866141733" WIDTH="314.96062992125985" VPOS="2617.3228346456694" HPOS="814.1732283464567" CONTENT="qu’il" ID="tl_20_2" STYLEREFS="FONT0"/>
            <SP HEIGHT="154.33070866141733" WIDTH="34.645669291338585" VPOS="2617.3228346456694" HPOS="1127.5590551181103"/>
            <String HEIGHT="154.33070866141733" WIDTH="314.96062992125985" VPOS="2617.3228346456694" HPOS="1023.6220472440945" CONTENT="prend" ID="tl_20_3" STYLEREFS="FONT0"/>
            <SP HEIGHT="154.33070866141733" WIDTH="34.645669291338585" VPOS="2617.3228346456694" HPOS="1338.5826771653544"/>
            <String HEIGHT="154.33070866141733" WIDTH="280.31496062992125" VPOS="2617.3228346456694" HPOS="1233.0708661417323" CONTENT="avec" ID="tl_20_4" STYLEREFS="FONT0"/>
            <SP HEIGHT="154.33070866141733" WIDTH="34.645669291338585" VPOS="2617.3228346456694" HPOS="1513.3858267716535"/>
            <String HEIGHT="154.33070866141733" WIDTH="559.0551181102362" VPOS="2617.3228346456694" HPOS="1407.8740157480315" CONTENT="indifférence" ID="tl_20_5" STYLEREFS="FONT0"/>
            <SP HEIGHT="154.33070866141733" WIDTH="34.645669291338585" VPOS="2617.3228346456694" HPOS="1966.9291338582677"/>
            <String HEIGHT="154.33070866141733" WIDTH="209.4488188976378" VPOS="2617.3228346456694" HPOS="1862.992125984252" CONTENT="la" ID="tl_20_6" STYLEREFS="FONT0"/>
            <SP HEIGHT="154.33070866141733" WIDTH="34.645669291338585" VPOS="2617.3228346456694" HPOS="2072.4409448818897"/>
            <String HEIGHT="154.33070866141733" WIDTH="314.96062992125985" VPOS="2617.3228346456694" HPOS="1966.9291338582677" CONTENT="coupe" ID="tl_20_7" STYLEREFS="FONT0"/>
            <SP HEIGHT="154.33070866141733" WIDTH="34.645669291338585" VPOS="2617.3228346456694" HPOS="2281.8897637795276"/>
            <String HEIGHT="154.33070866141733" WIDTH="174.8031496062992" VPOS="2617.3228346456694" HPOS="2141.732283464567" CONTENT="fa" SUBS_TYPE="HypPart1" SUBS_CONTENT="fatale," ID="tl_20_8" STYLEREFS="FONT0"/>
            <HYP CONTENT="-"/>
          </TextLine>
          <TextLine ID="tl_21" BASELINE="1810" HEIGHT="100.78740157480316" WIDTH="1629.9212598425197" VPOS="2749.6062992125985" HPOS="681.8897637795276">
            <String HEIGHT="100.78740157480316" WIDTH="325.98425196850394" VPOS="2749.6062992125985" HPOS="645.6692913385826" CONTENT="tale," SUBS_TYPE="HypPart2" SUBS_CONTENT="fatale," ID="tl_21_1" STYLEREFS="FONT0"/>
            <SP HEIGHT="100.78740157480316" WIDTH="36.22047244094488" VPOS="2749.6062992125985" HPOS="971.6535433070866"/>
            <String HEIGHT="100.78740157480316" WIDTH="253.54330708661416" VPOS="2749.6062992125985" HPOS="862.992125984252" CONTENT="que" ID="tl_21_2" STYLEREFS="FONT0"/>
            <SP HEIGHT="100.78740157480316" WIDTH="36.22047244094488" VPOS="2749.6062992125985" HPOS="1116.5354330708662"/>
            <String HEIGHT="100.78740157480316" WIDTH="217.3228346456693" VPOS="2749.6062992125985" HPOS="1007.8740157480315" CONTENT="le" ID="tl_21_3" STYLEREFS="FONT0"/>
            <SP HEIGHT="100.78740157480316" WIDTH="36.22047244094488" VPOS="2749.6062992125985" HPOS="1225.1968503937007"/>
            <String HEIGHT="100.78740157480316" WIDTH="325.98425196850394" VPOS="2749.6062992125985" HPOS="1116.5354330708662" CONTENT="valet" ID="tl_21_4" STYLEREFS="FONT0"/>
            <SP HEIGHT="100.78740157480316" WIDTH="36.22047244094488" VPOS="2749.6062992125985" HPOS="1442.5196850393702"/>
            <String HEIGHT="100.78740157480316" WIDTH="253.54330708661416" VPOS="2749.6062992125985" HPOS="1333.8582677165355" CONTENT="lui" ID="tl_21_5" STYLEREFS="FONT0"/>
            <SP HEIGHT="100.78740157480316" WIDTH="36.22047244094488" VPOS="2749.6062992125985" HPOS="1587.4015748031495"/>
            <String HEIGHT="100.78740157480316" WIDTH="325.98425196850394" VPOS="2749.6062992125985" HPOS="1478.740157480315" CONTENT="donne" ID="tl_21_6" STYLEREFS="FONT0"/>
            <SP HEIGHT="100.78740157480316" WIDTH="36.22047244094488" VPOS="2749.6062992125985" HPOS="1804.724409448819"/>
            <String HEIGHT="100.78740157480316" WIDTH="289.76377952755905" VPOS="2749.6062992125985" HPOS="1696.0629921259842" CONTENT="avec" ID="tl_21_7" STYLEREFS="FONT0"/>
            <SP HEIGHT="100.78740157480316" WIDTH="36.22047244094488" VPOS="2749.6062992125985" HPOS="1985.8267716535433"/>
            <String HEIGHT="100.78740157480316" WIDTH="434.6456692913386" VPOS="2749.6062992125985" HPOS="1877.1653543307086" CONTENT="douleur," ID="tl_21_8" STYLEREFS="FONT0"/>
            <SP HEIGHT="100.78740157480316" WIDTH="36.22047244094488" VPOS="2749.6062992125985" HPOS="2311.8110236220473"/>
            <String HEIGHT="100.78740157480316" WIDTH="144.88188976377953" VPOS="2749.6062992125985" HPOS="2166.9291338582675" CONTENT="en" ID="tl_21_9" STYLEREFS="FONT0"/>
          </TextLine>
          <TextLine ID="tl_22" BASELINE="1882" HEIGHT="116.53543307086615" WIDTH="1636.2204724409448" VPOS="2847.244094488189" HPOS="681.8897637795276">
            <String HEIGHT="116.53543307086615" WIDTH="497.6377952755906" VPOS="2847.244094488189" HPOS="645.6692913385826" CONTENT="détournant" ID="tl_22_1" STYLEREFS="FONT0"/>
            <SP HEIGHT="116.53543307086615" WIDTH="36.22047244094488" VPOS="2847.244094488189" HPOS="1144.8818897637796"/>
            <String HEIGHT="116.53543307086615" WIDTH="214.17322834645668" VPOS="2847.244094488189" HPOS="1037.7952755905512" CONTENT="la" ID="tl_22_2" STYLEREFS="FONT0"/>
            <SP HEIGHT="116.53543307086615" WIDTH="36.22047244094488" VPOS="2847.244094488189" HPOS="1250.3937007874015"/>
            <String HEIGHT="116.53543307086615" WIDTH="319.68503937007875" VPOS="2847.244094488189" HPOS="1144.8818897637796" CONTENT="tête." ID="tl_22_3" STYLEREFS="FONT0"/>
            <SP HEIGHT="116.53543307086615" WIDTH="36.22047244094488" VPOS="2847.244094488189" HPOS="1464.5669291338584"/>
            <String HEIGHT="116.53543307086615" WIDTH="214.17322834645668" VPOS="2847.244094488189" HPOS="1357.4803149606298" CONTENT="La" ID="tl_22_4" STYLEREFS="FONT0"/>
            <SP HEIGHT="116.53543307086615" WIDTH="36.22047244094488" VPOS="2847.244094488189" HPOS="1571.6535433070867"/>
            <String HEIGHT="116.53543307086615" WIDTH="604.7244094488188" VPOS="2847.244094488189" HPOS="1464.5669291338584" CONTENT="consternation" ID="tl_22_5" STYLEREFS="FONT0"/>
            <SP HEIGHT="116.53543307086615" WIDTH="36.22047244094488" VPOS="2847.244094488189" HPOS="2069.2913385826773"/>
            <String HEIGHT="116.53543307086615" WIDTH="214.17322834645668" VPOS="2847.244094488189" HPOS="1962.2047244094488" CONTENT="et" ID="tl_22_6" STYLEREFS="FONT0"/>
            <SP HEIGHT="116.53543307086615" WIDTH="36.22047244094488" VPOS="2847.244094488189" HPOS="2176.3779527559054"/>
            <String HEIGHT="116.53543307086615" WIDTH="214.17322834645668" VPOS="2847.244094488189" HPOS="2069.2913385826773" CONTENT="le" ID="tl_22_7" STYLEREFS="FONT0"/>
            <SP HEIGHT="116.53543307086615" WIDTH="36.22047244094488" VPOS="2847.244094488189" HPOS="2281.8897637795276"/>
            <String HEIGHT="116.53543307086615" WIDTH="177.95275590551182" VPOS="2847.244094488189" HPOS="2140.1574803149606" CONTENT="dé" SUBS_TYPE="HypPart1" SUBS_CONTENT="désespoir" ID="tl_22_8" STYLEREFS="FONT0"/>
            <HYP CONTENT="-"/>
          </TextLine>
          <TextLine ID="tl_23" BASELINE="1985" HEIGHT="159.0551181102362" WIDTH="1633.0708661417323" VPOS="2966.9291338582675" HPOS="683.4645669291339">
            <String HEIGHT="159.0551181102362" WIDTH="366.92913385826773" VPOS="2966.9291338582675" HPOS="650.3937007874016" CONTENT="sespoir" SUBS_TYPE="HypPart2" SUBS_CONTENT="désespoir" ID="tl_23_1" STYLEREFS="FONT0"/>
            <SP HEIGHT="159.0551181102362" WIDTH="33.07086614173228" VPOS="2966.9291338582675" HPOS="1017.3228346456693"/>
            <String HEIGHT="159.0551181102362" WIDTH="266.1417322834646" VPOS="2966.9291338582675" HPOS="916.5354330708661" CONTENT="sont" ID="tl_23_2" STYLEREFS="FONT0"/>
            <SP HEIGHT="159.0551181102362" WIDTH="33.07086614173228" VPOS="2966.9291338582675" HPOS="1182.6771653543308"/>
            <String HEIGHT="159.0551181102362" WIDTH="333.8582677165354" VPOS="2966.9291338582675" HPOS="1083.4645669291338" CONTENT="peints" ID="tl_23_3" STYLEREFS="FONT0"/>
            <SP HEIGHT="159.0551181102362" WIDTH="33.07086614173228" VPOS="2966.9291338582675" HPOS="1417.3228346456692"/>
            <String HEIGHT="159.0551181102362" WIDTH="233.0708661417323" VPOS="2966.9291338582675" HPOS="1316.5354330708662" CONTENT="sur" ID="tl_23_4" STYLEREFS="FONT0"/>
            <SP HEIGHT="159.0551181102362" WIDTH="33.07086614173228" VPOS="2966.9291338582675" HPOS="1549.6062992125985"/>
            <String HEIGHT="159.0551181102362" WIDTH="200.0" VPOS="2966.9291338582675" HPOS="1450.3937007874015" CONTENT="la" ID="tl_23_5" STYLEREFS="FONT0"/>
            <SP HEIGHT="159.0551181102362" WIDTH="33.07086614173228" VPOS="2966.9291338582675" HPOS="1650.3937007874015"/>
            <String HEIGHT="159.0551181102362" WIDTH="333.8582677165354" VPOS="2966.9291338582675" HPOS="1549.6062992125985" CONTENT="figure" ID="tl_23_6" STYLEREFS="FONT0"/>
            <SP HEIGHT="159.0551181102362" WIDTH="33.07086614173228" VPOS="2966.9291338582675" HPOS="1883.4645669291338"/>
            <String HEIGHT="159.0551181102362" WIDTH="233.0708661417323" VPOS="2966.9291338582675" HPOS="1782.6771653543308" CONTENT="des" ID="tl_23_7" STYLEREFS="FONT0"/>
            <SP HEIGHT="159.0551181102362" WIDTH="33.07086614173228" VPOS="2966.9291338582675" HPOS="2017.3228346456692"/>
            <String HEIGHT="159.0551181102362" WIDTH="433.07086614173227" VPOS="2966.9291338582675" HPOS="1883.4645669291338" CONTENT="assistants." ID="tl_23_8" STYLEREFS="FONT0"/>
          </TextLine>
        </TextBlock>
        <TextBlock ID="r_1_4" HEIGHT="420.4724409448819" WIDTH="1790.5511811023623" VPOS="3154.3307086614172" HPOS="524.4094488188977">
          <TextLine ID="tl_24" BASELINE="2064" HEIGHT="118.11023622047244" WIDTH="1725.984251968504" VPOS="3132.283464566929" HPOS="598.4251968503937">
            <String HEIGHT="118.11023622047244" WIDTH="352.755905511811" VPOS="3132.283464566929" HPOS="559.0551181102362" CONTENT="NOTA." ID="tl_24_1" STYLEREFS="FONT0"/>
            <SP HEIGHT="118.11023622047244" WIDTH="39.37007874015748" VPOS="3132.283464566929" HPOS="911.8110236220473"/>
            <String HEIGHT="118.11023622047244" WIDTH="274.01574803149606" VPOS="3132.283464566929" HPOS="795.2755905511812" CONTENT="Sur" ID="tl_24_2" STYLEREFS="FONT0"/>
            <SP HEIGHT="118.11023622047244" WIDTH="39.37007874015748" VPOS="3132.283464566929" HPOS="1069.291338582677"/>
            <String HEIGHT="118.11023622047244" WIDTH="234.64566929133858" VPOS="3132.283464566929" HPOS="951.1811023622047" CONTENT="la" ID="tl_24_3" STYLEREFS="FONT0"/>
            <SP HEIGHT="118.11023622047244" WIDTH="39.37007874015748" VPOS="3132.283464566929" HPOS="1187.4015748031495"/>
            <String HEIGHT="118.11023622047244" WIDTH="431.496062992126" VPOS="3132.283464566929" HPOS="1069.291338582677" CONTENT="demande" ID="tl_24_4" STYLEREFS="FONT0"/>
            <SP HEIGHT="118.11023622047244" WIDTH="39.37007874015748" VPOS="3132.283464566929" HPOS="1500.7874015748032"/>
            <String HEIGHT="118.11023622047244" WIDTH="234.64566929133858" VPOS="3132.283464566929" HPOS="1382.6771653543308" CONTENT="de" ID="tl_24_5" STYLEREFS="FONT0"/>
            <SP HEIGHT="118.11023622047244" WIDTH="39.37007874015748" VPOS="3132.283464566929" HPOS="1618.8976377952756"/>
            <String HEIGHT="118.11023622047244" WIDTH="234.64566929133858" VPOS="3132.283464566929" HPOS="1500.7874015748032" CONTENT="M." ID="tl_24_6" STYLEREFS="FONT0"/>
            <SP HEIGHT="118.11023622047244" WIDTH="39.37007874015748" VPOS="3132.283464566929" HPOS="1735.4330708661416"/>
            <String HEIGHT="118.11023622047244" WIDTH="234.64566929133858" VPOS="3132.283464566929" HPOS="1618.8976377952756" CONTENT="le" ID="tl_24_7" STYLEREFS="FONT0"/>
            <SP HEIGHT="118.11023622047244" WIDTH="39.37007874015748" VPOS="3132.283464566929" HPOS="1853.5433070866143"/>
            <String HEIGHT="118.11023622047244" WIDTH="628.3464566929134" VPOS="3132.283464566929" HPOS="1696.0629921259842" CONTENT="Grand" SUBS_TYPE="HypPart1" SUBS_CONTENT="Granddaire," ID="tl_24_8" STYLEREFS="FONT0"/>
            <HYP CONTENT="-"/>
          </TextLine>
          <TextLine ID="tl_25" BASELINE="2127" HEIGHT="100.78740157480316" WIDTH="1806.2992125984251" VPOS="3248.818897637795" HPOS="514.9606299212599">
            <String HEIGHT="100.78740157480316" WIDTH="376.37795275590554" VPOS="3248.818897637795" HPOS="477.1653543307087" CONTENT="daire," SUBS_TYPE="HypPart2" SUBS_CONTENT="Granddaire," ID="tl_25_1" STYLEREFS="FONT0"/>
            <SP HEIGHT="100.78740157480316" WIDTH="37.79527559055118" VPOS="3248.818897637795" HPOS="853.5433070866142"/>
            <String HEIGHT="100.78740157480316" WIDTH="225.1968503937008" VPOS="3248.818897637795" HPOS="740.1574803149606" CONTENT="M." ID="tl_25_2" STYLEREFS="FONT0"/>
            <SP HEIGHT="100.78740157480316" WIDTH="37.79527559055118" VPOS="3248.818897637795" HPOS="966.9291338582677"/>
            <String HEIGHT="100.78740157480316" WIDTH="225.1968503937008" VPOS="3248.818897637795" HPOS="853.5433070866142" CONTENT="le" ID="tl_25_3" STYLEREFS="FONT0"/>
            <SP HEIGHT="100.78740157480316" WIDTH="37.79527559055118" VPOS="3248.818897637795" HPOS="1078.740157480315"/>
            <String HEIGHT="100.78740157480316" WIDTH="414.1732283464567" VPOS="3248.818897637795" HPOS="966.9291338582677" CONTENT="marquis" ID="tl_25_4" STYLEREFS="FONT0"/>
            <SP HEIGHT="100.78740157480316" WIDTH="37.79527559055118" VPOS="3248.818897637795" HPOS="1381.1023622047244"/>
            <String HEIGHT="100.78740157480316" WIDTH="225.1968503937008" VPOS="3248.818897637795" HPOS="1267.716535433071" CONTENT="de" ID="tl_25_5" STYLEREFS="FONT0"/>
            <SP HEIGHT="100.78740157480316" WIDTH="37.79527559055118" VPOS="3248.818897637795" HPOS="1492.9133858267717"/>
            <String HEIGHT="100.78740157480316" WIDTH="376.37795275590554" VPOS="3248.818897637795" HPOS="1381.1023622047244" CONTENT="Verac," ID="tl_25_6" STYLEREFS="FONT0"/>
            <SP HEIGHT="100.78740157480316" WIDTH="37.79527559055118" VPOS="3248.818897637795" HPOS="1757.4803149606298"/>
            <String HEIGHT="100.78740157480316" WIDTH="300.78740157480314" VPOS="3248.818897637795" HPOS="1644.0944881889764" CONTENT="Pair" ID="tl_25_7" STYLEREFS="FONT0"/>
            <SP HEIGHT="100.78740157480316" WIDTH="37.79527559055118" VPOS="3248.818897637795" HPOS="1944.8818897637796"/>
            <String HEIGHT="100.78740157480316" WIDTH="225.1968503937008" VPOS="3248.818897637795" HPOS="1831.4960629921259" CONTENT="de" ID="tl_25_8" STYLEREFS="FONT0"/>
            <SP HEIGHT="100.78740157480316" WIDTH="37.79527559055118" VPOS="3248.818897637795" HPOS="2058.267716535433"/>
            <String HEIGHT="100.78740157480316" WIDTH="414.1732283464567" VPOS="3248.818897637795" HPOS="1944.8818897637796" CONTENT="France," ID="tl_25_9" STYLEREFS="FONT0"/>
            <SP HEIGHT="100.78740157480316" WIDTH="37.79527559055118" VPOS="3248.818897637795" HPOS="2359.0551181102364"/>
            <String HEIGHT="100.78740157480316" WIDTH="113.38582677165354" VPOS="3248.818897637795" HPOS="2207.8740157480315" CONTENT="a" ID="tl_25_10" STYLEREFS="FONT0"/>
          </TextLine>
          <TextLine ID="tl_26" BASELINE="2219" HEIGHT="140.15748031496062" WIDTH="1806.2992125984251" VPOS="3354.3307086614172" HPOS="516.5354330708661">
            <String HEIGHT="140.15748031496062" WIDTH="300.78740157480314" VPOS="3354.3307086614172" HPOS="478.74015748031496" CONTENT="bien" ID="tl_26_1" STYLEREFS="FONT0"/>
            <SP HEIGHT="140.15748031496062" WIDTH="37.79527559055118" VPOS="3354.3307086614172" HPOS="779.5275590551181"/>
            <String HEIGHT="140.15748031496062" WIDTH="338.5826771653543" VPOS="3354.3307086614172" HPOS="667.7165354330708" CONTENT="voulu" ID="tl_26_2" STYLEREFS="FONT0"/>
            <SP HEIGHT="140.15748031496062" WIDTH="37.79527559055118" VPOS="3354.3307086614172" HPOS="1006.2992125984252"/>
            <String HEIGHT="140.15748031496062" WIDTH="376.37795275590554" VPOS="3354.3307086614172" HPOS="892.9133858267717" CONTENT="prêter" ID="tl_26_3" STYLEREFS="FONT0"/>
            <SP HEIGHT="140.15748031496062" WIDTH="37.79527559055118" VPOS="3354.3307086614172" HPOS="1269.291338582677"/>
            <String HEIGHT="140.15748031496062" WIDTH="225.1968503937008" VPOS="3354.3307086614172" HPOS="1155.9055118110236" CONTENT="ce" ID="tl_26_4" STYLEREFS="FONT0"/>
            <SP HEIGHT="140.15748031496062" WIDTH="37.79527559055118" VPOS="3354.3307086614172" HPOS="1382.6771653543308"/>
            <String HEIGHT="140.15748031496062" WIDTH="414.1732283464567" VPOS="3354.3307086614172" HPOS="1269.291338582677" CONTENT="tableau" ID="tl_26_5" STYLEREFS="FONT0"/>
            <SP HEIGHT="140.15748031496062" WIDTH="37.79527559055118" VPOS="3354.3307086614172" HPOS="1683.4645669291338"/>
            <String HEIGHT="140.15748031496062" WIDTH="300.78740157480314" VPOS="3354.3307086614172" HPOS="1570.0787401574803" CONTENT="pour" ID="tl_26_6" STYLEREFS="FONT0"/>
            <SP HEIGHT="140.15748031496062" WIDTH="37.79527559055118" VPOS="3354.3307086614172" HPOS="1870.8661417322835"/>
            <String HEIGHT="140.15748031496062" WIDTH="225.1968503937008" VPOS="3354.3307086614172" HPOS="1759.0551181102362" CONTENT="en" ID="tl_26_7" STYLEREFS="FONT0"/>
            <SP HEIGHT="140.15748031496062" WIDTH="37.79527559055118" VPOS="3354.3307086614172" HPOS="1984.251968503937"/>
            <String HEIGHT="140.15748031496062" WIDTH="338.5826771653543" VPOS="3354.3307086614172" HPOS="1870.8661417322835" CONTENT="faire" ID="tl_26_8" STYLEREFS="FONT0"/>
            <SP HEIGHT="140.15748031496062" WIDTH="37.79527559055118" VPOS="3354.3307086614172" HPOS="2209.448818897638"/>
            <String HEIGHT="140.15748031496062" WIDTH="262.99212598425197" VPOS="3354.3307086614172" HPOS="2059.8425196850394" CONTENT="jouir" ID="tl_26_9" STYLEREFS="FONT0"/>
          </TextLine>
          <TextLine ID="tl_27" BASELINE="2283" HEIGHT="138.58267716535434" WIDTH="902.3622047244095" VPOS="3456.6929133858266" HPOS="521.2598425196851">
            <String HEIGHT="138.58267716535434" WIDTH="217.3228346456693" VPOS="3456.6929133858266" HPOS="485.03937007874015" CONTENT="le" ID="tl_27_1" STYLEREFS="FONT0"/>
            <SP HEIGHT="138.58267716535434" WIDTH="36.22047244094488" VPOS="3456.6929133858266" HPOS="702.3622047244095"/>
            <String HEIGHT="138.58267716535434" WIDTH="360.62992125984255" VPOS="3456.6929133858266" HPOS="593.7007874015748" CONTENT="public" ID="tl_27_2" STYLEREFS="FONT0"/>
            <SP HEIGHT="138.58267716535434" WIDTH="36.22047244094488" VPOS="3456.6929133858266" HPOS="954.3307086614174"/>
            <String HEIGHT="138.58267716535434" WIDTH="396.8503937007874" VPOS="3456.6929133858266" HPOS="845.6692913385826" CONTENT="quelque" ID="tl_27_3" STYLEREFS="FONT0"/>
            <SP HEIGHT="138.58267716535434" WIDTH="36.22047244094488" VPOS="3456.6929133858266" HPOS="1242.5196850393702"/>
            <String HEIGHT="138.58267716535434" WIDTH="324.40944881889766" VPOS="3456.6929133858266" HPOS="1099.2125984251968" CONTENT="teinps." ID="tl_27_4" STYLEREFS="FONT0"/>
          </TextLine>
        </TextBlock>
        <GraphicalElement ID="r_2" HEIGHT="29.921259842519685" WIDTH="426.7716535433071" VPOS="62.99212598425197" HPOS="1908.6614173228347"/>
        <GraphicalElement ID="r_3" HEIGHT="36.22047244094488" WIDTH="675.5905511811023" VPOS="80.31496062992126" HPOS="1233.0708661417323"/>
        <GraphicalElement ID="r_4" HEIGHT="33.07086614173228" WIDTH="508.66141732283467" VPOS="99.21259842519684" HPOS="724.4094488188977"/>
        <GraphicalElement ID="r_5" HEIGHT="34.645669291338585" WIDTH="584.2519685039371" VPOS="113.38582677165354" HPOS="103.93700787401575"/>
        <GraphicalElement ID="r_6" HEIGHT="302.3622047244094" WIDTH="11.023622047244094" VPOS="1782.6771653543308" HPOS="0.0"/>
        <GraphicalElement ID="r_7" HEIGHT="507.0866141732283" WIDTH="33.07086614173228" VPOS="3557.48031496063" HPOS="6.299212598425197"/>
        <GraphicalElement ID="r_8" HEIGHT="247.24409448818898" WIDTH="11.023622047244094" VPOS="700.7874015748032" HPOS="37.79527559055118"/>
        <GraphicalElement ID="r_9" HEIGHT="3584.251968503937" WIDTH="45.669291338582674" VPOS="403.1496062992126" HPOS="2439.3700787401576"/>
        <GraphicalElement ID="r_10" HEIGHT="81.88976377952756" WIDTH="6.299212598425197" VPOS="3414.1732283464567" HPOS="130.70866141732284"/>
      </PrintSpace>
    </Page>
  </Layout>
</alto>
