2461.417322834646 4242.51968503937
694.488188976378 453.54330708661416 462.99212598425197 160.62992125984252 TREZEL,
1031.4960629921259 453.54330708661416 251.96850393700788 160.62992125984252 né
1157.4803149606298 453.54330708661416 211.0236220472441 160.62992125984252 à
1200.0 453.54330708661416 337.00787401574803 160.62992125984252 Paris.

212.5984251968504 696.0629921259842 388.9763779527559 177.95275590551182 100.
455.11811023622045 696.0629921259842 340.15748031496065 177.95275590551182 Les
650.3937007874016 696.0629921259842 486.61417322834643 177.95275590551182 femmes
990.5511811023622 696.0629921259842 291.33858267716533 177.95275590551182 de
1088.1889763779527 696.0629921259842 582.6771653543307 177.95275590551182 Weinsberg.

470.86614173228344 985.8267716535433 382.6771653543307 105.51181102362204 Conrad
738.5826771653543 985.8267716535433 305.51181102362204 105.51181102362204 III,
929.1338582677165 985.8267716535433 458.26771653543307 105.51181102362204 empereur
1274.015748031496 985.8267716535433 611.0236220472441 105.51181102362204 d’Allemagne,
1732.283464566929 985.8267716535433 305.51181102362204 105.51181102362204 assié-

376.37795275590554 1085.0393700787401 365.3543307086614 121.25984251968504 geant
620.4724409448819 1085.0393700787401 244.09448818897638 121.25984251968504 la
741.7322834645669 1085.0393700787401 365.3543307086614 121.25984251968504 ville
985.8267716535433 1085.0393700787401 244.09448818897638 121.25984251968504 de
1108.6614173228347 1085.0393700787401 568.503937007874 121.25984251968504 Weinsberg,
1554.3307086614172 1085.0393700787401 244.09448818897638 121.25984251968504 en
1636.2204724409448 1085.0393700787401 406.2992125984252 121.25984251968504 Bavière,

379.5275590551181 1204.724409448819 577.9527559055118 99.21259842519684 vaillamment
840.9448818897638 1204.724409448819 462.99212598425197 99.21259842519684 défendue
1188.976377952756 1204.724409448819 269.29133858267716 99.21259842519684 par
1341.732283464567 1204.724409448819 231.49606299212599 99.21259842519684 le
1458.267716535433 1204.724409448819 269.29133858267716 99.21259842519684 duc
1612.5984251968505 1204.724409448819 231.49606299212599 99.21259842519684 de
1689.763779527559 1204.724409448819 346.45669291338584 99.21259842519684 Guelfe,

385.8267716535433 1314.9606299212599 316.53543307086613 94.48818897637796 força
596.8503937007874 1314.9606299212599 245.66929133858267 94.48818897637796 les
737.007874015748 1314.9606299212599 458.26771653543307 94.48818897637796 habitants
1089.763779527559 1314.9606299212599 211.0236220472441 94.48818897637796 de
1195.275590551181 1314.9606299212599 211.0236220472441 94.48818897637796 se
1300.7874015748032 1314.9606299212599 351.18110236220474 94.48818897637796 rendre
1546.4566929133857 1314.9606299212599 176.3779527559055 94.48818897637796 à
1581.1023622047244 1314.9606299212599 458.26771653543307 94.48818897637796 discretion.

384.251968503937 1415.748031496063 360.62992125984255 114.96062992125984 frrité
637.7952755905512 1415.748031496063 217.3228346456693 114.96062992125984 de
744.8818897637796 1415.748031496063 288.18897637795277 114.96062992125984 leur
925.9842519685039 1415.748031496063 469.29133858267716 114.96062992125984 opiniâtre
1286.6141732283465 1415.748031496063 541.7322834645669 114.96062992125984 résistance,
1721.259842519685 1415.748031496063 217.3228346456693 114.96062992125984 il
1792.1259842519685 1415.748031496063 253.54330708661416 114.96062992125984 avoit

382.6771653543307 1510.236220472441 288.18897637795277 132.28346456692913 juré
563.7795275590552 1510.236220472441 215.748031496063 132.28346456692913 de
670.8661417322835 1510.236220472441 324.40944881889766 132.28346456692913 faire
888.1889763779527 1510.236220472441 360.62992125984255 132.28346456692913 passer
1140.1574803149606 1510.236220472441 288.18897637795277 132.28346456692913 tous
1319.6850393700788 1510.236220472441 251.96850393700788 132.28346456692913 les
1464.5669291338584 1510.236220472441 324.40944881889766 132.28346456692913 mâles
1680.3149606299212 1510.236220472441 215.748031496063 132.28346456692913 au
1788.976377952756 1510.236220472441 251.96850393700788 132.28346456692913 fil
1896.0629921259842 1510.236220472441 144.88188976377953 132.28346456692913 de

384.251968503937 1642.5196850393702 434.6456692913386 111.81102362204724 l’épée.
700.7874015748032 1642.5196850393702 277.1653543307087 111.81102362204724 Les
858.2677165354331 1642.5196850393702 395.2755905511811 111.81102362204724 femmes
1135.4330708661416 1642.5196850393702 593.7007874015748 111.81102362204724 demandèrent
1611.023622047244 1642.5196850393702 355.90551181102364 111.81102362204724 alors
1847.244094488189 1642.5196850393702 198.4251968503937 111.81102362204724 à
1888.1889763779527 1642.5196850393702 157.48031496062993 111.81102362204724 se

390.5511811023622 1754.3307086614172 404.7244094488189 107.08661417322834 retirer
685.0393700787401 1754.3307086614172 220.4724409448819 107.08661417322834 en
795.2755905511812 1754.3307086614172 478.74015748031496 107.08661417322834 emportant
1162.2047244094488 1754.3307086614172 220.4724409448819 107.08661417322834 ce
1272.4409448818897 1754.3307086614172 440.9448818897638 107.08661417322834 qu’elles
1566.9291338582677 1754.3307086614172 478.74015748031496 107.08661417322834 possédoient

390.5511811023622 1833.0708661417323 215.748031496063 130.70866141732284 de
499.21259842519686 1833.0708661417323 288.18897637795277 130.70866141732284 plus
678.7401574803149 1833.0708661417323 467.7165354330709 130.70866141732284 précieux.
1037.7952755905512 1833.0708661417323 324.40944881889766 130.70866141732284 Cette
1253.5433070866143 1833.0708661417323 359.0551181102362 130.70866141732284 faveur
1505.5118110236222 1833.0708661417323 288.18897637795277 130.70866141732284 leur
1686.6141732283465 1833.0708661417323 324.40944881889766 130.70866141732284 ayant
1866.1417322834645 1833.0708661417323 179.5275590551181 130.70866141732284 été

392.12598425196853 1963.7795275590552 478.74015748031496 105.51181102362204 accordée,
759.0551181102362 1963.7795275590552 514.9606299212599 105.51181102362204 l’empereur
1163.7795275590552 1963.7795275590552 258.26771653543307 105.51181102362204 les
1311.8110236220473 1963.7795275590552 294.48818897637796 105.51181102362204 vit,
1496.0629921259842 1963.7795275590552 294.48818897637796 105.51181102362204 avec
1678.740157480315 1963.7795275590552 368.503937007874 105.51181102362204 autant
1900.7874015748032 1963.7795275590552 146.45669291338584 105.51181102362204 de

392.12598425196853 2069.2913385826773 422.0472440944882 118.11023622047244 surprise
707.0866141732283 2069.2913385826773 245.66929133858267 118.11023622047244 que
848.8188976377953 2069.2913385826773 596.8503937007874 118.11023622047244 d’admiration,
1340.1574803149606 2069.2913385826773 351.18110236220474 118.11023622047244 sortir
1585.8267716535433 2069.2913385826773 211.0236220472441 118.11023622047244 de
1691.3385826771653 2069.2913385826773 211.0236220472441 118.11023622047244 la
1762.2047244094488 2069.2913385826773 280.31496062992125 118.11023622047244 ville,

393.7007874015748 2176.3779527559054 461.4173228346457 129.13385826771653 chargées
740.1574803149606 2176.3779527559054 231.49606299212599 129.13385826771653 de
855.1181102362204 2176.3779527559054 308.66141732283467 129.13385826771653 leur
1047.244094488189 2176.3779527559054 346.45669291338584 129.13385826771653 père,
1278.740157480315 2176.3779527559054 231.49606299212599 129.13385826771653 de
1393.7007874015749 2176.3779527559054 308.66141732283467 129.13385826771653 leur
1587.4015748031495 2176.3779527559054 346.45669291338584 129.13385826771653 époux
1817.3228346456692 2176.3779527559054 231.49606299212599 129.13385826771653 et
1894.4881889763778 2176.3779527559054 154.33070866141733 129.13385826771653 de

393.7007874015748 2281.8897637795276 337.00787401574803 137.00787401574803 leurs
618.8976377952756 2281.8897637795276 448.81889763779526 137.00787401574803 enfants;
955.9055118110236 2281.8897637795276 225.1968503937008 137.00787401574803 et
1067.716535433071 2281.8897637795276 225.1968503937008 137.00787401574803 il
1181.1023622047244 2281.8897637795276 448.81889763779526 137.00787401574803 pardonna
1518.1102362204724 2281.8897637795276 187.4015748031496 137.00787401574803 à
1593.7007874015749 2281.8897637795276 262.99212598425197 137.00787401574803 ces
1705.5118110236222 2281.8897637795276 337.00787401574803 137.00787401574803 malheu-

395.2755905511811 2379.527559055118 292.9133858267717 135.43307086614172 reux
541.7322834645669 2379.527559055118 439.37007874015745 135.43307086614172 habitants.
