3119.685039370079 4908.6614173228345
1313.3858267716535 798.4251968503937 264.56692913385825 122.83464566929133 5
1366.9291338582677 798.4251968503937 159.0551181102362 122.83464566929133 —

557.4803149606299 966.9291338582677 231.49606299212599 137.00787401574803 jours;
719.6850393700787 966.9291338582677 162.20472440944883 137.00787401574803 les
812.5984251968504 966.9291338582677 277.1653543307087 137.00787401574803 esclaves
1020.4724409448819 966.9291338582677 346.45669291338584 137.00787401574803 jouissaient
1297.6377952755906 966.9291338582677 207.8740157480315 137.00787401574803 d’une
1436.2204724409448 966.9291338582677 253.54330708661416 137.00787401574803 liberté
1620.4724409448818 966.9291338582677 300.78740157480314 137.00787401574803 éphémère,
1851.9685039370079 966.9291338582677 253.54330708661416 137.00787401574803 étaient
2014.1732283464567 966.9291338582677 184.251968503937 137.00787401574803 servis

546.4566929133858 1089.763779527559 163.7795275590551 97.63779527559055 par
639.3700787401575 1089.763779527559 163.7795275590551 97.63779527559055 les
733.8582677165355 1089.763779527559 280.31496062992125 97.63779527559055 maîtres,
943.3070866141733 1089.763779527559 140.15748031496062 97.63779527559055 et
1012.5984251968504 1089.763779527559 302.3622047244094 97.63779527559055 pouvaient
1245.6692913385828 1089.763779527559 280.31496062992125 97.63779527559055 profiter
1455.1181102362204 1089.763779527559 140.15748031496062 97.63779527559055 de
1525.984251968504 1089.763779527559 209.4488188976378 97.63779527559055 cette
1666.1417322834645 1089.763779527559 256.6929133858268 97.63779527559055 licence
1851.9685039370079 1089.763779527559 185.82677165354332 97.63779527559055 pour
1944.8818897637796 1089.763779527559 256.6929133858268 97.63779527559055 reprocher

559.0551181102362 1160.6299212598426 118.11023622047244 107.08661417322834 à
606.2992125984252 1160.6299212598426 261.4173228346457 107.08661417322834 ceux-ci
796.8503937007874 1160.6299212598426 166.9291338582677 107.08661417322834 les
891.3385826771654 1160.6299212598426 261.4173228346457 107.08661417322834 défauts
1081.8897637795276 1160.6299212598426 190.5511811023622 107.08661417322834 dont
1200.0 1160.6299212598426 166.9291338582677 107.08661417322834 ils
1296.0629921259842 1160.6299212598426 261.4173228346457 107.08661417322834 avaient
1485.0393700787401 1160.6299212598426 308.66141732283467 107.08661417322834 souffert,
1722.8346456692914 1160.6299212598426 143.30708661417322 107.08661417322834 et
1795.275590551181 1160.6299212598426 166.9291338582677 107.08661417322834 les
1889.763779527559 1160.6299212598426 214.17322834645668 107.08661417322834 vices
2007.8740157480315 1160.6299212598426 190.5511811023622 107.08661417322834 qu’ils

554.3307086614174 1256.6929133858268 285.03937007874015 105.51181102362204 avaient
760.6299212598425 1256.6929133858268 155.90551181102362 105.51181102362204 pu
812.5984251968504 1256.6929133858268 387.40157480314963 105.51181102362204 découvrir....

612.5984251968504 1333.8582677165355 173.22834645669292 102.36220472440945 Les
711.8110236220473 1333.8582677165355 222.04724409448818 102.36220472440945 mères
859.8425196850394 1333.8582677165355 395.2755905511811 102.36220472440945 conduisaient
1182.6771653543308 1333.8582677165355 222.04724409448818 102.36220472440945 leurs
1330.708661417323 1333.8582677165355 272.4409448818898 102.36220472440945 enfants
1529.1338582677165 1333.8582677165355 124.40944881889764 102.36220472440945 à
1577.9527559055118 1333.8582677165355 173.22834645669292 102.36220472440945 ces
1677.1653543307086 1333.8582677165355 247.24409448818898 102.36220472440945 fêtes,
1850.3937007874015 1333.8582677165355 198.4251968503937 102.36220472440945 afin
1974.8031496062993 1333.8582677165355 173.22834645669292 102.36220472440945 que
2048.818897637795 1333.8582677165355 148.03149606299212 102.36220472440945 leur

560.6299212598425 1429.9212598425197 225.1968503937008 99.21259842519684 jeune
710.2362204724409 1429.9212598425197 374.8031496062992 99.21259842519684 imagination
1011.0236220472441 1429.9212598425197 174.8031496062992 99.21259842519684 fût
1110.236220472441 1429.9212598425197 275.59055118110234 99.21259842519684 frappée
1310.236220472441 1429.9212598425197 324.40944881889766 99.21259842519684 d’horreur
1560.6299212598426 1429.9212598425197 124.40944881889764 99.21259842519684 à
1611.023622047244 1429.9212598425197 149.60629921259843 99.21259842519684 la
1686.6141732283465 1429.9212598425197 174.8031496062992 99.21259842519684 vue
1785.8267716535433 1429.9212598425197 149.60629921259843 99.21259842519684 de
1861.4173228346456 1429.9212598425197 324.40944881889766 99.21259842519684 l’ivresse
2086.6141732283463 1429.9212598425197 124.40944881889764 99.21259842519684 des

530.7086614173228 1516.5354330708662 274.01574803149606 92.91338582677166 esclaves.

708.6614173228346 1581.1023622047244 110.23622047244095 96.06299212598425 «
752.7559055118111 1581.1023622047244 307.0866141732283 96.06299212598425 Saturne
993.7007874015748 1581.1023622047244 196.8503937007874 96.06299212598425 ainsi
1125.984251968504 1581.1023622047244 132.28346456692913 96.06299212598425 le
1192.1259842519685 1581.1023622047244 196.8503937007874 96.06299212598425 veut:
1322.8346456692914 1581.1023622047244 218.89763779527559 96.06299212598425 Chaque
1477.1653543307086 1581.1023622047244 154.33070866141733 96.06299212598425 an,
1563.7795275590552 1581.1023622047244 174.8031496062992 96.06299212598425 dans
1674.015748031496 1581.1023622047244 132.28346456692913 96.06299212598425 la
1718.1102362204724 1581.1023622047244 285.03937007874015 96.06299212598425 maison

703.9370078740158 1678.740157480315 107.08661417322834 83.46456692913385 «
748.0314960629921 1678.740157480315 214.17322834645668 83.46456692913385 Ces
897.6377952755905 1678.740157480315 299.21259842519686 83.46456692913385 affranchis
1132.283464566929 1678.740157480315 171.6535433070866 83.46456692913385 d’un
1239.3700787401574 1678.740157480315 171.6535433070866 83.46456692913385 jour
1346.4566929133857 1678.740157480315 234.64566929133858 83.46456692913385 peuvent
1518.1102362204724 1678.740157480315 171.6535433070866 83.46456692913385 tout
1625.1968503937007 1678.740157480315 129.13385826771653 83.46456692913385 se
1667.716535433071 1678.740157480315 341.73228346456693 83.46456692913385 permettre:

707.0866141732283 1748.0314960629921 359.0551181102362 92.91338582677166 «L'exemple
1001.5748031496063 1748.0314960629921 190.5511811023622 92.91338582677166 vient
1129.1338582677165 1748.0314960629921 168.50393700787401 92.91338582677166 d’en
1234.6456692913387 1748.0314960629921 168.50393700787401 92.91338582677166 bas,
1340.1574803149606 1748.0314960629921 148.03149606299212 92.91338582677166 et,
1425.1968503937007 1748.0314960629921 274.01574803149606 92.91338582677166 troublant
1636.2204724409448 1748.0314960629921 125.98425196850394 92.91338582677166 la
1678.740157480315 1748.0314960629921 274.01574803149606 92.91338582677166 raison

710.2362204724409 1837.7952755905512 348.0314960629921 99.21259842519684 «L'ivresse
996.8503937007874 1837.7952755905512 122.83464566929133 99.21259842519684 de
1058.267716535433 1837.7952755905512 266.1417322834646 99.21259842519684 l’esclave
1262.992125984252 1837.7952755905512 143.30708661417322 99.21259842519684 est
1344.8818897637796 1837.7952755905512 122.83464566929133 99.21259842519684 la
1406.2992125984251 1837.7952755905512 184.251968503937 99.21259842519684 leçon
1529.1338582677165 1837.7952755905512 122.83464566929133 99.21259842519684 du
1570.0787401574803 1837.7952755905512 266.1417322834646 99.21259842519684 maître

541.7322834645669 1932.283464566929 256.6929133858268 152.75590551181102 14.
688.1889763779527 1932.283464566929 220.4724409448819 152.75590551181102 Le
798.4251968503937 1932.283464566929 294.48818897637796 152.75590551181102 Mois
982.6771653543307 1932.283464566929 220.4724409448819 152.75590551181102 de
1091.3385826771653 1932.283464566929 366.92913385826773 152.75590551181102 Marie,
1349.6062992125985 1932.283464566929 477.1653543307087 152.75590551181102 souvenirs
1716.5354330708662 1932.283464566929 220.4724409448819 152.75590551181102 de
1790.5511811023623 1932.283464566929 404.7244094488189 152.75590551181102 Florence.

543.3070866141733 2059.8425196850394 266.1417322834646 100.78740157480316 15.
694.488188976378 2059.8425196850394 455.11811023622045 100.78740157480316 Paysanne
1036.2204724409448 2059.8425196850394 228.3464566929134 100.78740157480316 de
1151.1811023622047 2059.8425196850394 303.93700787401576 100.78740157480316 Nice
1340.1574803149606 2059.8425196850394 228.3464566929134 100.78740157480316 se
1455.1181102362204 2059.8425196850394 417.3228346456693 100.78740157480316 rendant
1759.0551181102362 2059.8425196850394 228.3464566929134 100.78740157480316 au
1834.6456692913387 2059.8425196850394 341.73228346456693 100.78740157480316 marché.

1074.015748031496 2294.488188976378 538.5826771653543 135.43307086614172 BAUDIT,

1042.5196850393702 2440.9448818897636 190.5511811023622 116.53543307086615 43,
1151.1811023622047 2440.9448818897636 190.5511811023622 116.53543307086615 rue
1259.8425196850394 2440.9448818897636 163.7795275590551 116.53543307086615 de
1341.732283464567 2440.9448818897636 272.4409448818898 116.53543307086615 Douay,
1503.9370078740158 2440.9448818897636 217.3228346456693 116.53543307086615 Paris.

549.6062992125984 2574.803149606299 269.29133858267716 130.70866141732284 16.
702.3622047244095 2574.803149606299 231.49606299212599 130.70866141732284 Le
818.8976377952756 2574.803149606299 423.62204724409446 130.70866141732284 Village
1127.5590551181103 2574.803149606299 231.49606299212599 130.70866141732284 de
1204.724409448819 2574.803149606299 423.62204724409446 130.70866141732284 Montigny.

537.007874015748 2697.6377952755906 286.61417322834643 108.66141732283465 17.
700.7874015748032 2697.6377952755906 245.66929133858267 108.66141732283465 Un
823.6220472440945 2697.6377952755906 409.4488188976378 108.66141732283465 Chemin
1110.236220472441 2697.6377952755906 245.66929133858267 108.66141732283465 de
1234.6456692913387 2697.6377952755906 245.66929133858267 108.66141732283465 la
1316.5354330708662 2697.6377952755906 450.3937007874016 108.66141732283465 campagne.

537.007874015748 2779.527559055118 266.1417322834646 118.11023622047244 18.
689.7637795275591 2779.527559055118 456.6929133858268 118.11023622047244 Environs
1031.4960629921259 2779.527559055118 228.3464566929134 118.11023622047244 de
1108.6614173228347 2779.527559055118 609.4488188976378 118.11023622047244 Fontainebleau.

1048.8188976377953 3034.6456692913384 573.2283464566929 151.1811023622047 BEAUME,

768.503937007874 3155.9055118110236 122.83464566929133 141.73228346456693 A
818.8976377952756 3155.9055118110236 247.24409448818898 141.73228346456693 Paris,
990.5511811023622 3155.9055118110236 148.03149606299212 141.73228346456693 et
1064.5669291338584 3155.9055118110236 196.8503937007874 141.73228346456693 chez
1188.976377952756 3155.9055118110236 270.86614173228344 141.73228346456693 Legrip,
1385.8267716535433 3155.9055118110236 173.22834645669292 141.73228346456693 rue
1485.0393700787401 3155.9055118110236 148.03149606299212 141.73228346456693 de
1559.0551181102362 3155.9055118110236 344.88188976377955 141.73228346456693 l’Hôpital,
1806.2992125984251 3155.9055118110236 196.8503937007874 141.73228346456693 Rouen.

541.7322834645669 3283.464566929134 277.1653543307087 137.00787401574803 19.
700.7874015748032 3283.464566929134 357.4803149606299 137.00787401574803 Ronde
899.2125984251968 3283.464566929134 475.59055118110234 137.00787401574803 d’Enfants.

853.5433070866142 3530.7086614173227 705.511811023622 151.1811023622047 BENTABOLE
1341.732283464567 3530.7086614173227 541.7322834645669 151.1811023622047 (LOUIS),

1059.8425196850394 3662.9921259842517 187.4015748031496 133.85826771653544 40,
1166.9291338582677 3662.9921259842517 187.4015748031496 133.85826771653544 rue
1274.015748031496 3662.9921259842517 322.8346456692913 133.85826771653544 Blanche,
1489.763779527559 3662.9921259842517 214.17322834645668 133.85826771653544 Paris.

540.1574803149606 3800.0 267.7165354330709 181.10236220472441 20.
692.9133858267717 3800.0 267.7165354330709 181.10236220472441 Vue
845.6692913385826 3800.0 344.88188976377955 181.10236220472441 prise
1075.5905511811025 3800.0 192.1259842519685 181.10236220472441 à
1152.755905511811 3800.0 422.0472440944882 181.10236220472441 Morgate
1420.4724409448818 3800.0 537.007874015748 181.10236220472441 (Finistère).
