<alto xmlns:xsi="http://www.w3.org/2001/XMLSchema-instance" xmlns="http://www.loc.gov/standards/alto/ns-v2#" xmlns:page="http://schema.primaresearch.org/PAGE/gts/pagecontent/2013-07-15" xsi:schemaLocation="http://www.loc.gov/standards/alto/ns-v2# http://www.loc.gov/standards/alto/alto.xsd">
  <Description>
    <MeasurementUnit>pixel</MeasurementUnit>
    <sourceImageInformation>
         <fileName>12.xml</fileName>
      </sourceImageInformation>
    <OCRProcessing ID="IdOcr">
      <ocrProcessingStep>
        <processingDateTime>2020-06-30T17:43:08.258+02:00</processingDateTime>
        <processingSoftware>
               <softwareCreator>CONTRIBUTORS</softwareCreator>
               <softwareName>pdfalto</softwareName>
               <softwareVersion>0.1</softwareVersion>
            </processingSoftware>
      </ocrProcessingStep>
    </OCRProcessing>
  </Description>
  <Styles>
     <TextStyle ID="FONT0" FONTFAMILY="unknown" FONTSIZE="unknown" FONTTYPE="unknown" FONTWIDTH="unknown" FONTCOLOR="unknown" FONTSTYLE=""/>
     <TextStyle ID="FONT1" FONTFAMILY="unknown" FONTSIZE="unknown" FONTTYPE="unknown" FONTWIDTH="unknown" FONTCOLOR="unknown" FONTSTYLE="bold"/>
     <TextStyle ID="FONT2" FONTFAMILY="unknown" FONTSIZE="unknown" FONTTYPE="unknown" FONTWIDTH="unknown" FONTCOLOR="unknown" FONTSTYLE="italics"/>
</Styles>
  <Tags/>
  <Layout>
    <Page ID="Page1" PHYSICAL_IMG_NR="1" HEIGHT="4908.6614173228345" WIDTH="3053.5433070866143">
      <PrintSpace HEIGHT="4908.6614173228345" WIDTH="3053.5433070866143" VPOS="0.0" HPOS="0.0">
        <TextBlock ID="r1" HEIGHT="3118.1102362204724" WIDTH="1629.9212598425197" VPOS="851.9685039370079" HPOS="825.1968503937007">
          <TextLine ID="r1l1" BASELINE="601" HEIGHT="105.51181102362204" WIDTH="316.53543307086613" VPOS="840.9448818897638" HPOS="1475.5905511811025">
            <String HEIGHT="105.51181102362204" WIDTH="316.53543307086613" VPOS="840.9448818897638" HPOS="1412.5984251968505" CONTENT="—" ID="r1l1_1" STYLEREFS="FONT0"/>
            <SP HEIGHT="105.51181102362204" WIDTH="62.99212598425197" VPOS="840.9448818897638" HPOS="1729.1338582677165"/>
            <String HEIGHT="105.51181102362204" WIDTH="316.53543307086613" VPOS="840.9448818897638" HPOS="1538.5826771653544" CONTENT="6" ID="r1l1_2" STYLEREFS="FONT0"/>
            <SP HEIGHT="105.51181102362204" WIDTH="62.99212598425197" VPOS="840.9448818897638" HPOS="1855.1181102362204"/>
            <String HEIGHT="105.51181102362204" WIDTH="190.5511811023622" VPOS="840.9448818897638" HPOS="1601.5748031496064" CONTENT="—" ID="r1l1_3" STYLEREFS="FONT0"/>
          </TextLine>
          <TextLine ID="r1l2" BASELINE="738" HEIGHT="137.00787401574803" WIDTH="1127.5590551181103" VPOS="1025.1968503937007" HPOS="1066.1417322834645">
            <String HEIGHT="137.00787401574803" WIDTH="653.5433070866142" VPOS="1025.1968503937007" HPOS="1006.2992125984252" CONTENT="BERLIOZ" ID="r1l2_1" STYLEREFS="FONT0"/>
            <SP HEIGHT="137.00787401574803" WIDTH="59.84251968503937" VPOS="1025.1968503937007" HPOS="1659.8425196850394"/>
            <String HEIGHT="137.00787401574803" WIDTH="355.90551181102364" VPOS="1025.1968503937007" HPOS="1481.8897637795276" CONTENT="DE" ID="r1l2_2" STYLEREFS="FONT0"/>
            <SP HEIGHT="137.00787401574803" WIDTH="59.84251968503937" VPOS="1025.1968503937007" HPOS="1837.7952755905512"/>
            <String HEIGHT="137.00787401574803" WIDTH="593.7007874015748" VPOS="1025.1968503937007" HPOS="1600.0" CONTENT="PRÉMONT," ID="r1l2_3" STYLEREFS="FONT0"/>
          </TextLine>
          <TextLine ID="r1l3" BASELINE="823" HEIGHT="124.40944881889764" WIDTH="998.4251968503937" VPOS="1171.6535433070867" HPOS="1135.4330708661416">
            <String HEIGHT="124.40944881889764" WIDTH="149.60629921259843" VPOS="1171.6535433070867" HPOS="1110.236220472441" CONTENT="26" ID="r1l3_1" STYLEREFS="FONT0"/>
            <SP HEIGHT="124.40944881889764" WIDTH="25.19685039370079" VPOS="1171.6535433070867" HPOS="1259.8425196850394"/>
            <String HEIGHT="124.40944881889764" WIDTH="200.0" VPOS="1171.6535433070867" HPOS="1185.8267716535433" CONTENT="bis," ID="r1l3_2" STYLEREFS="FONT0"/>
            <SP HEIGHT="124.40944881889764" WIDTH="25.19685039370079" VPOS="1171.6535433070867" HPOS="1385.8267716535433"/>
            <String HEIGHT="124.40944881889764" WIDTH="174.8031496062992" VPOS="1171.6535433070867" HPOS="1310.236220472441" CONTENT="rue" ID="r1l3_3" STYLEREFS="FONT0"/>
            <SP HEIGHT="124.40944881889764" WIDTH="25.19685039370079" VPOS="1171.6535433070867" HPOS="1485.0393700787401"/>
            <String HEIGHT="124.40944881889764" WIDTH="149.60629921259843" VPOS="1171.6535433070867" HPOS="1409.4488188976377" CONTENT="de" ID="r1l3_4" STYLEREFS="FONT0"/>
            <SP HEIGHT="124.40944881889764" WIDTH="25.19685039370079" VPOS="1171.6535433070867" HPOS="1559.0551181102362"/>
            <String HEIGHT="124.40944881889764" WIDTH="549.6062992125984" VPOS="1171.6535433070867" HPOS="1485.0393700787401" CONTENT="Crosne-hors-Ville," ID="r1l3_5" STYLEREFS="FONT0"/>
            <SP HEIGHT="124.40944881889764" WIDTH="25.19685039370079" VPOS="1171.6535433070867" HPOS="2034.6456692913387"/>
            <String HEIGHT="124.40944881889764" WIDTH="200.0" VPOS="1171.6535433070867" HPOS="1933.8582677165355" CONTENT="Rouen." ID="r1l3_6" STYLEREFS="FONT0"/>
          </TextLine>
          <TextLine ID="r1l4" BASELINE="884" HEIGHT="114.96062992125984" WIDTH="1642.5196850393702" VPOS="1277.1653543307086" HPOS="822.0472440944882">
            <String HEIGHT="114.96062992125984" WIDTH="280.31496062992125" VPOS="1277.1653543307086" HPOS="782.6771653543307" CONTENT="21." ID="r1l4_1" STYLEREFS="FONT0"/>
            <SP HEIGHT="114.96062992125984" WIDTH="39.37007874015748" VPOS="1277.1653543307086" HPOS="1062.992125984252"/>
            <String HEIGHT="114.96062992125984" WIDTH="280.31496062992125" VPOS="1277.1653543307086" HPOS="941.7322834645669" CONTENT="Vue" ID="r1l4_2" STYLEREFS="FONT0"/>
            <SP HEIGHT="114.96062992125984" WIDTH="39.37007874015748" VPOS="1277.1653543307086" HPOS="1222.0472440944882"/>
            <String HEIGHT="114.96062992125984" WIDTH="240.9448818897638" VPOS="1277.1653543307086" HPOS="1102.3622047244094" CONTENT="du" ID="r1l4_3" STYLEREFS="FONT0"/>
            <SP HEIGHT="114.96062992125984" WIDTH="39.37007874015748" VPOS="1277.1653543307086" HPOS="1343.3070866141732"/>
            <String HEIGHT="114.96062992125984" WIDTH="440.9448818897638" VPOS="1277.1653543307086" HPOS="1222.0472440944882" CONTENT="Château" ID="r1l4_4" STYLEREFS="FONT0"/>
            <SP HEIGHT="114.96062992125984" WIDTH="39.37007874015748" VPOS="1277.1653543307086" HPOS="1662.992125984252"/>
            <String HEIGHT="114.96062992125984" WIDTH="240.9448818897638" VPOS="1277.1653543307086" HPOS="1543.3070866141732" CONTENT="de" ID="r1l4_5" STYLEREFS="FONT0"/>
            <SP HEIGHT="114.96062992125984" WIDTH="39.37007874015748" VPOS="1277.1653543307086" HPOS="1784.251968503937"/>
            <String HEIGHT="114.96062992125984" WIDTH="640.9448818897638" VPOS="1277.1653543307086" HPOS="1662.992125984252" CONTENT="Rochechinard" ID="r1l4_6" STYLEREFS="FONT0"/>
            <SP HEIGHT="114.96062992125984" WIDTH="39.37007874015748" VPOS="1277.1653543307086" HPOS="2303.9370078740158"/>
            <String HEIGHT="114.96062992125984" WIDTH="240.9448818897638" VPOS="1277.1653543307086" HPOS="2184.251968503937" CONTENT="et" ID="r1l4_7" STYLEREFS="FONT0"/>
            <SP HEIGHT="114.96062992125984" WIDTH="39.37007874015748" VPOS="1277.1653543307086" HPOS="2425.196850393701"/>
            <String HEIGHT="114.96062992125984" WIDTH="200.0" VPOS="1277.1653543307086" HPOS="2264.566929133858" CONTENT="des" ID="r1l4_8" STYLEREFS="FONT0"/>
          </TextLine>
          <TextLine ID="r1l5" BASELINE="978" HEIGHT="165.35433070866142" WIDTH="914.9606299212599" VPOS="1374.8031496062993" HPOS="1114.9606299212599">
            <String HEIGHT="165.35433070866142" WIDTH="516.5354330708661" VPOS="1374.8031496062993" HPOS="1075.5905511811025" CONTENT="Montagnes" ID="r1l5_1" STYLEREFS="FONT0"/>
            <SP HEIGHT="165.35433070866142" WIDTH="39.37007874015748" VPOS="1374.8031496062993" HPOS="1592.1259842519685"/>
            <String HEIGHT="165.35433070866142" WIDTH="239.37007874015748" VPOS="1374.8031496062993" HPOS="1472.4409448818897" CONTENT="du" ID="r1l5_2" STYLEREFS="FONT0"/>
            <SP HEIGHT="165.35433070866142" WIDTH="39.37007874015748" VPOS="1374.8031496062993" HPOS="1711.8110236220473"/>
            <String HEIGHT="165.35433070866142" WIDTH="477.1653543307087" VPOS="1374.8031496062993" HPOS="1552.755905511811" CONTENT="Rayonnais." ID="r1l5_3" STYLEREFS="FONT0"/>
          </TextLine>
          <TextLine ID="r1l6" BASELINE="1029" HEIGHT="85.03937007874016" WIDTH="1571.6535433070867" VPOS="1535.4330708661416" HPOS="891.3385826771654">
            <String HEIGHT="85.03937007874016" WIDTH="168.50393700787401" VPOS="1535.4330708661416" HPOS="867.7165354330708" CONTENT="«Le" ID="r1l6_1" STYLEREFS="FONT0"/>
            <SP HEIGHT="85.03937007874016" WIDTH="23.62204724409449" VPOS="1535.4330708661416" HPOS="1036.2204724409448"/>
            <String HEIGHT="85.03937007874016" WIDTH="266.1417322834646" VPOS="1535.4330708661416" HPOS="963.7795275590552" CONTENT="château" ID="r1l6_2" STYLEREFS="FONT0"/>
            <SP HEIGHT="85.03937007874016" WIDTH="23.62204724409449" VPOS="1535.4330708661416" HPOS="1229.9212598425197"/>
            <String HEIGHT="85.03937007874016" WIDTH="144.88188976377953" VPOS="1535.4330708661416" HPOS="1157.4803149606298" CONTENT="de" ID="r1l6_3" STYLEREFS="FONT0"/>
            <SP HEIGHT="85.03937007874016" WIDTH="23.62204724409449" VPOS="1535.4330708661416" HPOS="1302.3622047244094"/>
            <String HEIGHT="85.03937007874016" WIDTH="411.0236220472441" VPOS="1535.4330708661416" HPOS="1229.9212598425197" CONTENT="Rochechinard," ID="r1l6_4" STYLEREFS="FONT0"/>
            <SP HEIGHT="85.03937007874016" WIDTH="23.62204724409449" VPOS="1535.4330708661416" HPOS="1640.9448818897638"/>
            <String HEIGHT="85.03937007874016" WIDTH="168.50393700787401" VPOS="1535.4330708661416" HPOS="1568.5039370078741" CONTENT="qui" ID="r1l6_5" STYLEREFS="FONT0"/>
            <SP HEIGHT="85.03937007874016" WIDTH="23.62204724409449" VPOS="1535.4330708661416" HPOS="1737.007874015748"/>
            <String HEIGHT="85.03937007874016" WIDTH="362.20472440944883" VPOS="1535.4330708661416" HPOS="1664.5669291338584" CONTENT="appartenait" ID="r1l6_6" STYLEREFS="FONT0"/>
            <SP HEIGHT="85.03937007874016" WIDTH="23.62204724409449" VPOS="1535.4330708661416" HPOS="2028.3464566929133"/>
            <String HEIGHT="85.03937007874016" WIDTH="121.25984251968504" VPOS="1535.4330708661416" HPOS="1955.9055118110236" CONTENT="à" ID="r1l6_7" STYLEREFS="FONT0"/>
            <SP HEIGHT="85.03937007874016" WIDTH="23.62204724409449" VPOS="1535.4330708661416" HPOS="2075.5905511811025"/>
            <String HEIGHT="85.03937007874016" WIDTH="338.5826771653543" VPOS="1535.4330708661416" HPOS="2003.1496062992126" CONTENT="l’illustre" ID="r1l6_8" STYLEREFS="FONT0"/>
            <SP HEIGHT="85.03937007874016" WIDTH="23.62204724409449" VPOS="1535.4330708661416" HPOS="2341.732283464567"/>
            <String HEIGHT="85.03937007874016" WIDTH="217.3228346456693" VPOS="1535.4330708661416" HPOS="2245.6692913385828" CONTENT="branche" ID="r1l6_9" STYLEREFS="FONT0"/>
          </TextLine>
          <TextLine ID="r1l7" BASELINE="1083" HEIGHT="77.16535433070867" WIDTH="1595.275590551181" VPOS="1628.3464566929133" HPOS="847.2440944881889">
            <String HEIGHT="77.16535433070867" WIDTH="196.8503937007874" VPOS="1628.3464566929133" HPOS="822.0472440944882" CONTENT="«des" ID="r1l7_1" STYLEREFS="FONT0"/>
            <SP HEIGHT="77.16535433070867" WIDTH="25.19685039370079" VPOS="1628.3464566929133" HPOS="1018.8976377952756"/>
            <String HEIGHT="77.16535433070867" WIDTH="294.48818897637796" VPOS="1628.3464566929133" HPOS="944.8818897637796" CONTENT="Allanau," ID="r1l7_2" STYLEREFS="FONT0"/>
            <SP HEIGHT="77.16535433070867" WIDTH="25.19685039370079" VPOS="1628.3464566929133" HPOS="1239.3700787401574"/>
            <String HEIGHT="77.16535433070867" WIDTH="171.6535433070866" VPOS="1628.3464566929133" HPOS="1166.9291338582677" CONTENT="est" ID="r1l7_3" STYLEREFS="FONT0"/>
            <SP HEIGHT="77.16535433070867" WIDTH="25.19685039370079" VPOS="1628.3464566929133" HPOS="1338.5826771653544"/>
            <String HEIGHT="77.16535433070867" WIDTH="171.6535433070866" VPOS="1628.3464566929133" HPOS="1264.5669291338584" CONTENT="une" ID="r1l7_4" STYLEREFS="FONT0"/>
            <SP HEIGHT="77.16535433070867" WIDTH="25.19685039370079" VPOS="1628.3464566929133" HPOS="1436.2204724409448"/>
            <String HEIGHT="77.16535433070867" WIDTH="171.6535433070866" VPOS="1628.3464566929133" HPOS="1362.2047244094488" CONTENT="des" ID="r1l7_5" STYLEREFS="FONT0"/>
            <SP HEIGHT="77.16535433070867" WIDTH="25.19685039370079" VPOS="1628.3464566929133" HPOS="1533.8582677165355"/>
            <String HEIGHT="77.16535433070867" WIDTH="245.66929133858267" VPOS="1628.3464566929133" HPOS="1461.4173228346456" CONTENT="ruines" ID="r1l7_6" STYLEREFS="FONT0"/>
            <SP HEIGHT="77.16535433070867" WIDTH="25.19685039370079" VPOS="1628.3464566929133" HPOS="1705.5118110236222"/>
            <String HEIGHT="77.16535433070867" WIDTH="171.6535433070866" VPOS="1628.3464566929133" HPOS="1633.0708661417323" CONTENT="les" ID="r1l7_7" STYLEREFS="FONT0"/>
            <SP HEIGHT="77.16535433070867" WIDTH="25.19685039370079" VPOS="1628.3464566929133" HPOS="1804.724409448819"/>
            <String HEIGHT="77.16535433070867" WIDTH="196.8503937007874" VPOS="1628.3464566929133" HPOS="1730.708661417323" CONTENT="plus" ID="r1l7_8" STYLEREFS="FONT0"/>
            <SP HEIGHT="77.16535433070867" WIDTH="25.19685039370079" VPOS="1628.3464566929133" HPOS="1927.5590551181103"/>
            <String HEIGHT="77.16535433070867" WIDTH="319.68503937007875" VPOS="1628.3464566929133" HPOS="1853.5433070866143" CONTENT="curieuses" ID="r1l7_9" STYLEREFS="FONT0"/>
            <SP HEIGHT="77.16535433070867" WIDTH="25.19685039370079" VPOS="1628.3464566929133" HPOS="2173.228346456693"/>
            <String HEIGHT="77.16535433070867" WIDTH="171.6535433070866" VPOS="1628.3464566929133" HPOS="2099.212598425197" CONTENT="des" ID="r1l7_10" STYLEREFS="FONT0"/>
            <SP HEIGHT="77.16535433070867" WIDTH="25.19685039370079" VPOS="1628.3464566929133" HPOS="2270.8661417322833"/>
            <String HEIGHT="77.16535433070867" WIDTH="269.29133858267716" VPOS="1628.3464566929133" HPOS="2173.228346456693" CONTENT="monuments" ID="r1l7_11" STYLEREFS="FONT0"/>
          </TextLine>
          <TextLine ID="r1l8" BASELINE="1146" HEIGHT="114.96062992125984" WIDTH="1595.275590551181" VPOS="1689.763779527559" HPOS="844.0944881889764">
            <String HEIGHT="114.96062992125984" WIDTH="203.1496062992126" VPOS="1689.763779527559" HPOS="818.8976377952756" CONTENT="«des" ID="r1l8_1" STYLEREFS="FONT0"/>
            <SP HEIGHT="114.96062992125984" WIDTH="25.19685039370079" VPOS="1689.763779527559" HPOS="1022.0472440944882"/>
            <String HEIGHT="114.96062992125984" WIDTH="177.95275590551182" VPOS="1689.763779527559" HPOS="944.8818897637796" CONTENT="XIe" ID="r1l8_2" STYLEREFS="FONT0"/>
            <SP HEIGHT="114.96062992125984" WIDTH="25.19685039370079" VPOS="1689.763779527559" HPOS="1122.8346456692914"/>
            <String HEIGHT="114.96062992125984" WIDTH="151.1811023622047" VPOS="1689.763779527559" HPOS="1047.244094488189" CONTENT="et" ID="r1l8_3" STYLEREFS="FONT0"/>
            <SP HEIGHT="114.96062992125984" WIDTH="25.19685039370079" VPOS="1689.763779527559" HPOS="1198.4251968503936"/>
            <String HEIGHT="114.96062992125984" WIDTH="203.1496062992126" VPOS="1689.763779527559" HPOS="1122.8346456692914" CONTENT="XIIe" ID="r1l8_4" STYLEREFS="FONT0"/>
            <SP HEIGHT="114.96062992125984" WIDTH="25.19685039370079" VPOS="1689.763779527559" HPOS="1325.984251968504"/>
            <String HEIGHT="114.96062992125984" WIDTH="303.93700787401576" VPOS="1689.763779527559" HPOS="1248.8188976377953" CONTENT="siècles." ID="r1l8_5" STYLEREFS="FONT0"/>
            <SP HEIGHT="114.96062992125984" WIDTH="25.19685039370079" VPOS="1689.763779527559" HPOS="1552.755905511811"/>
            <String HEIGHT="114.96062992125984" WIDTH="151.1811023622047" VPOS="1689.763779527559" HPOS="1477.1653543307086" CONTENT="Un" ID="r1l8_6" STYLEREFS="FONT0"/>
            <SP HEIGHT="114.96062992125984" WIDTH="25.19685039370079" VPOS="1689.763779527559" HPOS="1628.3464566929133"/>
            <String HEIGHT="114.96062992125984" WIDTH="253.54330708661416" VPOS="1689.763779527559" HPOS="1552.755905511811" CONTENT="prince" ID="r1l8_7" STYLEREFS="FONT0"/>
            <SP HEIGHT="114.96062992125984" WIDTH="25.19685039370079" VPOS="1689.763779527559" HPOS="1806.2992125984251"/>
            <String HEIGHT="114.96062992125984" WIDTH="354.3307086614173" VPOS="1689.763779527559" HPOS="1730.708661417323" CONTENT="mahométan," ID="r1l8_8" STYLEREFS="FONT0"/>
            <SP HEIGHT="114.96062992125984" WIDTH="25.19685039370079" VPOS="1689.763779527559" HPOS="2085.0393700787404"/>
            <String HEIGHT="114.96062992125984" WIDTH="228.3464566929134" VPOS="1689.763779527559" HPOS="2009.4488188976377" CONTENT="nommé" ID="r1l8_9" STYLEREFS="FONT0"/>
            <SP HEIGHT="114.96062992125984" WIDTH="25.19685039370079" VPOS="1689.763779527559" HPOS="2236.220472440945"/>
            <String HEIGHT="114.96062992125984" WIDTH="278.74015748031496" VPOS="1689.763779527559" HPOS="2160.6299212598424" CONTENT="Zizini," ID="r1l8_10" STYLEREFS="FONT0"/>
            <SP HEIGHT="114.96062992125984" WIDTH="25.19685039370079" VPOS="1689.763779527559" HPOS="2439.3700787401576"/>
            <String HEIGHT="114.96062992125984" WIDTH="100.78740157480316" VPOS="1689.763779527559" HPOS="2338.582677165354" CONTENT="ou" ID="r1l8_11" STYLEREFS="FONT0"/>
          </TextLine>
          <TextLine ID="r1l9" BASELINE="1196" HEIGHT="99.21259842519684" WIDTH="1590.5511811023623" VPOS="1784.251968503937" HPOS="842.5196850393701">
            <String HEIGHT="99.21259842519684" WIDTH="277.1653543307087" VPOS="1784.251968503937" HPOS="817.3228346456693" CONTENT="«Dzini," ID="r1l9_1" STYLEREFS="FONT0"/>
            <SP HEIGHT="99.21259842519684" WIDTH="25.19685039370079" VPOS="1784.251968503937" HPOS="1094.4881889763778"/>
            <String HEIGHT="99.21259842519684" WIDTH="226.77165354330708" VPOS="1784.251968503937" HPOS="1018.8976377952756" CONTENT="frère" ID="r1l9_2" STYLEREFS="FONT0"/>
            <SP HEIGHT="99.21259842519684" WIDTH="25.19685039370079" VPOS="1784.251968503937" HPOS="1247.244094488189"/>
            <String HEIGHT="99.21259842519684" WIDTH="151.1811023622047" VPOS="1784.251968503937" HPOS="1170.0787401574803" CONTENT="de" ID="r1l9_3" STYLEREFS="FONT0"/>
            <SP HEIGHT="99.21259842519684" WIDTH="25.19685039370079" VPOS="1784.251968503937" HPOS="1322.8346456692914"/>
            <String HEIGHT="99.21259842519684" WIDTH="302.3622047244094" VPOS="1784.251968503937" HPOS="1247.244094488189" CONTENT="Bajazet," ID="r1l9_4" STYLEREFS="FONT0"/>
            <SP HEIGHT="99.21259842519684" WIDTH="25.19685039370079" VPOS="1784.251968503937" HPOS="1549.6062992125985"/>
            <String HEIGHT="99.21259842519684" WIDTH="302.3622047244094" VPOS="1784.251968503937" HPOS="1474.015748031496" CONTENT="l’habita" ID="r1l9_5" STYLEREFS="FONT0"/>
            <SP HEIGHT="99.21259842519684" WIDTH="25.19685039370079" VPOS="1784.251968503937" HPOS="1776.3779527559054"/>
            <String HEIGHT="99.21259842519684" WIDTH="277.1653543307087" VPOS="1784.251968503937" HPOS="1700.7874015748032" CONTENT="pendant" ID="r1l9_6" STYLEREFS="FONT0"/>
            <SP HEIGHT="99.21259842519684" WIDTH="25.19685039370079" VPOS="1784.251968503937" HPOS="1977.9527559055118"/>
            <String HEIGHT="99.21259842519684" WIDTH="302.3622047244094" VPOS="1784.251968503937" HPOS="1902.3622047244094" CONTENT="quelques" ID="r1l9_7" STYLEREFS="FONT0"/>
            <SP HEIGHT="99.21259842519684" WIDTH="25.19685039370079" VPOS="1784.251968503937" HPOS="2206.299212598425"/>
            <String HEIGHT="99.21259842519684" WIDTH="226.77165354330708" VPOS="1784.251968503937" HPOS="2130.7086614173227" CONTENT="temps" ID="r1l9_8" STYLEREFS="FONT0"/>
            <SP HEIGHT="99.21259842519684" WIDTH="25.19685039370079" VPOS="1784.251968503937" HPOS="2357.48031496063"/>
            <String HEIGHT="99.21259842519684" WIDTH="176.3779527559055" VPOS="1784.251968503937" HPOS="2256.6929133858266" CONTENT="commé" ID="r1l9_9" STYLEREFS="FONT0"/>
          </TextLine>
          <TextLine ID="r1l10" BASELINE="1245" HEIGHT="94.48818897637796" WIDTH="1607.8740157480315" VPOS="1866.1417322834645" HPOS="837.7952755905512">
            <String HEIGHT="94.48818897637796" WIDTH="384.251968503937" VPOS="1866.1417322834645" HPOS="814.1732283464567" CONTENT="«Prisonnier." ID="r1l10_1" STYLEREFS="FONT0"/>
            <SP HEIGHT="94.48818897637796" WIDTH="23.62204724409449" VPOS="1866.1417322834645" HPOS="1198.4251968503936"/>
            <String HEIGHT="94.48818897637796" WIDTH="143.30708661417322" VPOS="1866.1417322834645" HPOS="1125.984251968504" CONTENT="Il" ID="r1l10_2" STYLEREFS="FONT0"/>
            <SP HEIGHT="94.48818897637796" WIDTH="23.62204724409449" VPOS="1866.1417322834645" HPOS="1269.291338582677"/>
            <String HEIGHT="94.48818897637796" WIDTH="119.68503937007874" VPOS="1866.1417322834645" HPOS="1198.4251968503936" CONTENT="y" ID="r1l10_3" STYLEREFS="FONT0"/>
            <SP HEIGHT="94.48818897637796" WIDTH="23.62204724409449" VPOS="1866.1417322834645" HPOS="1318.1102362204724"/>
            <String HEIGHT="94.48818897637796" WIDTH="168.50393700787401" VPOS="1866.1417322834645" HPOS="1245.6692913385828" CONTENT="fut" ID="r1l10_4" STYLEREFS="FONT0"/>
            <SP HEIGHT="94.48818897637796" WIDTH="23.62204724409449" VPOS="1866.1417322834645" HPOS="1414.1732283464567"/>
            <String HEIGHT="94.48818897637796" WIDTH="239.37007874015748" VPOS="1866.1417322834645" HPOS="1341.732283464567" CONTENT="visité" ID="r1l10_5" STYLEREFS="FONT0"/>
            <SP HEIGHT="94.48818897637796" WIDTH="23.62204724409449" VPOS="1866.1417322834645" HPOS="1581.1023622047244"/>
            <String HEIGHT="94.48818897637796" WIDTH="168.50393700787401" VPOS="1866.1417322834645" HPOS="1510.236220472441" CONTENT="par" ID="r1l10_6" STYLEREFS="FONT0"/>
            <SP HEIGHT="94.48818897637796" WIDTH="23.62204724409449" VPOS="1866.1417322834645" HPOS="1677.1653543307086"/>
            <String HEIGHT="94.48818897637796" WIDTH="239.37007874015748" VPOS="1866.1417322834645" HPOS="1606.2992125984251" CONTENT="Hélène" ID="r1l10_7" STYLEREFS="FONT0"/>
            <SP HEIGHT="94.48818897637796" WIDTH="23.62204724409449" VPOS="1866.1417322834645" HPOS="1845.6692913385828"/>
            <String HEIGHT="94.48818897637796" WIDTH="143.30708661417322" VPOS="1866.1417322834645" HPOS="1773.2283464566929" CONTENT="de" ID="r1l10_8" STYLEREFS="FONT0"/>
            <SP HEIGHT="94.48818897637796" WIDTH="23.62204724409449" VPOS="1866.1417322834645" HPOS="1918.1102362204724"/>
            <String HEIGHT="94.48818897637796" WIDTH="311.81102362204723" VPOS="1866.1417322834645" HPOS="1845.6692913385828" CONTENT="Sassenay," ID="r1l10_9" STYLEREFS="FONT0"/>
            <SP HEIGHT="94.48818897637796" WIDTH="23.62204724409449" VPOS="1866.1417322834645" HPOS="2157.48031496063"/>
            <String HEIGHT="94.48818897637796" WIDTH="215.748031496063" VPOS="1866.1417322834645" HPOS="2085.0393700787404" CONTENT="fille" ID="r1l10_10" STYLEREFS="FONT0"/>
            <SP HEIGHT="94.48818897637796" WIDTH="23.62204724409449" VPOS="1866.1417322834645" HPOS="2302.3622047244094"/>
            <String HEIGHT="94.48818897637796" WIDTH="143.30708661417322" VPOS="1866.1417322834645" HPOS="2229.9212598425197" CONTENT="du" ID="r1l10_11" STYLEREFS="FONT0"/>
            <SP HEIGHT="94.48818897637796" WIDTH="23.62204724409449" VPOS="1866.1417322834645" HPOS="2373.228346456693"/>
            <String HEIGHT="94.48818897637796" WIDTH="168.50393700787401" VPOS="1866.1417322834645" HPOS="2277.165354330709" CONTENT="comte" ID="r1l10_12" STYLEREFS="FONT0"/>
          </TextLine>
          <TextLine ID="r1l11" BASELINE="1286" HEIGHT="86.61417322834646" WIDTH="1615.748031496063" VPOS="1938.5826771653544" HPOS="834.6456692913385">
            <String HEIGHT="86.61417322834646" WIDTH="370.0787401574803" VPOS="1938.5826771653544" HPOS="807.8740157480315" CONTENT="«Bérenger;" ID="r1l11_1" STYLEREFS="FONT0"/>
            <SP HEIGHT="86.61417322834646" WIDTH="26.771653543307085" VPOS="1938.5826771653544" HPOS="1179.5275590551182"/>
            <String HEIGHT="86.61417322834646" WIDTH="237.79527559055117" VPOS="1938.5826771653544" HPOS="1099.2125984251968" CONTENT="cette" ID="r1l11_2" STYLEREFS="FONT0"/>
            <SP HEIGHT="86.61417322834646" WIDTH="26.771653543307085" VPOS="1938.5826771653544" HPOS="1338.5826771653544"/>
            <String HEIGHT="86.61417322834646" WIDTH="318.1102362204724" VPOS="1938.5826771653544" HPOS="1258.267716535433" CONTENT="entrevue" ID="r1l11_3" STYLEREFS="FONT0"/>
            <SP HEIGHT="86.61417322834646" WIDTH="26.771653543307085" VPOS="1938.5826771653544" HPOS="1576.3779527559054"/>
            <String HEIGHT="86.61417322834646" WIDTH="185.82677165354332" VPOS="1938.5826771653544" HPOS="1496.0629921259842" CONTENT="fit" ID="r1l11_4" STYLEREFS="FONT0"/>
            <SP HEIGHT="86.61417322834646" WIDTH="26.771653543307085" VPOS="1938.5826771653544" HPOS="1681.8897637795276"/>
            <String HEIGHT="86.61417322834646" WIDTH="264.56692913385825" VPOS="1938.5826771653544" HPOS="1603.1496062992126" CONTENT="naître" ID="r1l11_5" STYLEREFS="FONT0"/>
            <SP HEIGHT="86.61417322834646" WIDTH="26.771653543307085" VPOS="1938.5826771653544" HPOS="1867.716535433071"/>
            <String HEIGHT="86.61417322834646" WIDTH="159.0551181102362" VPOS="1938.5826771653544" HPOS="1788.976377952756" CONTENT="un" ID="r1l11_6" STYLEREFS="FONT0"/>
            <SP HEIGHT="86.61417322834646" WIDTH="26.771653543307085" VPOS="1938.5826771653544" HPOS="1946.4566929133857"/>
            <String HEIGHT="86.61417322834646" WIDTH="237.79527559055117" VPOS="1938.5826771653544" HPOS="1867.716535433071" CONTENT="amour" ID="r1l11_7" STYLEREFS="FONT0"/>
            <SP HEIGHT="86.61417322834646" WIDTH="26.771653543307085" VPOS="1938.5826771653544" HPOS="2105.511811023622"/>
            <String HEIGHT="86.61417322834646" WIDTH="291.33858267716533" VPOS="1938.5826771653544" HPOS="2026.7716535433071" CONTENT="mutuel," ID="r1l11_8" STYLEREFS="FONT0"/>
            <SP HEIGHT="86.61417322834646" WIDTH="26.771653543307085" VPOS="1938.5826771653544" HPOS="2318.1102362204724"/>
            <String HEIGHT="86.61417322834646" WIDTH="212.5984251968504" VPOS="1938.5826771653544" HPOS="2237.7952755905512" CONTENT="dont" ID="r1l11_9" STYLEREFS="FONT0"/>
            <SP HEIGHT="86.61417322834646" WIDTH="26.771653543307085" VPOS="1938.5826771653544" HPOS="2450.3937007874015"/>
            <String HEIGHT="86.61417322834646" WIDTH="105.51181102362204" VPOS="1938.5826771653544" HPOS="2344.8818897637793" CONTENT="le" ID="r1l11_10" STYLEREFS="FONT0"/>
          </TextLine>
          <TextLine ID="r1l12" BASELINE="1335" HEIGHT="89.76377952755905" WIDTH="1590.5511811023623" VPOS="2012.5984251968505" HPOS="848.8188976377953">
            <String HEIGHT="89.76377952755905" WIDTH="299.21259842519686" VPOS="2012.5984251968505" HPOS="825.1968503937007" CONTENT="«souvenir" ID="r1l12_1" STYLEREFS="FONT0"/>
            <SP HEIGHT="89.76377952755905" WIDTH="23.62204724409449" VPOS="2012.5984251968505" HPOS="1125.984251968504"/>
            <String HEIGHT="89.76377952755905" WIDTH="207.8740157480315" VPOS="2012.5984251968505" HPOS="1056.6929133858268" CONTENT="s’est" ID="r1l12_2" STYLEREFS="FONT0"/>
            <SP HEIGHT="89.76377952755905" WIDTH="23.62204724409449" VPOS="2012.5984251968505" HPOS="1262.992125984252"/>
            <String HEIGHT="89.76377952755905" WIDTH="277.1653543307087" VPOS="2012.5984251968505" HPOS="1195.275590551181" CONTENT="perpétué" ID="r1l12_3" STYLEREFS="FONT0"/>
            <SP HEIGHT="89.76377952755905" WIDTH="23.62204724409449" VPOS="2012.5984251968505" HPOS="1470.8661417322835"/>
            <String HEIGHT="89.76377952755905" WIDTH="184.251968503937" VPOS="2012.5984251968505" HPOS="1401.5748031496064" CONTENT="dans" ID="r1l12_4" STYLEREFS="FONT0"/>
            <SP HEIGHT="89.76377952755905" WIDTH="23.62204724409449" VPOS="2012.5984251968505" HPOS="1585.8267716535433"/>
            <String HEIGHT="89.76377952755905" WIDTH="138.58267716535434" VPOS="2012.5984251968505" HPOS="1516.5354330708662" CONTENT="le" ID="r1l12_5" STYLEREFS="FONT0"/>
            <SP HEIGHT="89.76377952755905" WIDTH="23.62204724409449" VPOS="2012.5984251968505" HPOS="1655.1181102362204"/>
            <String HEIGHT="89.76377952755905" WIDTH="207.8740157480315" VPOS="2012.5984251968505" HPOS="1585.8267716535433" CONTENT="pays," ID="r1l12_6" STYLEREFS="FONT0"/>
            <SP HEIGHT="89.76377952755905" WIDTH="23.62204724409449" VPOS="2012.5984251968505" HPOS="1793.7007874015749"/>
            <String HEIGHT="89.76377952755905" WIDTH="138.58267716535434" VPOS="2012.5984251968505" HPOS="1724.4094488188975" CONTENT="et" ID="r1l12_7" STYLEREFS="FONT0"/>
            <SP HEIGHT="89.76377952755905" WIDTH="23.62204724409449" VPOS="2012.5984251968505" HPOS="1862.992125984252"/>
            <String HEIGHT="89.76377952755905" WIDTH="184.251968503937" VPOS="2012.5984251968505" HPOS="1793.7007874015749" CONTENT="sert" ID="r1l12_8" STYLEREFS="FONT0"/>
            <SP HEIGHT="89.76377952755905" WIDTH="23.62204724409449" VPOS="2012.5984251968505" HPOS="1977.9527559055118"/>
            <String HEIGHT="89.76377952755905" WIDTH="229.92125984251967" VPOS="2012.5984251968505" HPOS="1908.6614173228347" CONTENT="encore" ID="r1l12_9" STYLEREFS="FONT0"/>
            <SP HEIGHT="89.76377952755905" WIDTH="23.62204724409449" VPOS="2012.5984251968505" HPOS="2140.1574803149606"/>
            <String HEIGHT="89.76377952755905" WIDTH="138.58267716535434" VPOS="2012.5984251968505" HPOS="2070.8661417322833" CONTENT="de" ID="r1l12_10" STYLEREFS="FONT0"/>
            <SP HEIGHT="89.76377952755905" WIDTH="23.62204724409449" VPOS="2012.5984251968505" HPOS="2209.448818897638"/>
            <String HEIGHT="89.76377952755905" WIDTH="207.8740157480315" VPOS="2012.5984251968505" HPOS="2140.1574803149606" CONTENT="sujet" ID="r1l12_11" STYLEREFS="FONT0"/>
            <SP HEIGHT="89.76377952755905" WIDTH="23.62204724409449" VPOS="2012.5984251968505" HPOS="2346.4566929133857"/>
            <String HEIGHT="89.76377952755905" WIDTH="114.96062992125984" VPOS="2012.5984251968505" HPOS="2278.740157480315" CONTENT="à" ID="r1l12_12" STYLEREFS="FONT0"/>
            <SP HEIGHT="89.76377952755905" WIDTH="23.62204724409449" VPOS="2012.5984251968505" HPOS="2393.700787401575"/>
            <String HEIGHT="89.76377952755905" WIDTH="138.58267716535434" VPOS="2012.5984251968505" HPOS="2300.787401574803" CONTENT="plus" ID="r1l12_13" STYLEREFS="FONT0"/>
          </TextLine>
          <TextLine ID="r1l13" BASELINE="1411" HEIGHT="124.40944881889764" WIDTH="674.0157480314961" VPOS="2097.6377952755906" HPOS="840.9448818897638">
            <String HEIGHT="124.40944881889764" WIDTH="119.68503937007874" VPOS="2097.6377952755906" HPOS="817.3228346456693" CONTENT="«" ID="r1l13_1" STYLEREFS="FONT0"/>
            <SP HEIGHT="124.40944881889764" WIDTH="23.62204724409449" VPOS="2097.6377952755906" HPOS="937.007874015748"/>
            <String HEIGHT="124.40944881889764" WIDTH="217.3228346456693" VPOS="2097.6377952755906" HPOS="864.5669291338583" CONTENT="d’une" ID="r1l13_2" STYLEREFS="FONT0"/>
            <SP HEIGHT="124.40944881889764" WIDTH="23.62204724409449" VPOS="2097.6377952755906" HPOS="1081.8897637795276"/>
            <String HEIGHT="124.40944881889764" WIDTH="264.56692913385825" VPOS="2097.6377952755906" HPOS="1009.4488188976378" CONTENT="veillée" ID="r1l13_3" STYLEREFS="FONT0"/>
            <SP HEIGHT="124.40944881889764" WIDTH="23.62204724409449" VPOS="2097.6377952755906" HPOS="1274.015748031496"/>
            <String HEIGHT="124.40944881889764" WIDTH="337.00787401574803" VPOS="2097.6377952755906" HPOS="1177.9527559055118" CONTENT="Dauphinoise." ID="r1l13_4" STYLEREFS="FONT0"/>
          </TextLine>
          <TextLine ID="r1l14" BASELINE="1487" HEIGHT="127.55905511811024" WIDTH="1634.6456692913387" VPOS="2214.1732283464567" HPOS="822.0472440944882">
            <String HEIGHT="127.55905511811024" WIDTH="233.0708661417323" VPOS="2214.1732283464567" HPOS="782.6771653543307" CONTENT="22" ID="r1l14_1" STYLEREFS="FONT0"/>
            <SP HEIGHT="127.55905511811024" WIDTH="39.37007874015748" VPOS="2214.1732283464567" HPOS="1017.3228346456693"/>
            <String HEIGHT="127.55905511811024" WIDTH="272.4409448818898" VPOS="2214.1732283464567" HPOS="899.2125984251968" CONTENT="Vue" ID="r1l14_2" STYLEREFS="FONT0"/>
            <SP HEIGHT="127.55905511811024" WIDTH="39.37007874015748" VPOS="2214.1732283464567" HPOS="1171.6535433070867"/>
            <String HEIGHT="127.55905511811024" WIDTH="233.0708661417323" VPOS="2214.1732283464567" HPOS="1055.1181102362204" CONTENT="de" ID="r1l14_3" STYLEREFS="FONT0"/>
            <SP HEIGHT="127.55905511811024" WIDTH="39.37007874015748" VPOS="2214.1732283464567" HPOS="1289.763779527559"/>
            <String HEIGHT="127.55905511811024" WIDTH="817.3228346456693" VPOS="2214.1732283464567" HPOS="1171.6535433070867" CONTENT="Roman-sur-l’Isère" ID="r1l14_4" STYLEREFS="FONT0"/>
            <SP HEIGHT="127.55905511811024" WIDTH="39.37007874015748" VPOS="2214.1732283464567" HPOS="1988.976377952756"/>
            <String HEIGHT="127.55905511811024" WIDTH="388.9763779527559" VPOS="2214.1732283464567" HPOS="1872.4409448818897" CONTENT="(étude" ID="r1l14_5" STYLEREFS="FONT0"/>
            <SP HEIGHT="127.55905511811024" WIDTH="39.37007874015748" VPOS="2214.1732283464567" HPOS="2261.417322834646"/>
            <String HEIGHT="127.55905511811024" WIDTH="349.6062992125984" VPOS="2214.1732283464567" HPOS="2107.0866141732286" CONTENT="d’après" ID="r1l14_6" STYLEREFS="FONT0"/>
          </TextLine>
          <TextLine ID="r1l15" BASELINE="1554" HEIGHT="110.23622047244095" WIDTH="311.81102362204723" VPOS="2337.0078740157483" HPOS="1118.1102362204724">
            <String HEIGHT="110.23622047244095" WIDTH="390.5511811023622" VPOS="2337.0078740157483" HPOS="1040.9448818897638" CONTENT="nature)." ID="r1l15_1" STYLEREFS="FONT0"/>
          </TextLine>
          <TextLine ID="r1l16" BASELINE="1635" HEIGHT="137.00787401574803" WIDTH="883.4645669291339" VPOS="2437.7952755905512" HPOS="831.496062992126">
            <String HEIGHT="137.00787401574803" WIDTH="258.26771653543307" VPOS="2437.7952755905512" HPOS="795.2755905511812" CONTENT="25." ID="r1l16_1" STYLEREFS="FONT0"/>
            <SP HEIGHT="137.00787401574803" WIDTH="36.22047244094488" VPOS="2437.7952755905512" HPOS="1051.9685039370079"/>
            <String HEIGHT="137.00787401574803" WIDTH="220.4724409448819" VPOS="2437.7952755905512" HPOS="941.7322834645669" CONTENT="La" ID="r1l16_2" STYLEREFS="FONT0"/>
            <SP HEIGHT="137.00787401574803" WIDTH="36.22047244094488" VPOS="2437.7952755905512" HPOS="1162.2047244094488"/>
            <String HEIGHT="137.00787401574803" WIDTH="368.503937007874" VPOS="2437.7952755905512" HPOS="1051.9685039370079" CONTENT="Vierge" ID="r1l16_3" STYLEREFS="FONT0"/>
            <SP HEIGHT="137.00787401574803" WIDTH="36.22047244094488" VPOS="2437.7952755905512" HPOS="1420.4724409448818"/>
            <String HEIGHT="137.00787401574803" WIDTH="184.251968503937" VPOS="2437.7952755905512" HPOS="1310.236220472441" CONTENT="à" ID="r1l16_4" STYLEREFS="FONT0"/>
            <SP HEIGHT="137.00787401574803" WIDTH="36.22047244094488" VPOS="2437.7952755905512" HPOS="1494.4881889763778"/>
            <String HEIGHT="137.00787401574803" WIDTH="220.4724409448819" VPOS="2437.7952755905512" HPOS="1384.251968503937" CONTENT="la" ID="r1l16_5" STYLEREFS="FONT0"/>
            <SP HEIGHT="137.00787401574803" WIDTH="36.22047244094488" VPOS="2437.7952755905512" HPOS="1604.724409448819"/>
            <String HEIGHT="137.00787401574803" WIDTH="258.26771653543307" VPOS="2437.7952755905512" HPOS="1456.6929133858268" CONTENT="Rose." ID="r1l16_6" STYLEREFS="FONT0"/>
          </TextLine>
          <TextLine ID="r1l17" BASELINE="1692" HEIGHT="107.08661417322834" WIDTH="886.6141732283464" VPOS="2557.48031496063" HPOS="826.7716535433071">
            <String HEIGHT="107.08661417322834" WIDTH="258.26771653543307" VPOS="2557.48031496063" HPOS="790.5511811023622" CONTENT="24." ID="r1l17_1" STYLEREFS="FONT0"/>
            <SP HEIGHT="107.08661417322834" WIDTH="36.22047244094488" VPOS="2557.48031496063" HPOS="1048.8188976377953"/>
            <String HEIGHT="107.08661417322834" WIDTH="444.09448818897636" VPOS="2557.48031496063" HPOS="937.007874015748" CONTENT="Portrait" ID="r1l17_2" STYLEREFS="FONT0"/>
            <SP HEIGHT="107.08661417322834" WIDTH="36.22047244094488" VPOS="2557.48031496063" HPOS="1381.1023622047244"/>
            <String HEIGHT="107.08661417322834" WIDTH="222.04724409448818" VPOS="2557.48031496063" HPOS="1270.8661417322835" CONTENT="de" ID="r1l17_3" STYLEREFS="FONT0"/>
            <SP HEIGHT="107.08661417322834" WIDTH="36.22047244094488" VPOS="2557.48031496063" HPOS="1491.3385826771653"/>
            <String HEIGHT="107.08661417322834" WIDTH="258.26771653543307" VPOS="2557.48031496063" HPOS="1381.1023622047244" CONTENT="Mme" ID="r1l17_4" STYLEREFS="FONT0"/>
            <SP HEIGHT="107.08661417322834" WIDTH="36.22047244094488" VPOS="2557.48031496063" HPOS="1639.3700787401574"/>
            <String HEIGHT="107.08661417322834" WIDTH="222.04724409448818" VPOS="2557.48031496063" HPOS="1491.3385826771653" CONTENT="Errr" ID="r1l17_5" STYLEREFS="FONT0"/>
          </TextLine>
          <TextLine ID="r1l18" BASELINE="1868" HEIGHT="166.9291338582677" WIDTH="1070.8661417322835" VPOS="2774.803149606299" HPOS="1113.3858267716535">
            <String HEIGHT="166.9291338582677" WIDTH="788.9763779527559" VPOS="2774.803149606299" HPOS="1056.6929133858268" CONTENT="BERTHELEMY" ID="r1l18_1" STYLEREFS="FONT0"/>
            <SP HEIGHT="166.9291338582677" WIDTH="56.69291338582677" VPOS="2774.803149606299" HPOS="1845.6692913385828"/>
            <String HEIGHT="166.9291338582677" WIDTH="563.7795275590552" VPOS="2774.803149606299" HPOS="1620.4724409448818" CONTENT="(EMILE)," ID="r1l18_2" STYLEREFS="FONT0"/>
          </TextLine>
          <TextLine ID="r1l19" BASELINE="1918" HEIGHT="88.18897637795276" WIDTH="588.9763779527559" VPOS="2932.283464566929" HPOS="1346.4566929133857">
            <String HEIGHT="88.18897637795276" WIDTH="171.6535433070866" VPOS="2932.283464566929" HPOS="1321.259842519685" CONTENT="19," ID="r1l19_1" STYLEREFS="FONT0"/>
            <SP HEIGHT="88.18897637795276" WIDTH="25.19685039370079" VPOS="2932.283464566929" HPOS="1492.9133858267717"/>
            <String HEIGHT="88.18897637795276" WIDTH="171.6535433070866" VPOS="2932.283464566929" HPOS="1420.4724409448818" CONTENT="rue" ID="r1l19_2" STYLEREFS="FONT0"/>
            <SP HEIGHT="88.18897637795276" WIDTH="25.19685039370079" VPOS="2932.283464566929" HPOS="1592.1259842519685"/>
            <String HEIGHT="88.18897637795276" WIDTH="148.03149606299212" VPOS="2932.283464566929" HPOS="1518.1102362204724" CONTENT="du" ID="r1l19_3" STYLEREFS="FONT0"/>
            <SP HEIGHT="88.18897637795276" WIDTH="25.19685039370079" VPOS="2932.283464566929" HPOS="1666.1417322834645"/>
            <String HEIGHT="88.18897637795276" WIDTH="245.66929133858267" VPOS="2932.283464566929" HPOS="1592.1259842519685" CONTENT="Delta," ID="r1l19_4" STYLEREFS="FONT0"/>
            <SP HEIGHT="88.18897637795276" WIDTH="25.19685039370079" VPOS="2932.283464566929" HPOS="1837.7952755905512"/>
            <String HEIGHT="88.18897637795276" WIDTH="196.8503937007874" VPOS="2932.283464566929" HPOS="1738.5826771653544" CONTENT="Paris." ID="r1l19_5" STYLEREFS="FONT0"/>
          </TextLine>
          <TextLine ID="r1l20" BASELINE="1981" HEIGHT="89.76377952755905" WIDTH="1637.7952755905512" VPOS="3029.9212598425197" HPOS="815.7480314960629">
            <String HEIGHT="89.76377952755905" WIDTH="280.31496062992125" VPOS="3029.9212598425197" HPOS="776.3779527559055" CONTENT="25." ID="r1l20_1" STYLEREFS="FONT0"/>
            <SP HEIGHT="89.76377952755905" WIDTH="39.37007874015748" VPOS="3029.9212598425197" HPOS="1055.1181102362204"/>
            <String HEIGHT="89.76377952755905" WIDTH="239.37007874015748" VPOS="3029.9212598425197" HPOS="935.4330708661417" CONTENT="La" ID="r1l20_2" STYLEREFS="FONT0"/>
            <SP HEIGHT="89.76377952755905" WIDTH="39.37007874015748" VPOS="3029.9212598425197" HPOS="1174.8031496062993"/>
            <String HEIGHT="89.76377952755905" WIDTH="359.0551181102362" VPOS="3029.9212598425197" HPOS="1055.1181102362204" CONTENT="Plage" ID="r1l20_3" STYLEREFS="FONT0"/>
            <SP HEIGHT="89.76377952755905" WIDTH="39.37007874015748" VPOS="3029.9212598425197" HPOS="1414.1732283464567"/>
            <String HEIGHT="89.76377952755905" WIDTH="239.37007874015748" VPOS="3029.9212598425197" HPOS="1294.4881889763778" CONTENT="de" ID="r1l20_4" STYLEREFS="FONT0"/>
            <SP HEIGHT="89.76377952755905" WIDTH="39.37007874015748" VPOS="3029.9212598425197" HPOS="1535.4330708661416"/>
            <String HEIGHT="89.76377952755905" WIDTH="839.3700787401575" VPOS="3029.9212598425197" HPOS="1414.1732283464567" CONTENT="Bernières-sur-Mer" ID="r1l20_5" STYLEREFS="FONT0"/>
            <SP HEIGHT="89.76377952755905" WIDTH="39.37007874015748" VPOS="3029.9212598425197" HPOS="2253.5433070866143"/>
            <String HEIGHT="89.76377952755905" WIDTH="359.0551181102362" VPOS="3029.9212598425197" HPOS="2094.488188976378" CONTENT="(Calva" SUBS_TYPE="HypPart1" SUBS_CONTENT="(Calvados)," ID="r1l20_6" STYLEREFS="FONT0"/>
            <HYP CONTENT="-"/>
          </TextLine>
          <TextLine ID="r1l21" BASELINE="2059" HEIGHT="125.98425196850394" WIDTH="765.3543307086615" VPOS="3116.535433070866" HPOS="1081.8897637795276">
            <String HEIGHT="125.98425196850394" WIDTH="344.88188976377955" VPOS="3116.535433070866" HPOS="1044.0944881889764" CONTENT="dos)," SUBS_TYPE="HypPart2" SUBS_CONTENT="(Calvados)," ID="r1l21_1" STYLEREFS="FONT0"/>
            <SP HEIGHT="125.98425196850394" WIDTH="37.79527559055118" VPOS="3116.535433070866" HPOS="1387.4015748031495"/>
            <String HEIGHT="125.98425196850394" WIDTH="192.1259842519685" VPOS="3116.535433070866" HPOS="1274.015748031496" CONTENT="à" ID="r1l21_2" STYLEREFS="FONT0"/>
            <SP HEIGHT="125.98425196850394" WIDTH="37.79527559055118" VPOS="3116.535433070866" HPOS="1464.5669291338584"/>
            <String HEIGHT="125.98425196850394" WIDTH="344.88188976377955" VPOS="3116.535433070866" HPOS="1349.6062992125985" CONTENT="marée" ID="r1l21_3" STYLEREFS="FONT0"/>
            <SP HEIGHT="125.98425196850394" WIDTH="37.79527559055118" VPOS="3116.535433070866" HPOS="1694.4881889763778"/>
            <String HEIGHT="125.98425196850394" WIDTH="305.51181102362204" VPOS="3116.535433070866" HPOS="1541.732283464567" CONTENT="basse." ID="r1l21_4" STYLEREFS="FONT0"/>
          </TextLine>
          <TextLine ID="r1l22" BASELINE="2132" HEIGHT="149.60629921259843" WIDTH="1636.2204724409448" VPOS="3207.8740157480315" HPOS="828.3464566929134">
            <String HEIGHT="149.60629921259843" WIDTH="300.78740157480314" VPOS="3207.8740157480315" HPOS="785.8267716535433" CONTENT="26." ID="r1l22_1" STYLEREFS="FONT0"/>
            <SP HEIGHT="149.60629921259843" WIDTH="42.51968503937008" VPOS="3207.8740157480315" HPOS="1086.6141732283465"/>
            <String HEIGHT="149.60629921259843" WIDTH="300.78740157480314" VPOS="3207.8740157480315" HPOS="957.4803149606299" CONTENT="Vue" ID="r1l22_2" STYLEREFS="FONT0"/>
            <SP HEIGHT="149.60629921259843" WIDTH="42.51968503937008" VPOS="3207.8740157480315" HPOS="1258.267716535433"/>
            <String HEIGHT="149.60629921259843" WIDTH="258.26771653543307" VPOS="3207.8740157480315" HPOS="1129.1338582677165" CONTENT="du" ID="r1l22_3" STYLEREFS="FONT0"/>
            <SP HEIGHT="149.60629921259843" WIDTH="42.51968503937008" VPOS="3207.8740157480315" HPOS="1387.4015748031495"/>
            <String HEIGHT="149.60629921259843" WIDTH="474.01574803149606" VPOS="3207.8740157480315" HPOS="1258.267716535433" CONTENT="Conquet" ID="r1l22_4" STYLEREFS="FONT0"/>
            <SP HEIGHT="149.60629921259843" WIDTH="42.51968503937008" VPOS="3207.8740157480315" HPOS="1732.283464566929"/>
            <String HEIGHT="149.60629921259843" WIDTH="645.6692913385826" VPOS="3207.8740157480315" HPOS="1603.1496062992126" CONTENT="(Bretagne)," ID="r1l22_5" STYLEREFS="FONT0"/>
            <SP HEIGHT="149.60629921259843" WIDTH="42.51968503937008" VPOS="3207.8740157480315" HPOS="2248.818897637795"/>
            <String HEIGHT="149.60629921259843" WIDTH="215.748031496063" VPOS="3207.8740157480315" HPOS="2119.685039370079" CONTENT="à" ID="r1l22_6" STYLEREFS="FONT0"/>
            <SP HEIGHT="149.60629921259843" WIDTH="42.51968503937008" VPOS="3207.8740157480315" HPOS="2335.433070866142"/>
            <String HEIGHT="149.60629921259843" WIDTH="300.78740157480314" VPOS="3207.8740157480315" HPOS="2163.779527559055" CONTENT="marée" ID="r1l22_7" STYLEREFS="FONT0"/>
          </TextLine>
          <TextLine ID="r1l23" BASELINE="2197" HEIGHT="103.93700787401575" WIDTH="231.49606299212599" VPOS="3355.9055118110236" HPOS="1085.0393700787401">
            <String HEIGHT="103.93700787401575" WIDTH="308.66141732283467" VPOS="3355.9055118110236" HPOS="1007.8740157480315" CONTENT="basse." ID="r1l23_1" STYLEREFS="FONT0"/>
          </TextLine>
          <TextLine ID="r1l24" BASELINE="2272" HEIGHT="114.96062992125984" WIDTH="1626.7716535433071" VPOS="3462.9921259842517" HPOS="829.9212598425197">
            <String HEIGHT="114.96062992125984" WIDTH="223.6220472440945" VPOS="3462.9921259842517" HPOS="798.4251968503937" CONTENT="27." ID="r1l24_1" STYLEREFS="FONT0"/>
            <SP HEIGHT="114.96062992125984" WIDTH="31.496062992125985" VPOS="3462.9921259842517" HPOS="1022.0472440944882"/>
            <String HEIGHT="114.96062992125984" WIDTH="382.6771653543307" VPOS="3462.9921259842517" HPOS="925.9842519685039" CONTENT="Naufrage" ID="r1l24_2" STYLEREFS="FONT0"/>
            <SP HEIGHT="114.96062992125984" WIDTH="31.496062992125985" VPOS="3462.9921259842517" HPOS="1308.6614173228347"/>
            <String HEIGHT="114.96062992125984" WIDTH="192.1259842519685" VPOS="3462.9921259842517" HPOS="1212.5984251968505" CONTENT="du" ID="r1l24_3" STYLEREFS="FONT0"/>
            <SP HEIGHT="114.96062992125984" WIDTH="31.496062992125985" VPOS="3462.9921259842517" HPOS="1404.724409448819"/>
            <String HEIGHT="114.96062992125984" WIDTH="319.68503937007875" VPOS="3462.9921259842517" HPOS="1308.6614173228347" CONTENT="Navire" ID="r1l24_4" STYLEREFS="FONT0"/>
            <SP HEIGHT="114.96062992125984" WIDTH="31.496062992125985" VPOS="3462.9921259842517" HPOS="1626.7716535433071"/>
            <String HEIGHT="114.96062992125984" WIDTH="382.6771653543307" VPOS="3462.9921259842517" HPOS="1532.283464566929" CONTENT="corsaire" ID="r1l24_5" STYLEREFS="FONT0"/>
            <SP HEIGHT="114.96062992125984" WIDTH="31.496062992125985" VPOS="3462.9921259842517" HPOS="1914.9606299212599"/>
            <String HEIGHT="114.96062992125984" WIDTH="669.2913385826772" VPOS="3462.9921259842517" HPOS="1787.4015748031495" CONTENT="l'Enfant" ID="r1l24_6" STYLEREFS="FONT2"/>
          </TextLine>
          <TextLine ID="r1l25" BASELINE="2345" HEIGHT="125.98425196850394" WIDTH="1373.2283464566929" VPOS="3566.9291338582675" HPOS="1080.3149606299212">
            <String HEIGHT="125.98425196850394" WIDTH="670.8661417322835" VPOS="3566.9291338582675" HPOS="1048.8188976377953" CONTENT="la-Patrie" ID="r1l25_1" STYLEREFS="FONT2"/>
            <SP HEIGHT="125.98425196850394" WIDTH="31.496062992125985" VPOS="3566.9291338582675" HPOS="1719.6850393700788"/>
            <String HEIGHT="125.98425196850394" WIDTH="223.6220472440945" VPOS="3566.9291338582675" HPOS="1623.6220472440946" CONTENT="sur" ID="r1l25_2" STYLEREFS="FONT0"/>
            <SP HEIGHT="125.98425196850394" WIDTH="31.496062992125985" VPOS="3566.9291338582675" HPOS="1847.244094488189"/>
            <String HEIGHT="125.98425196850394" WIDTH="223.6220472440945" VPOS="3566.9291338582675" HPOS="1751.1811023622047" CONTENT="les" ID="r1l25_3" STYLEREFS="FONT0"/>
            <SP HEIGHT="125.98425196850394" WIDTH="31.496062992125985" VPOS="3566.9291338582675" HPOS="1974.8031496062993"/>
            <String HEIGHT="125.98425196850394" WIDTH="288.18897637795277" VPOS="3566.9291338582675" HPOS="1878.740157480315" CONTENT="côtes" ID="r1l25_4" STYLEREFS="FONT0"/>
            <SP HEIGHT="125.98425196850394" WIDTH="31.496062992125985" VPOS="3566.9291338582675" HPOS="2165.3543307086616"/>
            <String HEIGHT="125.98425196850394" WIDTH="192.1259842519685" VPOS="3566.9291338582675" HPOS="2070.8661417322833" CONTENT="de" ID="r1l25_5" STYLEREFS="FONT0"/>
            <SP HEIGHT="125.98425196850394" WIDTH="31.496062992125985" VPOS="3566.9291338582675" HPOS="2261.417322834646"/>
            <String HEIGHT="125.98425196850394" WIDTH="319.68503937007875" VPOS="3566.9291338582675" HPOS="2133.8582677165355" CONTENT="Norwége." ID="r1l25_6" STYLEREFS="FONT0"/>
          </TextLine>
          <TextLine ID="r1l26" BASELINE="2429" HEIGHT="141.73228346456693" WIDTH="719.6850393700787" VPOS="3683.464566929134" HPOS="1077.1653543307086">
            <String HEIGHT="141.73228346456693" WIDTH="215.748031496063" VPOS="3683.464566929134" HPOS="1040.9448818897638" CONTENT="le" ID="r1l26_1" STYLEREFS="FONT0"/>
            <SP HEIGHT="141.73228346456693" WIDTH="36.22047244094488" VPOS="3683.464566929134" HPOS="1256.6929133858268"/>
            <String HEIGHT="141.73228346456693" WIDTH="179.5275590551181" VPOS="3683.464566929134" HPOS="1149.6062992125985" CONTENT="6" ID="r1l26_2" STYLEREFS="FONT0"/>
            <SP HEIGHT="141.73228346456693" WIDTH="36.22047244094488" VPOS="3683.464566929134" HPOS="1329.1338582677165"/>
            <String HEIGHT="141.73228346456693" WIDTH="431.496062992126" VPOS="3683.464566929134" HPOS="1220.4724409448818" CONTENT="pluviose" ID="r1l26_3" STYLEREFS="FONT0"/>
            <SP HEIGHT="141.73228346456693" WIDTH="36.22047244094488" VPOS="3683.464566929134" HPOS="1653.5433070866143"/>
            <String HEIGHT="141.73228346456693" WIDTH="215.748031496063" VPOS="3683.464566929134" HPOS="1544.8818897637796" CONTENT="an" ID="r1l26_4" STYLEREFS="FONT0"/>
            <SP HEIGHT="141.73228346456693" WIDTH="36.22047244094488" VPOS="3683.464566929134" HPOS="1760.6299212598426"/>
            <String HEIGHT="141.73228346456693" WIDTH="179.5275590551181" VPOS="3683.464566929134" HPOS="1617.3228346456692" CONTENT="VI." ID="r1l26_5" STYLEREFS="FONT0"/>
          </TextLine>
          <TextLine ID="r1l27" BASELINE="2486" HEIGHT="118.11023622047244" WIDTH="1549.6062992125985" VPOS="3796.850393700787" HPOS="891.3385826771654">
            <String HEIGHT="118.11023622047244" WIDTH="291.33858267716533" VPOS="3796.850393700787" HPOS="867.7165354330708" CONTENT="Jusqu’au" ID="r1l27_1" STYLEREFS="FONT0"/>
            <SP HEIGHT="118.11023622047244" WIDTH="23.62204724409449" VPOS="3796.850393700787" HPOS="1157.4803149606298"/>
            <String HEIGHT="118.11023622047244" WIDTH="217.3228346456693" VPOS="3796.850393700787" HPOS="1085.0393700787401" CONTENT="point" ID="r1l27_2" STYLEREFS="FONT0"/>
            <SP HEIGHT="118.11023622047244" WIDTH="23.62204724409449" VPOS="3796.850393700787" HPOS="1302.3622047244094"/>
            <String HEIGHT="118.11023622047244" WIDTH="144.88188976377953" VPOS="3796.850393700787" HPOS="1229.9212598425197" CONTENT="du" ID="r1l27_3" STYLEREFS="FONT0"/>
            <SP HEIGHT="118.11023622047244" WIDTH="23.62204724409449" VPOS="3796.850393700787" HPOS="1376.3779527559054"/>
            <String HEIGHT="118.11023622047244" WIDTH="217.3228346456693" VPOS="3796.850393700787" HPOS="1302.3622047244094" CONTENT="jour," ID="r1l27_4" STYLEREFS="FONT0"/>
            <SP HEIGHT="118.11023622047244" WIDTH="23.62204724409449" VPOS="3796.850393700787" HPOS="1521.259842519685"/>
            <String HEIGHT="118.11023622047244" WIDTH="338.5826771653543" VPOS="3796.850393700787" HPOS="1448.8188976377953" CONTENT="Mosancourt" ID="r1l27_5" STYLEREFS="FONT0"/>
            <SP HEIGHT="118.11023622047244" WIDTH="23.62204724409449" VPOS="3796.850393700787" HPOS="1787.4015748031495"/>
            <String HEIGHT="118.11023622047244" WIDTH="144.88188976377953" VPOS="3796.850393700787" HPOS="1714.9606299212599" CONTENT="et" ID="r1l27_6" STYLEREFS="FONT0"/>
            <SP HEIGHT="118.11023622047244" WIDTH="23.62204724409449" VPOS="3796.850393700787" HPOS="1859.8425196850394"/>
            <String HEIGHT="118.11023622047244" WIDTH="170.07874015748033" VPOS="3796.850393700787" HPOS="1787.4015748031495" CONTENT="ses" ID="r1l27_7" STYLEREFS="FONT0"/>
            <SP HEIGHT="118.11023622047244" WIDTH="23.62204724409449" VPOS="3796.850393700787" HPOS="1957.4803149606298"/>
            <String HEIGHT="118.11023622047244" WIDTH="242.51968503937007" VPOS="3796.850393700787" HPOS="1883.4645669291338" CONTENT="marins" ID="r1l27_8" STYLEREFS="FONT0"/>
            <SP HEIGHT="118.11023622047244" WIDTH="23.62204724409449" VPOS="3796.850393700787" HPOS="2125.984251968504"/>
            <String HEIGHT="118.11023622047244" WIDTH="363.7795275590551" VPOS="3796.850393700787" HPOS="2053.5433070866143" CONTENT="demeurèrent" ID="r1l27_9" STYLEREFS="FONT0"/>
            <SP HEIGHT="118.11023622047244" WIDTH="23.62204724409449" VPOS="3796.850393700787" HPOS="2417.3228346456694"/>
            <String HEIGHT="118.11023622047244" WIDTH="121.25984251968504" VPOS="3796.850393700787" HPOS="2319.685039370079" CONTENT="sur" ID="r1l27_10" STYLEREFS="FONT0"/>
          </TextLine>
          <TextLine ID="r1l28" BASELINE="2539" HEIGHT="119.68503937007874" WIDTH="1598.4251968503936" VPOS="3878.740157480315" HPOS="840.9448818897638">
            <String HEIGHT="119.68503937007874" WIDTH="149.60629921259843" VPOS="3878.740157480315" HPOS="815.7480314960629" CONTENT="le" ID="r1l28_1" STYLEREFS="FONT0"/>
            <SP HEIGHT="119.68503937007874" WIDTH="25.19685039370079" VPOS="3878.740157480315" HPOS="965.3543307086615"/>
            <String HEIGHT="119.68503937007874" WIDTH="250.39370078740157" VPOS="3878.740157480315" HPOS="891.3385826771654" CONTENT="rocher" ID="r1l28_2" STYLEREFS="FONT0"/>
            <SP HEIGHT="119.68503937007874" WIDTH="25.19685039370079" VPOS="3878.740157480315" HPOS="1140.1574803149606"/>
            <String HEIGHT="119.68503937007874" WIDTH="149.60629921259843" VPOS="3878.740157480315" HPOS="1066.1417322834645" CONTENT="où" ID="r1l28_3" STYLEREFS="FONT0"/>
            <SP HEIGHT="119.68503937007874" WIDTH="25.19685039370079" VPOS="3878.740157480315" HPOS="1215.748031496063"/>
            <String HEIGHT="119.68503937007874" WIDTH="174.8031496062992" VPOS="3878.740157480315" HPOS="1140.1574803149606" CONTENT="ils" ID="r1l28_4" STYLEREFS="FONT0"/>
            <SP HEIGHT="119.68503937007874" WIDTH="25.19685039370079" VPOS="3878.740157480315" HPOS="1314.9606299212599"/>
            <String HEIGHT="119.68503937007874" WIDTH="274.01574803149606" VPOS="3878.740157480315" HPOS="1240.9448818897638" CONTENT="étaient" ID="r1l28_5" STYLEREFS="FONT0"/>
            <SP HEIGHT="119.68503937007874" WIDTH="25.19685039370079" VPOS="3878.740157480315" HPOS="1514.9606299212599"/>
            <String HEIGHT="119.68503937007874" WIDTH="299.21259842519686" VPOS="3878.740157480315" HPOS="1440.9448818897638" CONTENT="parvenus" ID="r1l28_6" STYLEREFS="FONT0"/>
            <SP HEIGHT="119.68503937007874" WIDTH="25.19685039370079" VPOS="3878.740157480315" HPOS="1740.1574803149606"/>
            <String HEIGHT="119.68503937007874" WIDTH="124.40944881889764" VPOS="3878.740157480315" HPOS="1664.5669291338584" CONTENT="à" ID="r1l28_7" STYLEREFS="FONT0"/>
            <SP HEIGHT="119.68503937007874" WIDTH="25.19685039370079" VPOS="3878.740157480315" HPOS="1790.5511811023623"/>
            <String HEIGHT="119.68503937007874" WIDTH="149.60629921259843" VPOS="3878.740157480315" HPOS="1714.9606299212599" CONTENT="se" ID="r1l28_8" STYLEREFS="FONT0"/>
            <SP HEIGHT="119.68503937007874" WIDTH="25.19685039370079" VPOS="3878.740157480315" HPOS="1864.5669291338584"/>
            <String HEIGHT="119.68503937007874" WIDTH="324.40944881889766" VPOS="3878.740157480315" HPOS="1790.5511811023623" CONTENT="réfugier;" ID="r1l28_9" STYLEREFS="FONT0"/>
            <SP HEIGHT="119.68503937007874" WIDTH="25.19685039370079" VPOS="3878.740157480315" HPOS="2114.9606299212596"/>
            <String HEIGHT="119.68503937007874" WIDTH="225.1968503937008" VPOS="3878.740157480315" HPOS="2039.3700787401574" CONTENT="leurs" ID="r1l28_10" STYLEREFS="FONT0"/>
            <SP HEIGHT="119.68503937007874" WIDTH="25.19685039370079" VPOS="3878.740157480315" HPOS="2264.566929133858"/>
            <String HEIGHT="119.68503937007874" WIDTH="274.01574803149606" VPOS="3878.740157480315" HPOS="2165.3543307086616" CONTENT="vêtements" ID="r1l28_11" STYLEREFS="FONT0"/>
          </TextLine>
        </TextBlock>
      </PrintSpace>
    </Page>
  </Layout>
</alto>
