3119.685039370079 4908.6614173228345
1173.2283464566929 798.4251968503937 321.25984251968504 141.73228346456693 —
1302.3622047244094 798.4251968503937 321.25984251968504 141.73228346456693 7
1366.9291338582677 798.4251968503937 192.1259842519685 141.73228346456693 —

559.0551181102362 968.503937007874 237.79527559055117 141.73228346456693 glacés
724.4094488188977 968.503937007874 379.5275590551181 141.73228346456693 ruisselaient
1033.0708661417323 968.503937007874 237.79527559055117 141.73228346456693 d’eau,
1200.0 968.503937007874 141.73228346456693 141.73228346456693 et
1270.8661417322835 968.503937007874 308.66141732283467 141.73228346456693 cependant
1507.0866141732283 968.503937007874 141.73228346456693 141.73228346456693 il
1577.9527559055118 968.503937007874 188.9763779527559 141.73228346456693 leur
1697.6377952755906 968.503937007874 237.79527559055117 141.73228346456693 fallut
1862.992125984252 968.503937007874 285.03937007874015 141.73228346456693 attendre
2053.5433070866143 968.503937007874 141.73228346456693 141.73228346456693 dans

566.9291338582677 1110.236220472441 135.43307086614172 67.71653543307086 la
634.6456692913385 1110.236220472441 204.7244094488189 67.71653543307086 neige
770.0787401574803 1110.236220472441 135.43307086614172 67.71653543307086 le
837.7952755905512 1110.236220472441 204.7244094488189 67.71653543307086 lever
974.8031496062993 1110.236220472441 135.43307086614172 67.71653543307086 de
1042.5196850393702 1110.236220472441 294.48818897637796 67.71653543307086 l’aurore.
1269.291338582677 1110.236220472441 181.10236220472441 67.71653543307086 Quel
1382.6771653543308 1110.236220472441 294.48818897637796 67.71653543307086 spectacle
1609.4488188976377 1110.236220472441 272.4409448818898 67.71653543307086 s’offrit
1814.1732283464567 1110.236220472441 113.38582677165354 67.71653543307086 à
1859.8425196850394 1110.236220472441 204.7244094488189 67.71653543307086 leurs
1973.2283464566929 1110.236220472441 226.77165354330708 67.71653543307086 regards!

559.0551181102362 1192.1259842519685 152.75590551181102 94.48818897637796 en
634.6456692913385 1192.1259842519685 203.1496062992126 94.48818897637796 face
762.2047244094488 1192.1259842519685 253.54330708661416 94.48818897637796 d’eux,
940.1574803149606 1192.1259842519685 305.51181102362204 94.48818897637796 l’Océan,
1168.5039370078741 1192.1259842519685 203.1496062992126 94.48818897637796 dont
1296.0629921259842 1192.1259842519685 177.95275590551182 94.48818897637796 les
1398.4251968503936 1192.1259842519685 330.70866141732284 94.48818897637796 montagnes
1651.9685039370079 1192.1259842519685 458.26771653543307 94.48818897637796 blanchissantes
2007.8740157480315 1192.1259842519685 177.95275590551182 94.48818897637796 ache-

560.6299212598425 1283.4645669291338 217.3228346456693 86.61417322834646 vaient
713.3858267716536 1283.4645669291338 130.70866141732284 86.61417322834646 de
777.9527559055118 1283.4645669291338 217.3228346456693 86.61417322834646 mettre
930.7086614173228 1283.4645669291338 130.70866141732284 86.61417322834646 en
995.2755905511812 1283.4645669291338 217.3228346456693 86.61417322834646 pièces
1146.4566929133857 1283.4645669291338 716.5354330708661 86.61417322834646 l'Enfant-de-la-Patrie,
1798.4251968503936 1283.4645669291338 217.3228346456693 86.61417322834646 réduit
1949.6062992125985 1283.4645669291338 108.66141732283465 86.61417322834646 à
1971.6535433070867 1283.4645669291338 217.3228346456693 86.61417322834646 quelques

562.2047244094488 1352.755905511811 239.37007874015748 81.88976377952756 débris
729.1338582677165 1352.755905511811 215.748031496063 81.88976377952756 épars
872.4409448818898 1352.755905511811 286.61417322834643 81.88976377952756 derrière
1088.1889763779527 1352.755905511811 190.5511811023622 81.88976377952756 eux.
1207.8740157480315 1352.755905511811 359.0551181102362 81.88976377952756 L’immensité
1494.4881889763778 1352.755905511811 166.9291338582677 81.88976377952756 des
1588.976377952756 1352.755905511811 262.99212598425197 81.88976377952756 régions
1781.1023622047244 1352.755905511811 143.30708661417322 81.88976377952756 du
1851.9685039370079 1352.755905511811 215.748031496063 81.88976377952756 nord,
1995.275590551181 1352.755905511811 190.5511811023622 81.88976377952756 avec
2091.3385826771655 1352.755905511811 119.68503937007874 81.88976377952756 ses

559.0551181102362 1433.0708661417323 250.39370078740157 81.88976377952756 neiges,
740.1574803149606 1433.0708661417323 159.0551181102362 81.88976377952756 ses
831.496062992126 1433.0708661417323 228.3464566929134 81.88976377952756 glaces
992.1259842519685 1433.0708661417323 137.00787401574803 81.88976377952756 et
1059.8425196850394 1433.0708661417323 137.00787401574803 81.88976377952756 la
1129.1338582677165 1433.0708661417323 274.01574803149606 81.88976377952756 solitude
1333.8582677165355 1433.0708661417323 274.01574803149606 81.88976377952756 désolée;
1540.1574803149606 1433.0708661417323 137.00787401574803 81.88976377952756 au
1607.8740157480315 1433.0708661417323 228.3464566929134 81.88976377952756 milieu
1768.5039370078741 1433.0708661417323 228.3464566929134 81.88976377952756 d’eux,
1927.5590551181103 1433.0708661417323 137.00787401574803 81.88976377952756 un
1973.2283464566929 1433.0708661417323 228.3464566929134 81.88976377952756 cadavre,

554.3307086614174 1516.5354330708662 222.04724409448818 77.16535433070867 celui
702.3622047244095 1516.5354330708662 196.8503937007874 77.16535433070867 d’uu
826.7716535433071 1516.5354330708662 148.03149606299212 77.16535433070867 de
900.7874015748032 1516.5354330708662 222.04724409448818 77.16535433070867 leurs
1048.8188976377953 1516.5354330708662 370.0787401574803 77.16535433070867 compagnons,
1344.8818897637796 1516.5354330708662 196.8503937007874 77.16535433070867 mort
1469.291338582677 1516.5354330708662 148.03149606299212 77.16535433070867 de
1543.3070866141732 1516.5354330708662 222.04724409448818 77.16535433070867 froid
1691.3385826771653 1516.5354330708662 148.03149606299212 77.16535433070867 et
1765.3543307086613 1516.5354330708662 148.03149606299212 77.16535433070867 de
1839.3700787401574 1516.5354330708662 296.06299212598424 77.16535433070867 fatigue,
2061.417322834646 1516.5354330708662 148.03149606299212 77.16535433070867 et
2110.236220472441 1516.5354330708662 99.21259842519684 77.16535433070867 de

546.4566929133858 1588.976377952756 204.7244094488189 105.51181102362204 tous
674.0157480314961 1588.976377952756 231.49606299212599 105.51181102362204 côtés
828.3464566929134 1588.976377952756 231.49606299212599 105.51181102362204 leurs
982.6771653543307 1588.976377952756 333.8582677165354 105.51181102362204 camarades
1239.3700787401574 1588.976377952756 154.33070866141733 105.51181102362204 ne
1316.5354330708662 1588.976377952756 281.8897637795276 105.51181102362204 pouvant
1521.259842519685 1588.976377952756 154.33070866141733 105.51181102362204 ni
1598.4251968503936 1588.976377952756 154.33070866141733 105.51181102362204 se
1675.5905511811025 1588.976377952756 308.66141732283467 105.51181102362204 contenir
1905.5118110236222 1588.976377952756 154.33070866141733 105.51181102362204 ni
1982.6771653543308 1588.976377952756 231.49606299212599 105.51181102362204 faire
2111.8110236220473 1588.976377952756 102.36220472440945 105.51181102362204 un

555.9055118110236 1689.763779527559 344.88188976377955 113.38582677165354 mouvement;
828.3464566929134 1689.763779527559 173.22834645669292 113.38582677165354 pas
925.9842519685039 1689.763779527559 148.03149606299212 113.38582677165354 de
1000.0 1689.763779527559 270.86614173228344 113.38582677165354 vivres,
1198.4251968503936 1689.763779527559 173.22834645669292 113.38582677165354 pas
1296.0629921259842 1689.763779527559 148.03149606299212 113.38582677165354 de
1370.0787401574803 1689.763779527559 196.8503937007874 113.38582677165354 feu,
1494.4881889763778 1689.763779527559 148.03149606299212 113.38582677165354 et
1568.5039370078741 1689.763779527559 196.8503937007874 113.38582677165354 l’on
1691.3385826771653 1689.763779527559 296.06299212598424 113.38582677165354 ignorait
1913.3858267716535 1689.763779527559 196.8503937007874 113.38582677165354 dans
2012.5984251968505 1689.763779527559 196.8503937007874 113.38582677165354 quelle

541.7322834645669 1770.0787401574803 245.66929133858267 96.06299212598425 partie
713.3858267716536 1770.0787401574803 146.45669291338584 96.06299212598425 de
787.4015748031496 1770.0787401574803 146.45669291338584 96.06299212598425 la
861.4173228346457 1770.0787401574803 269.29133858267716 96.06299212598425 Norwège
1056.6929133858268 1770.0787401574803 146.45669291338584 96.06299212598425 la
1130.708661417323 1770.0787401574803 269.29133858267716 96.06299212598425 tempête
1327.5590551181103 1770.0787401574803 220.4724409448819 96.06299212598425 avait
1474.015748031496 1770.0787401574803 196.8503937007874 96.06299212598425 jeté
1596.8503937007874 1770.0787401574803 146.45669291338584 96.06299212598425 le
1670.8661417322835 1770.0787401574803 245.66929133858267 96.06299212598425 navire
1817.3228346456692 1770.0787401574803 343.3070866141732 96.06299212598425 dunkerquois.

1300.7874015748032 1836.2204724409448 368.503937007874 127.55905511811024 NAPOLÉON
1544.8818897637796 1836.2204724409448 307.0866141732283 127.55905511811024 GALLOIS,

636.2204724409448 1933.8582677165355 108.66141732283465 138.58267716535434 (
680.3149606299213 1933.8582677165355 305.51181102362204 138.58267716535434 Ectrait
919.6850393700787 1933.8582677165355 130.70866141732284 138.58267716535434 de
985.8267716535433 1933.8582677165355 130.70866141732284 138.58267716535434 la
1051.9685039370079 1933.8582677165355 152.75590551181102 138.58267716535434 vie
1138.5826771653544 1933.8582677165355 152.75590551181102 138.58267716535434 des
1226.7716535433071 1933.8582677165355 283.46456692913387 138.58267716535434 Corsaires
1444.0944881889764 1933.8582677165355 261.4173228346457 138.58267716535434 français
1640.9448818897638 1933.8582677165355 174.8031496062992 138.58267716535434 sous
1751.1811023622047 1933.8582677165355 130.70866141732284 138.58267716535434 la
1815.748031496063 1933.8582677165355 305.51181102362204 138.58267716535434 République
2034.6456692913387 1933.8582677165355 174.8031496062992 138.58267716535434 et

648.8188976377953 2050.3937007874015 335.43307086614175 102.36220472440945 l'Empire)

537.007874015748 2152.755905511811 288.18897637795277 141.73228346456693 28.
700.7874015748032 2152.755905511811 370.0787401574803 141.73228346456693 Pêche
948.0314960629921 2152.755905511811 288.18897637795277 141.73228346456693 aux
1070.8661417322835 2152.755905511811 411.0236220472441 141.73228346456693 Harengs.

862.992125984252 2384.251968503937 653.5433070866142 170.07874015748033 BERTHIER
1299.2125984251968 2384.251968503937 598.4251968503937 170.07874015748033 (EUGÈNE),

1097.6377952755906 2540.1574803149606 163.7795275590551 89.76377952755905 33,
1192.1259842519685 2540.1574803149606 163.7795275590551 89.76377952755905 rue
1285.0393700787401 2540.1574803149606 141.73228346456693 89.76377952755905 de
1355.9055118110236 2540.1574803149606 234.64566929133858 89.76377952755905 l’Est,
1497.6377952755906 2540.1574803149606 211.0236220472441 89.76377952755905 Paris.»

540.1574803149606 2628.3464566929133 266.1417322834646 138.58267716535434 29.
691.3385826771654 2628.3464566929133 228.3464566929134 138.58267716535434 La
806.2992125984252 2628.3464566929133 494.48818897637796 138.58267716535434 Tentation
1185.8267716535433 2628.3464566929133 228.3464566929134 138.58267716535434 de
1261.4173228346456 2628.3464566929133 607.8740157480315 138.58267716535434 Saint

990.5511811023622 2839.3700787401576 622.0472440944882 160.62992125984252 BERTHIER
1406.2992125984251 2839.3700787401576 363.7795275590551 160.62992125984252 (J.),

973.2283464566929 2982.6771653543306 192.1259842519685 111.81102362204724 19,
1081.8897637795276 2982.6771653543306 218.89763779527559 111.81102362204724 quai
1218.8976377952756 2982.6771653543306 464.56692913385825 111.81102362204724 Saint-Michel,
1574.8031496062993 2982.6771653543306 218.89763779527559 111.81102362204724 Paris.

543.3070866141733 3072.4409448818897 251.96850393700788 141.73228346456693 30
669.2913385826772 3072.4409448818897 420.4724409448819 141.73228346456693 Nature
922.8346456692914 3072.4409448818897 337.00787401574803 141.73228346456693 morte.

570.0787401574803 3192.1259842519685 203.1496062992126 125.98425196850394 31.
656.6929133858267 3192.1259842519685 404.7244094488189 125.98425196850394 Idem

559.0551181102362 3299.212598425197 281.8897637795276 135.43307086614172 32.
680.3149606299213 3299.212598425197 522.8346456692914 135.43307086614172 Mâconnaise.

995.2755905511812 3522.834645669291 713.3858267716536 159.0551181102362 BERTHOUD,

905.511811023622 3651.968503937008 174.8031496062992 103.93700787401575 13,
1004.7244094488188 3651.968503937008 174.8031496062992 103.93700787401575 rue
1105.5118110236222 3651.968503937008 149.60629921259843 103.93700787401575 de
1179.5275590551182 3651.968503937008 596.8503937007874 103.93700787401575 l’Oratoiré-du-Roule,
1677.1653543307086 3651.968503937008 174.8031496062992 103.93700787401575 Paris

565.3543307086615 3744.8818897637793 240.9448818897638 108.66141732283465 33.
703.9370078740158 3744.8818897637793 310.23622047244095 108.66141732283465 Effet
910.2362204724409 3744.8818897637793 206.29921259842519 108.66141732283465 de
1012.5984251968504 3744.8818897637793 344.88188976377955 108.66141732283465 Soleil
1220.4724409448818 3744.8818897637793 377.9527559055118 108.66141732283465 couchant.

551.1811023622047 3851.968503937008 261.4173228346457 124.40944881889764 34.
700.7874015748032 3851.968503937008 486.61417322834643 124.40944881889764 Intérieur
1075.5905511811025 3851.968503937008 225.1968503937008 124.40944881889764 de
1187.4015748031495 3851.968503937008 299.21259842519686 124.40944881889764 Cour
1374.8031496062993 3851.968503937008 448.81889763779526 124.40944881889764 normande
1674.015748031496 3851.968503937008 411.0236220472441 124.40944881889764 (dessin).
