1981 3117
745 507 204 90 —
827 507 204 90 7
868 507 122 90 —

355 615 151 90 glacés
460 615 241 90 ruisselaient
656 615 151 90 d’eau,
762 615 90 90 et
807 615 196 90 cependant
957 615 90 90 il
1002 615 120 90 leur
1078 615 151 90 fallut
1183 615 181 90 attendre
1304 615 90 90 dans

360 705 86 43 la
403 705 130 43 neige
489 705 86 43 le
532 705 130 43 lever
619 705 86 43 de
662 705 187 43 l’aurore.
806 705 115 43 Quel
878 705 187 43 spectacle
1022 705 173 43 s’offrit
1152 705 72 43 à
1181 705 130 43 leurs
1253 705 144 43 regards!

355 757 97 60 en
403 757 129 60 face
484 757 161 60 d’eux,
597 757 194 60 l’Océan,
742 757 129 60 dont
823 757 113 60 les
888 757 210 60 montagnes
1049 757 291 60 blanchissantes
1275 757 113 60 ache-

356 815 138 55 vaient
453 815 83 55 de
494 815 138 55 mettre
591 815 83 55 en
632 815 138 55 pièces
728 815 455 55 l'<i>Enfant-de-la-Patrie,</i>
1142 815 138 55 réduit
1238 815 69 55 à
1252 815 138 55 quelques

357 859 152 52 débris
463 859 137 52 épars
554 859 182 52 derrière
691 859 121 52 eux.
767 859 228 52 L’immensité
949 859 106 52 des
1009 859 167 52 régions
1131 859 91 52 du
1176 859 137 52 nord,
1267 859 121 52 avec
1328 859 76 52 ses

355 910 159 52 neiges,
470 910 101 52 ses
528 910 145 52 glaces
630 910 87 52 et
673 910 87 52 la
717 910 174 52 solitude
847 910 174 52 désolée;
978 910 87 52 au
1021 910 145 52 milieu
1123 910 145 52 d’eux,
1224 910 87 52 un
1253 910 145 52 cadavre,

352 963 141 49 celui
446 963 125 49 d’uu
525 963 94 49 de
572 963 141 49 leurs
666 963 235 49 compagnons,
854 963 125 49 mort
933 963 94 49 de
980 963 141 49 froid
1074 963 94 49 et
1121 963 94 49 de
1168 963 188 49 fatigue,
1309 963 94 49 et
1340 963 63 49 de

347 1009 130 67 tous
428 1009 147 67 côtés
526 1009 147 67 leurs
624 1009 212 67 camarades
787 1009 98 67 ne
836 1009 179 67 pouvant
966 1009 98 67 ni
1015 1009 98 67 se
1064 1009 196 67 contenir
1210 1009 98 67 ni
1259 1009 147 67 faire
1341 1009 65 67 un

353 1073 219 72 mouvement;
526 1073 110 72 pas
588 1073 94 72 de
635 1073 172 72 vivres,
761 1073 110 72 pas
823 1073 94 72 de
870 1073 125 72 feu,
949 1073 94 72 et
996 1073 125 72 l’on
1074 1073 188 72 ignorait
1215 1073 125 72 dans
1278 1073 125 72 quelle

344 1124 156 61 partie
453 1124 93 61 de
500 1124 93 61 la
547 1124 171 61 Norwège
671 1124 93 61 la
718 1124 171 61 tempête
843 1124 140 61 avait
936 1124 125 61 jeté
1014 1124 93 61 le
1061 1124 156 61 navire
1154 1124 218 61 dunkerquois.

826 1166 234 81 NAPOLÉON
981 1166 195 81 GALLOIS,

404 1228 69 88 (
432 1228 194 88 <i>Ectrait
584 1228 83 88 de
626 1228 83 88 la
668 1228 97 88 vie
723 1228 97 88 des
779 1228 180 88 Corsaires
917 1228 166 88 français
1042 1228 111 88 sous
1112 1228 83 88 la
1153 1228 194 88 République
1292 1228 111 88 et</i>

412 1302 213 65 <i>l'Empire)</i>.

341 1367 183 90 28.
445 1367 235 90 Pêche
602 1367 183 90 aux
680 1367 261 90 Harengs.

548 1514 415 108 BERTHIER
825 1514 380 108 (EUGÈNE),

697 1613 104 57 33,
757 1613 104 57 rue
816 1613 90 57 de
861 1613 149 57 l’Est,
951 1613 134 57 Paris.»

343 1669 169 88 29.
439 1669 145 88 La
512 1669 314 88 Tentation
753 1669 145 88 de
801 1669 386 88 Saint

629 1803 395 102 BERTHIER
893 1803 231 102 (J.),

618 1894 122 71 19,
687 1894 139 71 quai
774 1894 295 71 Saint-Michel,
1000 1894 139 71 Paris.

345 1951 160 90 30
425 1951 267 90 Nature
586 1951 214 90 morte.

362 2027 129 80 31.
417 2027 257 80 <i>Idem</i>.

355 2095 179 86 32.
432 2095 332 86 Mâconnaise.

632 2237 453 101 BERTHOUD,

575 2319 111 66 13,
638 2319 111 66 rue
702 2319 95 66 de
749 2319 379 66 l’Oratoiré-du-Roule,
1065 2319 111 66 Paris

359 2378 153 69 33.
447 2378 197 69 Effet
578 2378 131 69 de
643 2378 219 69 Soleil
775 2378 240 69 couchant.

350 2446 166 79 34.
445 2446 309 79 Intérieur
683 2446 143 79 de
754 2446 190 79 Cour
873 2446 285 79 normande
1063 2446 261 79 (dessin).
