<alto xmlns:xsi="http://www.w3.org/2001/XMLSchema-instance" xmlns="http://www.loc.gov/standards/alto/ns-v2#" xmlns:page="http://schema.primaresearch.org/PAGE/gts/pagecontent/2013-07-15" xsi:schemaLocation="http://www.loc.gov/standards/alto/ns-v2# http://www.loc.gov/standards/alto/alto.xsd">
  <Description>
    <MeasurementUnit>pixel</MeasurementUnit>
    <sourceImageInformation>
         <fileName>18.xml</fileName>
      </sourceImageInformation>
    <OCRProcessing ID="IdOcr">
      <ocrProcessingStep>
        <processingDateTime>2020-06-30T17:43:09.82+02:00</processingDateTime>
        <processingSoftware>
               <softwareCreator>CONTRIBUTORS</softwareCreator>
               <softwareName>pdfalto</softwareName>
               <softwareVersion>0.1</softwareVersion>
            </processingSoftware>
      </ocrProcessingStep>
    </OCRProcessing>
  </Description>
  <Styles>
     <TextStyle ID="FONT0" FONTFAMILY="unknown" FONTSIZE="unknown" FONTTYPE="unknown" FONTWIDTH="unknown" FONTCOLOR="unknown" FONTSTYLE=""/>
     <TextStyle ID="FONT1" FONTFAMILY="unknown" FONTSIZE="unknown" FONTTYPE="unknown" FONTWIDTH="unknown" FONTCOLOR="unknown" FONTSTYLE="bold"/>
     <TextStyle ID="FONT2" FONTFAMILY="unknown" FONTSIZE="unknown" FONTTYPE="unknown" FONTWIDTH="unknown" FONTCOLOR="unknown" FONTSTYLE="italics"/>
</Styles>
  <Tags/>
  <Layout>
    <Page ID="Page1" PHYSICAL_IMG_NR="1" HEIGHT="4908.6614173228345" WIDTH="3053.5433070866143">
      <PrintSpace HEIGHT="4908.6614173228345" WIDTH="3053.5433070866143" VPOS="0.0" HPOS="0.0">
        <TextBlock ID="r1" HEIGHT="3141.732283464567" WIDTH="1656.6929133858268" VPOS="788.9763779527559" HPOS="820.4724409448819">
          <TextLine ID="r1l1" BASELINE="580" HEIGHT="155.90551181102362" WIDTH="362.20472440944883" VPOS="757.4803149606299" HPOS="1494.4881889763778">
            <String HEIGHT="155.90551181102362" WIDTH="302.3622047244094" VPOS="757.4803149606299" HPOS="1434.6456692913387" CONTENT="—" ID="r1l1_1" STYLEREFS="FONT0"/>
            <SP HEIGHT="155.90551181102362" WIDTH="59.84251968503937" VPOS="757.4803149606299" HPOS="1735.4330708661416"/>
            <String HEIGHT="155.90551181102362" WIDTH="362.20472440944883" VPOS="757.4803149606299" HPOS="1554.3307086614172" CONTENT="12" ID="r1l1_2" STYLEREFS="FONT0"/>
            <SP HEIGHT="155.90551181102362" WIDTH="59.84251968503937" VPOS="757.4803149606299" HPOS="1916.5354330708662"/>
            <String HEIGHT="155.90551181102362" WIDTH="181.10236220472441" VPOS="757.4803149606299" HPOS="1675.5905511811025" CONTENT="—" ID="r1l1_3" STYLEREFS="FONT0"/>
          </TextLine>
          <TextLine ID="r1l2" BASELINE="705" HEIGHT="170.07874015748033" WIDTH="1162.2047244094488" VPOS="940.1574803149606" HPOS="1086.6141732283465">
            <String HEIGHT="170.07874015748033" WIDTH="829.9212598425197" VPOS="940.1574803149606" HPOS="1031.4960629921259" CONTENT="CHARPENTIER" ID="r1l2_1" STYLEREFS="FONT0"/>
            <SP HEIGHT="170.07874015748033" WIDTH="55.118110236220474" VPOS="940.1574803149606" HPOS="1861.4173228346456"/>
            <String HEIGHT="170.07874015748033" WIDTH="609.4488188976378" VPOS="940.1574803149606" HPOS="1639.3700787401574" CONTENT="(EUGÈNE)," ID="r1l2_2" STYLEREFS="FONT0"/>
          </TextLine>
          <TextLine ID="r1l3" BASELINE="757" HEIGHT="96.06299212598425" WIDTH="735.4330708661417" VPOS="1096.0629921259842" HPOS="1303.9370078740158">
            <String HEIGHT="96.06299212598425" WIDTH="141.73228346456693" VPOS="1096.0629921259842" HPOS="1280.3149606299212" CONTENT="1," ID="r1l3_1" STYLEREFS="FONT0"/>
            <SP HEIGHT="96.06299212598425" WIDTH="23.62204724409449" VPOS="1096.0629921259842" HPOS="1422.0472440944882"/>
            <String HEIGHT="96.06299212598425" WIDTH="165.35433070866142" VPOS="1096.0629921259842" HPOS="1351.1811023622047" CONTENT="rue" ID="r1l3_2" STYLEREFS="FONT0"/>
            <SP HEIGHT="96.06299212598425" WIDTH="23.62204724409449" VPOS="1096.0629921259842" HPOS="1518.1102362204724"/>
            <String HEIGHT="96.06299212598425" WIDTH="141.73228346456693" VPOS="1096.0629921259842" HPOS="1445.6692913385828" CONTENT="de" ID="r1l3_3" STYLEREFS="FONT0"/>
            <SP HEIGHT="96.06299212598425" WIDTH="23.62204724409449" VPOS="1096.0629921259842" HPOS="1588.976377952756"/>
            <String HEIGHT="96.06299212598425" WIDTH="308.66141732283467" VPOS="1096.0629921259842" HPOS="1518.1102362204724" CONTENT="Provence," ID="r1l3_4" STYLEREFS="FONT0"/>
            <SP HEIGHT="96.06299212598425" WIDTH="23.62204724409449" VPOS="1096.0629921259842" HPOS="1825.1968503937007"/>
            <String HEIGHT="96.06299212598425" WIDTH="308.66141732283467" VPOS="1096.0629921259842" HPOS="1730.708661417323" CONTENT="Versailles." ID="r1l3_5" STYLEREFS="FONT0"/>
          </TextLine>
          <TextLine ID="r1l4" BASELINE="823" HEIGHT="127.55905511811024" WIDTH="1628.3464566929133" VPOS="1168.5039370078741" HPOS="861.4173228346457">
            <String HEIGHT="127.55905511811024" WIDTH="259.84251968503935" VPOS="1168.5039370078741" HPOS="825.1968503937007" CONTENT="72." ID="r1l4_1" STYLEREFS="FONT0"/>
            <SP HEIGHT="127.55905511811024" WIDTH="37.79527559055118" VPOS="1168.5039370078741" HPOS="1083.4645669291338"/>
            <String HEIGHT="127.55905511811024" WIDTH="222.04724409448818" VPOS="1168.5039370078741" HPOS="973.2283464566929" CONTENT="Le" ID="r1l4_2" STYLEREFS="FONT0"/>
            <SP HEIGHT="127.55905511811024" WIDTH="37.79527559055118" VPOS="1168.5039370078741" HPOS="1195.275590551181"/>
            <String HEIGHT="127.55905511811024" WIDTH="333.8582677165354" VPOS="1168.5039370078741" HPOS="1083.4645669291338" CONTENT="Poëte" ID="r1l4_3" STYLEREFS="FONT0"/>
            <SP HEIGHT="127.55905511811024" WIDTH="37.79527559055118" VPOS="1168.5039370078741" HPOS="1417.3228346456692"/>
            <String HEIGHT="127.55905511811024" WIDTH="444.09448818897636" VPOS="1168.5039370078741" HPOS="1305.5118110236222" CONTENT="Sedaine," ID="r1l4_4" STYLEREFS="FONT0"/>
            <SP HEIGHT="127.55905511811024" WIDTH="37.79527559055118" VPOS="1168.5039370078741" HPOS="1749.6062992125985"/>
            <String HEIGHT="127.55905511811024" WIDTH="481.8897637795276" VPOS="1168.5039370078741" HPOS="1639.3700787401574" CONTENT="composant" ID="r1l4_5" STYLEREFS="FONT0"/>
            <SP HEIGHT="127.55905511811024" WIDTH="37.79527559055118" VPOS="1168.5039370078741" HPOS="2119.685039370079"/>
            <String HEIGHT="127.55905511811024" WIDTH="259.84251968503935" VPOS="1168.5039370078741" HPOS="2009.4488188976377" CONTENT="son" ID="r1l4_6" STYLEREFS="FONT0"/>
            <SP HEIGHT="127.55905511811024" WIDTH="37.79527559055118" VPOS="1168.5039370078741" HPOS="2267.716535433071"/>
            <String HEIGHT="127.55905511811024" WIDTH="333.8582677165354" VPOS="1168.5039370078741" HPOS="2157.48031496063" CONTENT="Opéra" ID="r1l4_7" STYLEREFS="FONT0"/>
            <SP HEIGHT="127.55905511811024" WIDTH="37.79527559055118" VPOS="1168.5039370078741" HPOS="2489.763779527559"/>
            <String HEIGHT="127.55905511811024" WIDTH="148.03149606299212" VPOS="1168.5039370078741" HPOS="2341.732283464567" CONTENT="de" ID="r1l4_8" STYLEREFS="FONT0"/>
          </TextLine>
          <TextLine ID="r1l5" BASELINE="890" HEIGHT="113.38582677165354" WIDTH="529.1338582677165" VPOS="1288.1889763779527" HPOS="1113.3858267716535">
            <String HEIGHT="113.38582677165354" WIDTH="277.1653543307087" VPOS="1288.1889763779527" HPOS="1088.1889763779527" CONTENT="Rose" ID="r1l5_1" STYLEREFS="FONT2"/>
            <SP HEIGHT="113.38582677165354" WIDTH="25.19685039370079" VPOS="1288.1889763779527" HPOS="1365.3543307086613"/>
            <String HEIGHT="113.38582677165354" WIDTH="151.1811023622047" VPOS="1288.1889763779527" HPOS="1289.763779527559" CONTENT="et" ID="r1l5_2" STYLEREFS="FONT2"/>
            <SP HEIGHT="113.38582677165354" WIDTH="25.19685039370079" VPOS="1288.1889763779527" HPOS="1440.9448818897638"/>
            <String HEIGHT="113.38582677165354" WIDTH="302.3622047244094" VPOS="1288.1889763779527" HPOS="1340.1574803149606" CONTENT="Colas" ID="r1l5_3" STYLEREFS="FONT2"/>
          </TextLine>
          <TextLine ID="r1l6" BASELINE="1132" HEIGHT="179.5275590551181" WIDTH="277.1653543307087" VPOS="1603.1496062992126" HPOS="1514.9606299212599">
            <String HEIGHT="179.5275590551181" WIDTH="387.40157480314963" VPOS="1603.1496062992126" HPOS="1404.724409448819" CONTENT="COIC," ID="r1l6_1" STYLEREFS="FONT0"/>
          </TextLine>
          <TextLine ID="r1l7" BASELINE="1207" HEIGHT="141.73228346456693" WIDTH="1011.0236220472441" VPOS="1759.0551181102362" HPOS="1151.1811023622047">
            <String HEIGHT="141.73228346456693" WIDTH="201.5748031496063" VPOS="1759.0551181102362" HPOS="1125.984251968504" CONTENT=".95," ID="r1l7_1" STYLEREFS="FONT0"/>
            <SP HEIGHT="141.73228346456693" WIDTH="25.19685039370079" VPOS="1759.0551181102362" HPOS="1327.5590551181103"/>
            <String HEIGHT="141.73228346456693" WIDTH="176.3779527559055" VPOS="1759.0551181102362" HPOS="1251.9685039370079" CONTENT="rue" ID="r1l7_2" STYLEREFS="FONT0"/>
            <SP HEIGHT="141.73228346456693" WIDTH="25.19685039370079" VPOS="1759.0551181102362" HPOS="1429.9212598425197"/>
            <String HEIGHT="141.73228346456693" WIDTH="329.13385826771656" VPOS="1759.0551181102362" HPOS="1352.755905511811" CONTENT="Neuve-des" ID="r1l7_3" STYLEREFS="FONT0"/>
            <SP HEIGHT="141.73228346456693" WIDTH="25.19685039370079" VPOS="1759.0551181102362" HPOS="1681.8897637795276"/>
            <String HEIGHT="141.73228346456693" WIDTH="455.11811023622045" VPOS="1759.0551181102362" HPOS="1606.2992125984251" CONTENT="Petits-Champs," ID="r1l7_4" STYLEREFS="FONT0"/>
            <SP HEIGHT="141.73228346456693" WIDTH="25.19685039370079" VPOS="1759.0551181102362" HPOS="2061.417322834646"/>
            <String HEIGHT="141.73228346456693" WIDTH="201.5748031496063" VPOS="1759.0551181102362" HPOS="1960.6299212598426" CONTENT="Paris." ID="r1l7_5" STYLEREFS="FONT0"/>
          </TextLine>
          <TextLine ID="r1l8" BASELINE="1272" HEIGHT="122.83464566929133" WIDTH="699.2125984251968" VPOS="1880.3149606299212" HPOS="831.496062992126">
            <String HEIGHT="122.83464566929133" WIDTH="272.4409448818898" VPOS="1880.3149606299212" HPOS="792.1259842519685" CONTENT="73." ID="r1l8_1" STYLEREFS="FONT0"/>
            <SP HEIGHT="122.83464566929133" WIDTH="39.37007874015748" VPOS="1880.3149606299212" HPOS="1064.5669291338584"/>
            <String HEIGHT="122.83464566929133" WIDTH="310.23622047244095" VPOS="1880.3149606299212" HPOS="948.0314960629921" CONTENT="Fête" ID="r1l8_2" STYLEREFS="FONT0"/>
            <SP HEIGHT="122.83464566929133" WIDTH="39.37007874015748" VPOS="1880.3149606299212" HPOS="1258.267716535433"/>
            <String HEIGHT="122.83464566929133" WIDTH="426.7716535433071" VPOS="1880.3149606299212" HPOS="1103.9370078740158" CONTENT="bretonne." ID="r1l8_3" STYLEREFS="FONT0"/>
          </TextLine>
          <TextLine ID="r1l9" BASELINE="1438" HEIGHT="155.90551181102362" WIDTH="555.9055118110236" VPOS="2108.6614173228345" HPOS="1368.5039370078741">
            <String HEIGHT="155.90551181102362" WIDTH="455.11811023622045" VPOS="2108.6614173228345" HPOS="1318.1102362204724" CONTENT="COLIN" ID="r1l9_1" STYLEREFS="FONT0"/>
            <SP HEIGHT="155.90551181102362" WIDTH="50.39370078740158" VPOS="2108.6614173228345" HPOS="1773.2283464566929"/>
            <String HEIGHT="155.90551181102362" WIDTH="354.3307086614173" VPOS="2108.6614173228345" HPOS="1570.0787401574803" CONTENT="(A.)," ID="r1l9_2" STYLEREFS="FONT0"/>
          </TextLine>
          <TextLine ID="r1l10" BASELINE="1519" HEIGHT="110.23622047244095" WIDTH="754.3307086614174" VPOS="2281.8897637795276" HPOS="1272.4409448818897">
            <String HEIGHT="110.23622047244095" WIDTH="195.2755905511811" VPOS="2281.8897637795276" HPOS="1244.0944881889764" CONTENT="13," ID="r1l10_1" STYLEREFS="FONT0"/>
            <SP HEIGHT="110.23622047244095" WIDTH="28.346456692913385" VPOS="2281.8897637795276" HPOS="1439.3700787401574"/>
            <String HEIGHT="110.23622047244095" WIDTH="195.2755905511811" VPOS="2281.8897637795276" HPOS="1355.9055118110236" CONTENT="rue" ID="r1l10_2" STYLEREFS="FONT0"/>
            <SP HEIGHT="110.23622047244095" WIDTH="28.346456692913385" VPOS="2281.8897637795276" HPOS="1551.1811023622047"/>
            <String HEIGHT="110.23622047244095" WIDTH="166.9291338582677" VPOS="2281.8897637795276" HPOS="1467.716535433071" CONTENT="du" ID="r1l10_3" STYLEREFS="FONT0"/>
            <SP HEIGHT="110.23622047244095" WIDTH="28.346456692913385" VPOS="2281.8897637795276" HPOS="1636.2204724409448"/>
            <String HEIGHT="110.23622047244095" WIDTH="363.7795275590551" VPOS="2281.8897637795276" HPOS="1551.1811023622047" CONTENT="Jardinet," ID="r1l10_4" STYLEREFS="FONT0"/>
            <SP HEIGHT="110.23622047244095" WIDTH="28.346456692913385" VPOS="2281.8897637795276" HPOS="1914.9606299212599"/>
            <String HEIGHT="110.23622047244095" WIDTH="223.6220472440945" VPOS="2281.8897637795276" HPOS="1803.1496062992126" CONTENT="Paris." ID="r1l10_5" STYLEREFS="FONT0"/>
          </TextLine>
          <TextLine ID="r1l11" BASELINE="1587" HEIGHT="114.96062992125984" WIDTH="573.2283464566929" VPOS="2384.251968503937" HPOS="836.2204724409448">
            <String HEIGHT="114.96062992125984" WIDTH="267.7165354330709" VPOS="2384.251968503937" HPOS="798.4251968503937" CONTENT="74." ID="r1l11_1" STYLEREFS="FONT0"/>
            <SP HEIGHT="114.96062992125984" WIDTH="37.79527559055118" VPOS="2384.251968503937" HPOS="1066.1417322834645"/>
            <String HEIGHT="114.96062992125984" WIDTH="496.06299212598424" VPOS="2384.251968503937" HPOS="913.3858267716536" CONTENT="Masaniello." ID="r1l11_2" STYLEREFS="FONT0"/>
          </TextLine>
          <TextLine ID="r1l12" BASELINE="1664" HEIGHT="125.98425196850394" WIDTH="891.3385826771654" VPOS="2494.488188976378" HPOS="822.0472440944882">
            <String HEIGHT="125.98425196850394" WIDTH="270.86614173228344" VPOS="2494.488188976378" HPOS="782.6771653543307" CONTENT="75." ID="r1l12_1" STYLEREFS="FONT0"/>
            <SP HEIGHT="125.98425196850394" WIDTH="39.37007874015748" VPOS="2494.488188976378" HPOS="1055.1181102362204"/>
            <String HEIGHT="125.98425196850394" WIDTH="270.86614173228344" VPOS="2494.488188976378" HPOS="938.5826771653543" CONTENT="Une" ID="r1l12_2" STYLEREFS="FONT0"/>
            <SP HEIGHT="125.98425196850394" WIDTH="39.37007874015748" VPOS="2494.488188976378" HPOS="1209.4488188976377"/>
            <String HEIGHT="125.98425196850394" WIDTH="348.0314960629921" VPOS="2494.488188976378" HPOS="1092.9133858267717" CONTENT="jeune" ID="r1l12_3" STYLEREFS="FONT0"/>
            <SP HEIGHT="125.98425196850394" WIDTH="39.37007874015748" VPOS="2494.488188976378" HPOS="1442.5196850393702"/>
            <String HEIGHT="125.98425196850394" WIDTH="426.7716535433071" VPOS="2494.488188976378" HPOS="1286.6141732283465" CONTENT="Orientale" ID="r1l12_4" STYLEREFS="FONT0"/>
          </TextLine>
          <TextLine ID="r1l13" BASELINE="1859" HEIGHT="107.08661417322834" WIDTH="1096.0629921259842" VPOS="2820.472440944882" HPOS="1056.6929133858268">
            <String HEIGHT="107.08661417322834" WIDTH="492.9133858267717" VPOS="2820.472440944882" HPOS="1001.5748031496063" CONTENT="COURT" ID="r1l13_1" STYLEREFS="FONT0"/>
            <SP HEIGHT="107.08661417322834" WIDTH="55.118110236220474" VPOS="2820.472440944882" HPOS="1494.4881889763778"/>
            <String HEIGHT="107.08661417322834" WIDTH="877.1653543307086" VPOS="2820.472440944882" HPOS="1275.5905511811025" CONTENT="(JOSEPH" ID="r1l13_2" STYLEREFS="FONT0"/>
          </TextLine>
          <TextLine ID="r1l15" BASELINE="1925" HEIGHT="103.93700787401575" WIDTH="1020.4724409448819" VPOS="2927.5590551181103" HPOS="1124.4094488188975">
            <String HEIGHT="103.93700787401575" WIDTH="388.9763779527559" VPOS="2927.5590551181103" HPOS="1100.7874015748032" CONTENT="Conservateur" ID="r1l15_1" STYLEREFS="FONT0"/>
            <SP HEIGHT="103.93700787401575" WIDTH="23.62204724409449" VPOS="2927.5590551181103" HPOS="1488.1889763779527"/>
            <String HEIGHT="103.93700787401575" WIDTH="146.45669291338584" VPOS="2927.5590551181103" HPOS="1415.748031496063" CONTENT="du" ID="r1l15_2" STYLEREFS="FONT0"/>
            <SP HEIGHT="103.93700787401575" WIDTH="23.62204724409449" VPOS="2927.5590551181103" HPOS="1562.2047244094488"/>
            <String HEIGHT="103.93700787401575" WIDTH="242.51968503937007" VPOS="2927.5590551181103" HPOS="1488.1889763779527" CONTENT="Musée," ID="r1l15_3" STYLEREFS="FONT0"/>
            <SP HEIGHT="103.93700787401575" WIDTH="23.62204724409449" VPOS="2927.5590551181103" HPOS="1732.283464566929"/>
            <String HEIGHT="103.93700787401575" WIDTH="121.25984251968504" VPOS="2927.5590551181103" HPOS="1658.267716535433" CONTENT="à" ID="r1l15_4" STYLEREFS="FONT0"/>
            <SP HEIGHT="103.93700787401575" WIDTH="23.62204724409449" VPOS="2927.5590551181103" HPOS="1781.1023622047244"/>
            <String HEIGHT="103.93700787401575" WIDTH="461.4173228346457" VPOS="2927.5590551181103" HPOS="1683.4645669291338" CONTENT="l’Hôtel" ID="r1l15_5" STYLEREFS="FONT0"/>
          </TextLine>
          <TextLine ID="r1l16" BASELINE="1992" HEIGHT="122.83464566929133" WIDTH="781.1023622047244" VPOS="3014.1732283464567" HPOS="1262.992125984252">
            <String HEIGHT="122.83464566929133" WIDTH="151.1811023622047" VPOS="3014.1732283464567" HPOS="1237.7952755905512" CONTENT="et" ID="r1l16_1" STYLEREFS="FONT0"/>
            <SP HEIGHT="122.83464566929133" WIDTH="25.19685039370079" VPOS="3014.1732283464567" HPOS="1388.976377952756"/>
            <String HEIGHT="122.83464566929133" WIDTH="176.3779527559055" VPOS="3014.1732283464567" HPOS="1313.3858267716535" CONTENT="11," ID="r1l16_2" STYLEREFS="FONT0"/>
            <SP HEIGHT="122.83464566929133" WIDTH="25.19685039370079" VPOS="3014.1732283464567" HPOS="1489.763779527559"/>
            <String HEIGHT="122.83464566929133" WIDTH="176.3779527559055" VPOS="3014.1732283464567" HPOS="1414.1732283464567" CONTENT="rue" ID="r1l16_3" STYLEREFS="FONT0"/>
            <SP HEIGHT="122.83464566929133" WIDTH="25.19685039370079" VPOS="3014.1732283464567" HPOS="1590.5511811023623"/>
            <String HEIGHT="122.83464566929133" WIDTH="428.34645669291336" VPOS="3014.1732283464567" HPOS="1514.9606299212599" CONTENT="Bourg-l’Abbé," ID="r1l16_4" STYLEREFS="FONT0"/>
            <SP HEIGHT="122.83464566929133" WIDTH="25.19685039370079" VPOS="3014.1732283464567" HPOS="1943.3070866141732"/>
            <String HEIGHT="122.83464566929133" WIDTH="201.5748031496063" VPOS="3014.1732283464567" HPOS="1842.5196850393702" CONTENT="Rouen." ID="r1l16_5" STYLEREFS="FONT0"/>
          </TextLine>
          <TextLine ID="r1l17" BASELINE="2071" HEIGHT="135.43307086614172" WIDTH="1303.9370078740158" VPOS="3125.984251968504" HPOS="822.0472440944882">
            <String HEIGHT="135.43307086614172" WIDTH="247.24409448818898" VPOS="3125.984251968504" HPOS="787.4015748031496" CONTENT="76." ID="r1l17_1" STYLEREFS="FONT0"/>
            <SP HEIGHT="135.43307086614172" WIDTH="34.645669291338585" VPOS="3125.984251968504" HPOS="1033.0708661417323"/>
            <String HEIGHT="135.43307086614172" WIDTH="423.62204724409446" VPOS="3125.984251968504" HPOS="927.5590551181102" CONTENT="Portrait" ID="r1l17_2" STYLEREFS="FONT0"/>
            <SP HEIGHT="135.43307086614172" WIDTH="34.645669291338585" VPOS="3125.984251968504" HPOS="1351.1811023622047"/>
            <String HEIGHT="135.43307086614172" WIDTH="211.0236220472441" VPOS="3125.984251968504" HPOS="1245.6692913385828" CONTENT="de" ID="r1l17_3" STYLEREFS="FONT0"/>
            <SP HEIGHT="135.43307086614172" WIDTH="34.645669291338585" VPOS="3125.984251968504" HPOS="1456.6929133858268"/>
            <String HEIGHT="135.43307086614172" WIDTH="211.0236220472441" VPOS="3125.984251968504" HPOS="1351.1811023622047" CONTENT="sa" ID="r1l17_4" STYLEREFS="FONT0"/>
            <SP HEIGHT="135.43307086614172" WIDTH="34.645669291338585" VPOS="3125.984251968504" HPOS="1562.2047244094488"/>
            <String HEIGHT="135.43307086614172" WIDTH="211.0236220472441" VPOS="3125.984251968504" HPOS="1456.6929133858268" CONTENT="S." ID="r1l17_5" STYLEREFS="FONT0"/>
            <SP HEIGHT="135.43307086614172" WIDTH="34.645669291338585" VPOS="3125.984251968504" HPOS="1667.716535433071"/>
            <String HEIGHT="135.43307086614172" WIDTH="211.0236220472441" VPOS="3125.984251968504" HPOS="1562.2047244094488" CONTENT="le" ID="r1l17_6" STYLEREFS="FONT0"/>
            <SP HEIGHT="135.43307086614172" WIDTH="34.645669291338585" VPOS="3125.984251968504" HPOS="1773.2283464566929"/>
            <String HEIGHT="135.43307086614172" WIDTH="281.8897637795276" VPOS="3125.984251968504" HPOS="1667.716535433071" CONTENT="Pape" ID="r1l17_7" STYLEREFS="FONT0"/>
            <SP HEIGHT="135.43307086614172" WIDTH="34.645669291338585" VPOS="3125.984251968504" HPOS="1949.6062992125985"/>
            <String HEIGHT="135.43307086614172" WIDTH="247.24409448818898" VPOS="3125.984251968504" HPOS="1844.0944881889764" CONTENT="Pie" ID="r1l17_8" STYLEREFS="FONT0"/>
            <SP HEIGHT="135.43307086614172" WIDTH="34.645669291338585" VPOS="3125.984251968504" HPOS="2091.3385826771655"/>
            <String HEIGHT="135.43307086614172" WIDTH="176.3779527559055" VPOS="3125.984251968504" HPOS="1949.6062992125985" CONTENT="IX." ID="r1l17_9" STYLEREFS="FONT0"/>
          </TextLine>
          <TextLine ID="r1l18" BASELINE="2140" HEIGHT="133.85826771653544" WIDTH="1527.5590551181103" VPOS="3236.220472440945" HPOS="811.0236220472441">
            <String HEIGHT="133.85826771653544" WIDTH="248.8188976377953" VPOS="3236.220472440945" HPOS="774.8031496062993" CONTENT="77." ID="r1l18_1" STYLEREFS="FONT0"/>
            <SP HEIGHT="133.85826771653544" WIDTH="36.22047244094488" VPOS="3236.220472440945" HPOS="1023.6220472440945"/>
            <String HEIGHT="133.85826771653544" WIDTH="532.2834645669292" VPOS="3236.220472440945" HPOS="918.1102362204724" CONTENT="idem" ID="r1l18_2" STYLEREFS="FONT2"/>
            <SP HEIGHT="133.85826771653544" WIDTH="36.22047244094488" VPOS="3236.220472440945" HPOS="1450.3937007874015"/>
            <String HEIGHT="133.85826771653544" WIDTH="212.5984251968504" VPOS="3236.220472440945" HPOS="1343.3070866141732" CONTENT="de" ID="r1l18_3" STYLEREFS="FONT0"/>
            <SP HEIGHT="133.85826771653544" WIDTH="36.22047244094488" VPOS="3236.220472440945" HPOS="1557.4803149606298"/>
            <String HEIGHT="133.85826771653544" WIDTH="248.8188976377953" VPOS="3236.220472440945" HPOS="1450.3937007874015" CONTENT="Mme" ID="r1l18_4" STYLEREFS="FONT0"/>
            <SP HEIGHT="133.85826771653544" WIDTH="36.22047244094488" VPOS="3236.220472440945" HPOS="1699.2125984251968"/>
            <String HEIGHT="133.85826771653544" WIDTH="212.5984251968504" VPOS="3236.220472440945" HPOS="1592.1259842519685" CONTENT="la" ID="r1l18_5" STYLEREFS="FONT0"/>
            <SP HEIGHT="133.85826771653544" WIDTH="36.22047244094488" VPOS="3236.220472440945" HPOS="1806.2992125984251"/>
            <String HEIGHT="133.85826771653544" WIDTH="426.7716535433071" VPOS="3236.220472440945" HPOS="1699.2125984251968" CONTENT="Comtesse" ID="r1l18_6" STYLEREFS="FONT0"/>
            <SP HEIGHT="133.85826771653544" WIDTH="36.22047244094488" VPOS="3236.220472440945" HPOS="2125.984251968504"/>
            <String HEIGHT="133.85826771653544" WIDTH="212.5984251968504" VPOS="3236.220472440945" HPOS="2018.8976377952756" CONTENT="de" ID="r1l18_7" STYLEREFS="FONT0"/>
            <SP HEIGHT="133.85826771653544" WIDTH="36.22047244094488" VPOS="3236.220472440945" HPOS="2231.496062992126"/>
            <String HEIGHT="133.85826771653544" WIDTH="248.8188976377953" VPOS="3236.220472440945" HPOS="2089.763779527559" CONTENT="B...." ID="r1l18_8" STYLEREFS="FONT0"/>
          </TextLine>
          <TextLine ID="r1l19" BASELINE="2214" HEIGHT="129.13385826771653" WIDTH="1655.1181102362204" VPOS="3357.48031496063" HPOS="814.1732283464567">
            <String HEIGHT="129.13385826771653" WIDTH="262.99212598425197" VPOS="3357.48031496063" HPOS="776.3779527559055" CONTENT="78." ID="r1l19_1" STYLEREFS="FONT0"/>
            <SP HEIGHT="129.13385826771653" WIDTH="37.79527559055118" VPOS="3357.48031496063" HPOS="1039.3700787401574"/>
            <String HEIGHT="129.13385826771653" WIDTH="451.9685039370079" VPOS="3357.48031496063" HPOS="927.5590551181102" CONTENT="Portrait" ID="r1l19_2" STYLEREFS="FONT0"/>
            <SP HEIGHT="129.13385826771653" WIDTH="37.79527559055118" VPOS="3357.48031496063" HPOS="1377.9527559055118"/>
            <String HEIGHT="129.13385826771653" WIDTH="225.1968503937008" VPOS="3357.48031496063" HPOS="1266.1417322834645" CONTENT="de" ID="r1l19_3" STYLEREFS="FONT0"/>
            <SP HEIGHT="129.13385826771653" WIDTH="37.79527559055118" VPOS="3357.48031496063" HPOS="1491.3385826771653"/>
            <String HEIGHT="129.13385826771653" WIDTH="225.1968503937008" VPOS="3357.48031496063" HPOS="1377.9527559055118" CONTENT="M." ID="r1l19_4" STYLEREFS="FONT0"/>
            <SP HEIGHT="129.13385826771653" WIDTH="37.79527559055118" VPOS="3357.48031496063" HPOS="1604.724409448819"/>
            <String HEIGHT="129.13385826771653" WIDTH="338.5826771653543" VPOS="3357.48031496063" HPOS="1491.3385826771653" CONTENT="Henry" ID="r1l19_5" STYLEREFS="FONT0"/>
            <SP HEIGHT="129.13385826771653" WIDTH="37.79527559055118" VPOS="3357.48031496063" HPOS="1829.9212598425197"/>
            <String HEIGHT="129.13385826771653" WIDTH="414.1732283464567" VPOS="3357.48031496063" HPOS="1716.5354330708662" CONTENT="Barbet," ID="r1l19_6" STYLEREFS="FONT0"/>
            <SP HEIGHT="129.13385826771653" WIDTH="37.79527559055118" VPOS="3357.48031496063" HPOS="2130.7086614173227"/>
            <String HEIGHT="129.13385826771653" WIDTH="376.37795275590554" VPOS="3357.48031496063" HPOS="2017.3228346456692" CONTENT="ancien" ID="r1l19_7" STYLEREFS="FONT0"/>
            <SP HEIGHT="129.13385826771653" WIDTH="37.79527559055118" VPOS="3357.48031496063" HPOS="2393.700787401575"/>
            <String HEIGHT="129.13385826771653" WIDTH="225.1968503937008" VPOS="3357.48031496063" HPOS="2244.0944881889764" CONTENT="Pair" ID="r1l19_8" STYLEREFS="FONT0"/>
          </TextLine>
          <TextLine ID="r1l20" BASELINE="2274" HEIGHT="113.38582677165354" WIDTH="1379.5275590551182" VPOS="3467.716535433071" HPOS="1077.1653543307086">
            <String HEIGHT="113.38582677165354" WIDTH="212.5984251968504" VPOS="3467.716535433071" HPOS="1042.5196850393702" CONTENT="de" ID="r1l20_1" STYLEREFS="FONT0"/>
            <SP HEIGHT="113.38582677165354" WIDTH="34.645669291338585" VPOS="3467.716535433071" HPOS="1253.5433070866143"/>
            <String HEIGHT="113.38582677165354" WIDTH="388.9763779527559" VPOS="3467.716535433071" HPOS="1148.0314960629921" CONTENT="France," ID="r1l20_2" STYLEREFS="FONT0"/>
            <SP HEIGHT="113.38582677165354" WIDTH="34.645669291338585" VPOS="3467.716535433071" HPOS="1537.007874015748"/>
            <String HEIGHT="113.38582677165354" WIDTH="459.84251968503935" VPOS="3467.716535433071" HPOS="1431.4960629921259" CONTENT="Président" ID="r1l20_3" STYLEREFS="FONT0"/>
            <SP HEIGHT="113.38582677165354" WIDTH="34.645669291338585" VPOS="3467.716535433071" HPOS="1891.3385826771653"/>
            <String HEIGHT="113.38582677165354" WIDTH="212.5984251968504" VPOS="3467.716535433071" HPOS="1784.251968503937" CONTENT="du" ID="r1l20_4" STYLEREFS="FONT0"/>
            <SP HEIGHT="113.38582677165354" WIDTH="34.645669291338585" VPOS="3467.716535433071" HPOS="1996.8503937007874"/>
            <String HEIGHT="113.38582677165354" WIDTH="601.5748031496063" VPOS="3467.716535433071" HPOS="1855.1181102362204" CONTENT="Conseil" ID="r1l20_5" STYLEREFS="FONT0"/>
          </TextLine>
          <TextLine ID="r1l21" BASELINE="2348" HEIGHT="137.00787401574803" WIDTH="793.7007874015748" VPOS="3560.6299212598424" HPOS="1074.015748031496">
            <String HEIGHT="137.00787401574803" WIDTH="206.29921259842519" VPOS="3560.6299212598424" HPOS="1039.3700787401574" CONTENT="de" ID="r1l21_1" STYLEREFS="FONT0"/>
            <SP HEIGHT="137.00787401574803" WIDTH="34.645669291338585" VPOS="3560.6299212598424" HPOS="1247.244094488189"/>
            <String HEIGHT="137.00787401574803" WIDTH="206.29921259842519" VPOS="3560.6299212598424" HPOS="1143.3070866141732" CONTENT="la" ID="r1l21_2" STYLEREFS="FONT0"/>
            <SP HEIGHT="137.00787401574803" WIDTH="34.645669291338585" VPOS="3560.6299212598424" HPOS="1349.6062992125985"/>
            <String HEIGHT="137.00787401574803" WIDTH="655.1181102362204" VPOS="3560.6299212598424" HPOS="1212.5984251968505" CONTENT="Seine" ID="r1l21_3" STYLEREFS="FONT0"/>
          </TextLine>
          <TextLine ID="r1l22" BASELINE="2439" HEIGHT="151.1811023622047" WIDTH="1650.3937007874015" VPOS="3689.763779527559" HPOS="811.0236220472441">
            <String HEIGHT="151.1811023622047" WIDTH="288.18897637795277" VPOS="3689.763779527559" HPOS="770.0787401574803" CONTENT="79." ID="r1l22_1" STYLEREFS="FONT0"/>
            <SP HEIGHT="151.1811023622047" WIDTH="40.94488188976378" VPOS="3689.763779527559" HPOS="1058.267716535433"/>
            <String HEIGHT="151.1811023622047" WIDTH="494.48818897637796" VPOS="3689.763779527559" HPOS="935.4330708661417" CONTENT="Portrait" ID="r1l22_2" STYLEREFS="FONT0"/>
            <SP HEIGHT="151.1811023622047" WIDTH="40.94488188976378" VPOS="3689.763779527559" HPOS="1429.9212598425197"/>
            <String HEIGHT="151.1811023622047" WIDTH="247.24409448818898" VPOS="3689.763779527559" HPOS="1305.5118110236222" CONTENT="de" ID="r1l22_3" STYLEREFS="FONT0"/>
            <SP HEIGHT="151.1811023622047" WIDTH="40.94488188976378" VPOS="3689.763779527559" HPOS="1554.3307086614172"/>
            <String HEIGHT="151.1811023622047" WIDTH="247.24409448818898" VPOS="3689.763779527559" HPOS="1429.9212598425197" CONTENT="M." ID="r1l22_4" STYLEREFS="FONT0"/>
            <SP HEIGHT="151.1811023622047" WIDTH="40.94488188976378" VPOS="3689.763779527559" HPOS="1677.1653543307086"/>
            <String HEIGHT="151.1811023622047" WIDTH="537.007874015748" VPOS="3689.763779527559" HPOS="1554.3307086614172" CONTENT="Thévenin," ID="r1l22_5" STYLEREFS="FONT0"/>
            <SP HEIGHT="151.1811023622047" WIDTH="40.94488188976378" VPOS="3689.763779527559" HPOS="2089.763779527559"/>
            <String HEIGHT="151.1811023622047" WIDTH="412.59842519685037" VPOS="3689.763779527559" HPOS="1966.9291338582677" CONTENT="ancien" ID="r1l22_6" STYLEREFS="FONT0"/>
            <SP HEIGHT="151.1811023622047" WIDTH="40.94488188976378" VPOS="3689.763779527559" HPOS="2379.527559055118"/>
            <String HEIGHT="151.1811023622047" WIDTH="247.24409448818898" VPOS="3689.763779527559" HPOS="2214.1732283464567" CONTENT="pré" SUBS_TYPE="HypPart1" SUBS_CONTENT="président" ID="r1l22_7" STYLEREFS="FONT0"/>
            <HYP CONTENT="-"/>
          </TextLine>
          <TextLine ID="r1l23" BASELINE="2496" HEIGHT="149.60629921259843" WIDTH="1152.755905511811" VPOS="3781.1023622047246" HPOS="1102.3622047244094">
            <String HEIGHT="149.60629921259843" WIDTH="371.65354330708664" VPOS="3781.1023622047246" HPOS="1064.5669291338584" CONTENT="sident" SUBS_TYPE="HypPart2" SUBS_CONTENT="président" ID="r1l23_1" STYLEREFS="FONT0"/>
            <SP HEIGHT="149.60629921259843" WIDTH="37.79527559055118" VPOS="3781.1023622047246" HPOS="1437.7952755905512"/>
            <String HEIGHT="149.60629921259843" WIDTH="223.6220472440945" VPOS="3781.1023622047246" HPOS="1325.984251968504" CONTENT="du" ID="r1l23_2" STYLEREFS="FONT0"/>
            <SP HEIGHT="149.60629921259843" WIDTH="37.79527559055118" VPOS="3781.1023622047246" HPOS="1548.0314960629921"/>
            <String HEIGHT="149.60629921259843" WIDTH="445.6692913385827" VPOS="3781.1023622047246" HPOS="1437.7952755905512" CONTENT="tribunal" ID="r1l23_3" STYLEREFS="FONT0"/>
            <SP HEIGHT="149.60629921259843" WIDTH="37.79527559055118" VPOS="3781.1023622047246" HPOS="1883.4645669291338"/>
            <String HEIGHT="149.60629921259843" WIDTH="223.6220472440945" VPOS="3781.1023622047246" HPOS="1771.6535433070867" CONTENT="de" ID="r1l23_4" STYLEREFS="FONT0"/>
            <SP HEIGHT="149.60629921259843" WIDTH="37.79527559055118" VPOS="3781.1023622047246" HPOS="1995.275590551181"/>
            <String HEIGHT="149.60629921259843" WIDTH="409.4488188976378" VPOS="3781.1023622047246" HPOS="1845.6692913385828" CONTENT="commerce." ID="r1l23_5" STYLEREFS="FONT0"/>
          </TextLine>
        </TextBlock>
      </PrintSpace>
    </Page>
  </Layout>
</alto>
