3053.5433070866143 4908.6614173228345
1458.267716535433 787.4015748031496 264.56692913385825 133.85826771653544 —
1563.7795275590552 787.4015748031496 316.53543307086613 133.85826771653544 14
1669.291338582677 787.4015748031496 159.0551181102362 133.85826771653544 —

1340.1574803149606 954.3307086614174 538.5826771653543 171.6535433070866 DANIEL,

1429.9212598425197 1119.6850393700788 403.1496062992126 168.50393700787401 Statuaire,

1018.8976377952756 1305.5118110236222 420.4724409448819 116.53543307086615 <i>Membre
1343.3070866141732 1305.5118110236222 193.70078740157481 116.53543307086615 de
1439.3700787401574 1305.5118110236222 193.70078740157481 116.53543307086615 la
1537.007874015748 1305.5118110236222 322.8346456692913 116.53543307086615 Légion
1730.708661417323 1305.5118110236222 516.5354330708661 116.53543307086615 d’honneur</i>

1258.267716535433 1439.3700787401574 174.8031496062992 108.66141732283465 47,
1359.0551181102362 1439.3700787401574 174.8031496062992 108.66141732283465 rue
1458.267716535433 1439.3700787401574 174.8031496062992 108.66141732283465 des
1559.0551181102362 1439.3700787401574 376.37795275590554 108.66141732283465 Tournelles,
1834.6456692913387 1439.3700787401574 200.0 108.66141732283465 Paris.

804.7244094488188 1566.9291338582677 262.99212598425197 132.28346456692913 90.
955.9055118110236 1566.9291338582677 338.5826771653543 132.28346456692913 Buste
1181.1023622047244 1566.9291338582677 225.1968503937008 132.28346456692913 en
1294.4881889763778 1566.9291338582677 376.37795275590554 132.28346456692913 marbre
1557.4803149606298 1566.9291338582677 225.1968503937008 132.28346456692913 de
1669.291338582677 1566.9291338582677 225.1968503937008 132.28346456692913 M.
1782.6771653543308 1566.9291338582677 451.9685039370079 132.28346456692913 Mollien,
2121.259842519685 1566.9291338582677 338.5826771653543 132.28346456692913 comte
2308.6614173228345 1566.9291338582677 151.1811023622047 132.28346456692913 de

1053.5433070866143 1672.4409448818897 513.3858267716536 155.90551181102362 l’Empire,
1448.8188976377953 1672.4409448818897 631.496062992126 155.90551181102362 Grand’-Croix
1962.2047244094488 1672.4409448818897 237.79527559055117 155.90551181102362 de
2080.314960629921 1672.4409448818897 237.79527559055117 155.90551181102362 la
2159.0551181102364 1672.4409448818897 316.53543307086613 155.90551181102362 Légion

1045.6692913385828 1815.748031496063 525.9842519685039 116.53543307086615 d’honneur,
1458.267716535433 1815.748031496063 600.0 116.53543307086615 Grand’-Croix
1946.4566929133857 1815.748031496063 225.1968503937008 116.53543307086615 de
2059.8425196850394 1815.748031496063 412.59842519685037 116.53543307086615 l’ordre
2322.834645669291 1815.748031496063 149.60629921259843 116.53543307086615 de

1044.0944881889764 1899.2125984251968 559.0551181102362 133.85826771653544 l’Eléphant,
1491.3385826771653 1899.2125984251968 223.6220472440945 133.85826771653544 de
1603.1496062992126 1899.2125984251968 559.0551181102362 133.85826771653544 Dannemarck,
2014.1732283464567 1899.2125984251968 223.6220472440945 133.85826771653544 etc.

938.5826771653543 2029.9212598425197 537.007874015748 133.85826771653544 <i>Commandé
1368.5039370078741 2029.9212598425197 250.39370078740157 133.85826771653544 par
1511.8110236220473 2029.9212598425197 215.748031496063 133.85826771653544 la
1620.4724409448818 2029.9212598425197 322.8346456692913 133.85826771653544 ville
1834.6456692913387 2029.9212598425197 215.748031496063 133.85826771653544 de
1907.0866141732283 2029.9212598425197 429.9212598425197 133.85826771653544 Rouen</i>

853.5433070866142 2228.3464566929133 499.21259842519686 75.59055118110236 Nicolas-François
1278.740157480315 2228.3464566929133 299.21259842519686 75.59055118110236 Mollien,
1502.3622047244094 2228.3464566929133 149.60629921259843 75.59055118110236 né
1577.9527559055118 2228.3464566929133 124.40944881889764 75.59055118110236 à
1628.3464566929133 2228.3464566929133 250.39370078740157 75.59055118110236 Rouen,
1803.1496062992126 2228.3464566929133 149.60629921259843 75.59055118110236 le
1877.1653543307086 2228.3464566929133 149.60629921259843 75.59055118110236 28
1952.755905511811 2228.3464566929133 274.01574803149606 75.59055118110236 février
2152.755905511811 2228.3464566929133 225.1968503937008 75.59055118110236 1758,
2277.165354330709 2228.3464566929133 174.8031496062992 75.59055118110236 était

801.5748031496063 2307.0866141732286 176.3779527559055 78.74015748031496 fils
911.8110236220473 2307.0866141732286 176.3779527559055 78.74015748031496 d’un
1022.0472440944882 2307.0866141732286 286.61417322834643 78.74015748031496 honorable
1240.9448818897638 2307.0866141732286 286.61417322834643 78.74015748031496 fabricant
1461.4173228346456 2307.0866141732286 132.28346456692913 78.74015748031496 de
1527.5590551181103 2307.0866141732286 198.4251968503937 78.74015748031496 cette
1659.8425196850394 2307.0866141732286 220.4724409448819 78.74015748031496 ville.
1814.1732283464567 2307.0866141732286 132.28346456692913 78.74015748031496 Il
1880.3149606299212 2307.0866141732286 154.33070866141733 78.74015748031496 fit
1968.5039370078741 2307.0866141732286 110.23622047244095 78.74015748031496 à
2012.5984251968505 2307.0866141732286 198.4251968503937 78.74015748031496 Paris
2143.3070866141734 2307.0866141732286 132.28346456692913 78.74015748031496 de
2187.4015748031497 2307.0866141732286 264.56692913385825 78.74015748031496 brillantes

822.0472440944882 2371.6535433070867 262.99212598425197 103.93700787401575 études,
1014.1732283464567 2371.6535433070867 143.30708661417322 103.93700787401575 et
1085.0393700787401 2371.6535433070867 215.748031496063 103.93700787401575 entra
1229.9212598425197 2371.6535433070867 335.43307086614175 103.93700787401575 très-jeune
1492.9133858267717 2371.6535433070867 192.1259842519685 103.93700787401575 dans
1612.5984251968505 2371.6535433070867 478.74015748031496 103.93700787401575 l’administration
2020.4724409448818 2371.6535433070867 168.50393700787401 103.93700787401575 des
2116.535433070866 2371.6535433070867 311.81102362204723 103.93700787401575 finances.
2332.283464566929 2371.6535433070867 119.68503937007874 103.93700787401575 Des

803.1496062992126 2486.6141732283463 264.56692913385825 111.81102362204724 travaux
995.2755905511812 2486.6141732283463 337.00787401574803 111.81102362204724 importants
1259.8425196850394 2486.6141732283463 168.50393700787401 111.81102362204724 lui
1355.9055118110236 2486.6141732283463 240.9448818897638 111.81102362204724 furent
1524.4094488188975 2486.6141732283463 360.62992125984255 111.81102362204724 promptement
1812.5984251968505 2486.6141732283463 288.18897637795277 111.81102362204724 confiés,
2028.3464566929133 2486.6141732283463 168.50393700787401 111.81102362204724 et,
2125.984251968504 2486.6141732283463 168.50393700787401 111.81102362204724 dès
2222.047244094488 2486.6141732283463 215.748031496063 111.81102362204724 l’âge
2341.732283464567 2486.6141732283463 96.06299212598425 111.81102362204724 de

807.8740157480315 2576.3779527559054 423.62204724409446 122.83464566929133 vingt-quatre
1152.755905511811 2576.3779527559054 212.5984251968504 122.83464566929133 ans,
1285.0393700787401 2576.3779527559054 185.82677165354332 122.83464566929133 ils
1392.1259842519685 2576.3779527559054 185.82677165354332 122.83464566929133 lui
1497.6377952755906 2576.3779527559054 291.33858267716533 122.83464566929133 avaient
1710.236220472441 2576.3779527559054 239.37007874015748 122.83464566929133 valu,
1869.291338582677 2576.3779527559054 159.0551181102362 122.83464566929133 du
1948.0314960629921 2576.3779527559054 185.82677165354332 122.83464566929133 roi
2053.5433070866143 2576.3779527559054 239.37007874015748 122.83464566929133 Louis
2212.5984251968503 2576.3779527559054 212.5984251968504 122.83464566929133 XVI,
2319.685039370079 2576.3779527559054 132.28346456692913 122.83464566929133 une

798.4251968503937 2618.8976377952754 267.7165354330709 129.13385826771653 pension
992.1259842519685 2618.8976377952754 146.45669291338584 129.13385826771653 de
1066.1417322834645 2618.8976377952754 218.89763779527559 129.13385826771653 mille
1187.4015748031495 2618.8976377952754 170.07874015748033 129.13385826771653 écus.

856.6929133858267 2707.0866141732286 141.73228346456693 124.40944881889764 La
927.5590551181102 2707.0866141732286 330.70866141732284 124.40944881889764 révolution
1187.4015748031495 2707.0866141732286 283.46456692913387 124.40944881889764 l’écarta
1401.5748031496064 2707.0866141732286 165.35433070866142 124.40944881889764 des
1496.0629921259842 2707.0866141732286 307.0866141732283 124.40944881889764 affaires,
1732.283464566929 2707.0866141732286 330.70866141732284 124.40944881889764 emprisonné
1992.1259842519685 2707.0866141732286 118.11023622047244 124.40944881889764 à
2039.3700787401574 2707.0866141732286 212.5984251968504 124.40944881889764 Paris
2182.6771653543306 2707.0866141732286 259.84251968503935 124.40944881889764 pendant
2348.031496062992 2707.0866141732286 94.48818897637796 124.40944881889764 la

803.1496062992126 2829.9212598425197 286.61417322834643 102.36220472440945 terreur,
1017.3228346456693 2829.9212598425197 143.30708661417322 102.36220472440945 il
1088.1889763779527 2829.9212598425197 143.30708661417322 102.36220472440945 ne
1160.6299212598426 2829.9212598425197 166.9291338582677 102.36220472440945 fut
1255.1181102362204 2829.9212598425197 214.17322834645668 102.36220472440945 sauvé
1398.4251968503936 2829.9212598425197 166.9291338582677 102.36220472440945 que
1494.4881889763778 2829.9212598425197 166.9291338582677 102.36220472440945 par
1588.976377952756 2829.9212598425197 143.30708661417322 102.36220472440945 le
1659.8425196850394 2829.9212598425197 119.68503937007874 102.36220472440945 9
1685.0393700787401 2829.9212598425197 286.61417322834643 102.36220472440945 thermidor.

836.2204724409448 2924.4094488188975 250.39370078740157 121.25984251968504 Rentré
1011.0236220472441 2924.4094488188975 200.0 121.25984251968504 dans
1135.4330708661416 2924.4094488188975 499.21259842519686 121.25984251968504 l’administration
1560.6299212598426 2924.4094488188975 149.60629921259843 121.25984251968504 en
1636.2204724409448 2924.4094488188975 225.1968503937008 121.25984251968504 1800,
1785.8267716535433 2924.4094488188975 149.60629921259843 121.25984251968504 il
1859.8425196850394 2924.4094488188975 174.8031496062992 121.25984251968504 fut
1960.6299212598426 2924.4094488188975 250.39370078740157 121.25984251968504 nommé,
2135.433070866142 2924.4094488188975 174.8031496062992 121.25984251968504 par
2234.6456692913384 2924.4094488188975 149.60629921259843 121.25984251968504 le
2285.0393700787404 2924.4094488188975 149.60629921259843 121.25984251968504 Pre-

806.2992125984252 3040.9448818897636 192.1259842519685 96.06299212598425 mier
925.9842519685039 3040.9448818897636 264.56692913385825 96.06299212598425 Consul,
1119.6850393700788 3040.9448818897636 313.38582677165357 96.06299212598425 directeur
1360.6299212598426 3040.9448818897636 144.88188976377953 96.06299212598425 de
1433.0708661417323 3040.9448818897636 144.88188976377953 96.06299212598425 la
1503.9370078740158 3040.9448818897636 240.9448818897638 96.06299212598425 caisse
1674.015748031496 3040.9448818897636 481.8897637795276 96.06299212598425 d’amortissement;
2083.464566929134 3040.9448818897636 168.50393700787401 96.06299212598425 ses
2155.9055118110236 3040.9448818897636 264.56692913385825 96.06299212598425 relations

787.4015748031496 3119.685039370079 352.755905511811 97.63779527559055 fréquentes
1064.5669291338584 3119.685039370079 201.5748031496063 97.63779527559055 avec
1190.5511811023623 3119.685039370079 151.1811023622047 97.63779527559055 le
1266.1417322834645 3119.685039370079 201.5748031496063 97.63779527559055 chef
1392.1259842519685 3119.685039370079 151.1811023622047 97.63779527559055 de
1467.716535433071 3119.685039370079 277.1653543307087 97.63779527559055 l’Etat,
1669.291338582677 3119.685039370079 176.3779527559055 97.63779527559055 lui
1770.0787401574803 3119.685039370079 352.755905511811 97.63779527559055 méritèrent
2047.244094488189 3119.685039370079 151.1811023622047 97.63779527559055 de
2122.834645669291 3119.685039370079 151.1811023622047 97.63779527559055 sa
2198.4251968503936 3119.685039370079 201.5748031496063 97.63779527559055 part
2299.212598425197 3119.685039370079 125.98425196850394 97.63779527559055 une

792.1259842519685 3188.9763779527557 318.1102362204724 85.03937007874016 confiance
1037.7952755905512 3188.9763779527557 146.45669291338584 85.03937007874016 et
1110.236220472441 3188.9763779527557 171.6535433070866 85.03937007874016 une
1207.8740157480315 3188.9763779527557 244.09448818897638 85.03937007874016 estime
1379.5275590551182 3188.9763779527557 195.2755905511811 85.03937007874016 dont
1500.7874015748032 3188.9763779527557 146.45669291338584 85.03937007874016 il
1574.8031496062993 3188.9763779527557 341.73228346456693 85.03937007874016 recueillit
1844.0944881889764 3188.9763779527557 269.29133858267716 85.03937007874016 bientôt
2039.3700787401574 3188.9763779527557 171.6535433070866 85.03937007874016 des
2137.0078740157483 3188.9763779527557 292.9133858267717 85.03937007874016 preuves,
2332.283464566929 3188.9763779527557 97.63779527559055 85.03937007874016 il

795.2755905511812 3266.1417322834645 204.7244094488189 107.08661417322834 reçut
930.7086614173228 3266.1417322834645 137.00787401574803 107.08661417322834 le
1000.0 3266.1417322834645 204.7244094488189 107.08661417322834 titre
1135.4330708661416 3266.1417322834645 137.00787401574803 107.08661417322834 de
1204.724409448819 3266.1417322834645 204.7244094488189 107.08661417322834 comte
1341.732283464567 3266.1417322834645 137.00787401574803 107.08661417322834 et
1409.4488188976377 3266.1417322834645 228.3464566929134 107.08661417322834 devint
1568.5039370078741 3266.1417322834645 318.1102362204724 107.08661417322834 conseiller
1796.8503937007874 3266.1417322834645 204.7244094488189 107.08661417322834 d’Etat.

825.1968503937007 3404.7244094488187 149.60629921259843 100.78740157480316 En
900.7874015748032 3404.7244094488187 274.01574803149606 100.78740157480316 janvier
1099.2125984251968 3404.7244094488187 223.6220472440945 100.78740157480316 1806,
1248.8188976377953 3404.7244094488187 348.0314960629921 100.78740157480316 l’Empereur
1522.8346456692914 3404.7244094488187 149.60629921259843 100.78740157480316 le
1596.8503937007874 3404.7244094488187 223.6220472440945 100.78740157480316 nomma
1746.4566929133857 3404.7244094488187 299.21259842519686 100.78740157480316 ministre
1970.0787401574803 3404.7244094488187 149.60629921259843 100.78740157480316 du
2045.6692913385828 3404.7244094488187 248.8188976377953 100.78740157480316 trésor
2195.2755905511813 3404.7244094488187 223.6220472440945 100.78740157480316 public;

774.8031496062993 3488.1889763779527 138.58267716535434 77.16535433070867 il
844.0944881889764 3488.1889763779527 231.49606299212599 77.16535433070867 occupa
1006.2992125984252 3488.1889763779527 162.20472440944883 77.16535433070867 ces
1099.2125984251968 3488.1889763779527 231.49606299212599 77.16535433070867 hautes
1261.4173228346456 3488.1889763779527 300.78740157480314 77.16535433070867 fonctions
1492.9133858267717 3488.1889763779527 277.1653543307087 77.16535433070867 jusqu’en
1700.7874015748032 3488.1889763779527 207.8740157480315 77.16535433070867 1814,
1839.3700787401574 3488.1889763779527 138.58267716535434 77.16535433070867 et
1908.6614173228347 3488.1889763779527 162.20472440944883 77.16535433070867 les
2001.5748031496064 3488.1889763779527 231.49606299212599 77.16535433070867 reprit
2162.2047244094488 3488.1889763779527 114.96062992125984 77.16535433070867 à
2185.8267716535433 3488.1889763779527 231.49606299212599 77.16535433070867 l’époque

774.8031496062993 3582.6771653543306 168.50393700787401 75.59055118110236 des
870.8661417322835 3582.6771653543306 192.1259842519685 75.59055118110236 cent
990.5511811023622 3582.6771653543306 240.9448818897638 75.59055118110236 jours.
1159.0551181102362 3582.6771653543306 264.56692913385825 75.59055118110236 Pendant
1351.1811023622047 3582.6771653543306 168.50393700787401 75.59055118110236 son
1447.244094488189 3582.6771653543306 456.6929133858268 75.59055118110236 administration,
1833.0708661417323 3582.6771653543306 144.88188976377953 75.59055118110236 il
1903.9370078740158 3582.6771653543306 192.1259842519685 75.59055118110236 créa
2025.1968503937007 3582.6771653543306 192.1259842519685 75.59055118110236 tout
2144.8818897637793 3582.6771653543306 144.88188976377953 75.59055118110236 le
2193.700787401575 3582.6771653543306 215.748031496063 75.59055118110236 système

776.3779527559055 3637.7952755905512 141.73228346456693 89.76377952755905 de
847.2440944881889 3637.7952755905512 379.5275590551181 89.76377952755905 comptabilité
1155.9055118110236 3637.7952755905512 165.35433070866142 89.76377952755905 qui
1250.3937007874015 3637.7952755905512 212.5984251968504 89.76377952755905 régit
1392.1259842519685 3637.7952755905512 236.2204724409449 89.76377952755905 encore
1557.4803149606298 3637.7952755905512 165.35433070866142 89.76377952755905 nos
1653.5433070866143 3637.7952755905512 308.66141732283467 89.76377952755905 finances,
1889.763779527559 3637.7952755905512 141.73228346456693 89.76377952755905 et
1960.6299212598426 3637.7952755905512 165.35433070866142 89.76377952755905 qui
2055.1181102362207 3637.7952755905512 188.9763779527559 89.76377952755905 nous
2174.803149606299 3637.7952755905512 165.35433070866142 89.76377952755905 est
2245.6692913385828 3637.7952755905512 165.35433070866142 89.76377952755905 envié

771.6535433070866 3716.535433070866 140.15748031496062 111.81102362204724 de
842.5196850393701 3716.535433070866 209.4488188976378 111.81102362204724 toute
981.1023622047244 3716.535433070866 302.3622047244094 111.81102362204724 l’Europe.
1214.1732283464567 3716.535433070866 278.74015748031496 111.81102362204724 Ministre
1423.6220472440946 3716.535433070866 256.6929133858268 111.81102362204724 habile,
1611.023622047244 3716.535433070866 140.15748031496062 111.81102362204724 il
1680.3149606299212 3716.535433070866 256.6929133858268 111.81102362204724 dirigea
1866.1417322834645 3716.535433070866 140.15748031496062 111.81102362204724 la
1937.007874015748 3716.535433070866 256.6929133858268 111.81102362204724 fortune
2122.834645669291 3716.535433070866 140.15748031496062 111.81102362204724 de
2192.1259842519685 3716.535433070866 140.15748031496062 111.81102362204724 la
2239.3700787401576 3716.535433070866 185.82677165354332 111.81102362204724 France

762.2047244094488 3817.3228346456694 206.29921259842519 121.25984251968504 avec
891.3385826771654 3817.3228346456694 154.33070866141733 121.25984251968504 la
968.503937007874 3817.3228346456694 206.29921259842519 121.25984251968504 plus
1097.6377952755906 3817.3228346456694 231.49606299212599 121.25984251968504 haute
1225.1968503937007 3817.3228346456694 310.23622047244095 121.25984251968504 intégrité.
