1981 3117
721 490 178 69 —
793 490 214 69 15
864 490 107 69 —

366 607 145 58 Nommé
463 607 129 58 pair
543 607 97 58 en
591 607 145 58 1819,
688 607 97 58 il
736 607 177 58 apporta
865 607 129 58 dans
946 607 113 58 les
1010 607 177 58 travaux
1139 607 242 58 législatifs
1317 607 64 58 le

333 670 164 43 secours
452 670 89 43 si
497 670 178 43 apprécié
631 670 89 43 de
675 670 104 43 ses
735 670 178 43 lumières
869 670 89 43 et
913 670 89 43 de
958 670 89 43 sa
1002 670 149 43 longue
1092 670 193 43 expérience.

360 715 96 72 Il
408 715 159 72 mourut
519 715 80 72 à
551 715 159 72 Paris,
663 715 127 72 dans
742 715 96 72 sa
790 715 175 72 maison,
917 715 96 72 le
965 715 96 72 20
1013 715 143 72 avril
1108 715 143 72 1850,
1204 715 80 72 à
1236 715 143 72 l'âge
1315 715 64 72 de

342 796 343 78 quatre-vingt-douze
638 796 125 78 ans,
716 796 125 78 dans
794 796 109 78 les
856 796 125 78 bras
934 796 93 78 de
981 796 93 78 sa
1028 796 140 78 femme
1121 796 93 78 et
1168 796 171 78 entouré
1293 796 93 78 de
1324 796 62 78 sa

320 841 161 65 famille.

537 971 279 109 DAVID
692 971 465 109 (JEAN

638 1072 96 78 2,
686 1072 160 78 Petite
798 1072 112 78 rue
862 1072 160 78 Verte,
958 1072 128 78 Paris.

1033 1141 307 79 aquarelle).

316 1139 175 87 91.
416 1139 150 87 Un
491 1139 200 87 coin
616 1139 150 87 de
691 1139 225 87 Salle
842 1139 125 87 à
867 1139 200 87 manger

1023 1214 299 83 aquarelle).

326 1212 168 87 92.
422 1212 144 87 Le
494 1212 216 87 Repos
638 1212 168 87 des
735 1212 240 87 petits
879 1212 168 87 Chats

529 1357 393 105 DEGALASSE
831 1357 272 105 (Mlle
982 1357 181 105 A.),

667 1462 116 78 17,
734 1462 116 78 rue
800 1462 183 78 Meslay,
916 1462 133 78 Paris.

312 1532 179 99 93.
415 1532 154 99 Le
492 1532 256 99 Retour
671 1532 154 99 du
722 1532 231 99 Marché.

319 1628 177 82 94.
420 1628 152 82 La
470 1628 278 82 Punition.

670 1772 329 104 DENIZE,

757 1894 101 57 à
777 1894 162 57 Rouen.

312 1975 163 60 95.
405 1975 186 60 Tête
521 1975 139 60 de
591 1975 209 60 jeune
730 1975 209 60 Fille
846 1975 256 60 (dessin).

302 2038 170 77 96.
399 2038 194 77 Tête
520 2038 145 77 de
568 2038 291 77 Vieillard.

493 2191 197 86 DESGOFFE
624 2191 214 86 ALEXANDRE),

535 2280 179 87 Pavillon
669 2280 89 87 de
714 2280 179 87 l’Ouest,
848 2280 74 87 à
877 2280 223 87 l’Institut,
1041 2280 104 87 Paris

313 2352 171 113 97.
410 2352 171 113 Une
508 2352 219 113 Allée
654 2352 146 113 de
702 2352 171 113 Parc.
