3119.685039370079 4908.6614173228345
1135.4330708661416 771.6535433070866 280.31496062992125 108.66141732283465 —
1248.8188976377953 771.6535433070866 337.00787401574803 108.66141732283465 15
1360.6299212598426 771.6535433070866 168.50393700787401 108.66141732283465 —

576.3779527559055 955.9055118110236 228.3464566929134 91.33858267716535 Nommé
729.1338582677165 955.9055118110236 203.1496062992126 91.33858267716535 pair
855.1181102362204 955.9055118110236 152.75590551181102 91.33858267716535 en
930.7086614173228 955.9055118110236 228.3464566929134 91.33858267716535 1819,
1083.4645669291338 955.9055118110236 152.75590551181102 91.33858267716535 il
1159.0551181102362 955.9055118110236 278.74015748031496 91.33858267716535 apporta
1362.2047244094488 955.9055118110236 203.1496062992126 91.33858267716535 dans
1489.763779527559 955.9055118110236 177.95275590551182 91.33858267716535 les
1590.5511811023623 955.9055118110236 278.74015748031496 91.33858267716535 travaux
1793.7007874015749 955.9055118110236 381.1023622047244 91.33858267716535 législatifs
2074.015748031496 955.9055118110236 100.78740157480316 91.33858267716535 le

524.4094488188977 1055.1181102362204 258.26771653543307 67.71653543307086 secours
711.8110236220473 1055.1181102362204 140.15748031496062 67.71653543307086 si
782.6771653543307 1055.1181102362204 280.31496062992125 67.71653543307086 apprécié
993.7007874015748 1055.1181102362204 140.15748031496062 67.71653543307086 de
1062.992125984252 1055.1181102362204 163.7795275590551 67.71653543307086 ses
1157.4803149606298 1055.1181102362204 280.31496062992125 67.71653543307086 lumières
1368.5039370078741 1055.1181102362204 140.15748031496062 67.71653543307086 et
1437.7952755905512 1055.1181102362204 140.15748031496062 67.71653543307086 de
1508.6614173228347 1055.1181102362204 140.15748031496062 67.71653543307086 sa
1577.9527559055118 1055.1181102362204 234.64566929133858 67.71653543307086 longue
1719.6850393700788 1055.1181102362204 303.93700787401576 67.71653543307086 expérience.

566.9291338582677 1125.984251968504 151.1811023622047 113.38582677165354 Il
642.5196850393701 1125.984251968504 250.39370078740157 113.38582677165354 mourut
817.3228346456693 1125.984251968504 125.98425196850394 113.38582677165354 à
867.7165354330708 1125.984251968504 250.39370078740157 113.38582677165354 Paris,
1044.0944881889764 1125.984251968504 200.0 113.38582677165354 dans
1168.5039370078741 1125.984251968504 151.1811023622047 113.38582677165354 sa
1244.0944881889764 1125.984251968504 275.59055118110234 113.38582677165354 maison,
1444.0944881889764 1125.984251968504 151.1811023622047 113.38582677165354 le
1519.6850393700788 1125.984251968504 151.1811023622047 113.38582677165354 20
1595.275590551181 1125.984251968504 225.1968503937008 113.38582677165354 avril
1744.8818897637796 1125.984251968504 225.1968503937008 113.38582677165354 1850,
1896.0629921259842 1125.984251968504 125.98425196850394 113.38582677165354 à
1946.4566929133857 1125.984251968504 225.1968503937008 113.38582677165354 l'âge
2070.8661417322833 1125.984251968504 100.78740157480316 113.38582677165354 de

538.5826771653543 1253.5433070866143 540.1574803149606 122.83464566929133 quatre-vingt-douze
1004.7244094488188 1253.5433070866143 196.8503937007874 122.83464566929133 ans,
1127.5590551181103 1253.5433070866143 196.8503937007874 122.83464566929133 dans
1250.3937007874015 1253.5433070866143 171.6535433070866 122.83464566929133 les
1348.0314960629921 1253.5433070866143 196.8503937007874 122.83464566929133 bras
1470.8661417322835 1253.5433070866143 146.45669291338584 122.83464566929133 de
1544.8818897637796 1253.5433070866143 146.45669291338584 122.83464566929133 sa
1618.8976377952756 1253.5433070866143 220.4724409448819 122.83464566929133 femme
1765.3543307086613 1253.5433070866143 146.45669291338584 122.83464566929133 et
1839.3700787401574 1253.5433070866143 269.29133858267716 122.83464566929133 entouré
2036.2204724409448 1253.5433070866143 146.45669291338584 122.83464566929133 de
2085.0393700787404 1253.5433070866143 97.63779527559055 122.83464566929133 sa

503.93700787401576 1324.4094488188975 253.54330708661416 102.36220472440945 famille.

845.6692913385826 1529.1338582677165 439.37007874015745 171.6535433070866 DAVID
1089.763779527559 1529.1338582677165 732.2834645669292 171.6535433070866 (JEAN

1004.7244094488188 1688.1889763779527 151.1811023622047 122.83464566929133 2,
1080.3149606299212 1688.1889763779527 251.96850393700788 122.83464566929133 Petite
1256.6929133858268 1688.1889763779527 176.3779527559055 122.83464566929133 rue
1357.4803149606298 1688.1889763779527 251.96850393700788 122.83464566929133 Verte,
1508.6614173228347 1688.1889763779527 201.5748031496063 122.83464566929133 Paris.

1626.7716535433071 1796.8503937007874 483.46456692913387 124.40944881889764 aquarelle).

497.6377952755906 1793.7007874015749 275.59055118110234 137.00787401574803 91.
655.1181102362204 1793.7007874015749 236.2204724409449 137.00787401574803 Un
773.2283464566929 1793.7007874015749 314.96062992125985 137.00787401574803 coin
970.0787401574803 1793.7007874015749 236.2204724409449 137.00787401574803 de
1088.1889763779527 1793.7007874015749 354.3307086614173 137.00787401574803 Salle
1325.984251968504 1793.7007874015749 196.8503937007874 137.00787401574803 à
1365.3543307086613 1793.7007874015749 314.96062992125985 137.00787401574803 manger

1611.023622047244 1911.8110236220473 470.86614173228344 130.70866141732284 aquarelle).

513.3858267716536 1908.6614173228347 264.56692913385825 137.00787401574803 92.
664.5669291338583 1908.6614173228347 226.77165354330708 137.00787401574803 Le
777.9527559055118 1908.6614173228347 340.15748031496065 137.00787401574803 Repos
1004.7244094488188 1908.6614173228347 264.56692913385825 137.00787401574803 des
1157.4803149606298 1908.6614173228347 377.9527559055118 137.00787401574803 petits
1384.251968503937 1908.6614173228347 264.56692913385825 137.00787401574803 Chats

833.0708661417323 2137.0078740157483 618.8976377952756 165.35433070866142 DEGALASSE
1308.6614173228347 2137.0078740157483 428.34645669291336 165.35433070866142 (Mlle
1546.4566929133857 2137.0078740157483 285.03937007874015 165.35433070866142 A.),

1050.3937007874015 2302.3622047244094 182.6771653543307 122.83464566929133 17,
1155.9055118110236 2302.3622047244094 182.6771653543307 122.83464566929133 rue
1259.8425196850394 2302.3622047244094 288.18897637795277 122.83464566929133 Meslay,
1442.5196850393702 2302.3622047244094 209.4488188976378 122.83464566929133 Paris.

491.33858267716533 2412.5984251968503 281.8897637795276 155.90551181102362 93.
653.5433070866142 2412.5984251968503 242.51968503937007 155.90551181102362 Le
774.8031496062993 2412.5984251968503 403.1496062992126 155.90551181102362 Retour
1056.6929133858268 2412.5984251968503 242.51968503937007 155.90551181102362 du
1137.007874015748 2412.5984251968503 363.7795275590551 155.90551181102362 Marché.

502.3622047244094 2563.779527559055 278.74015748031496 129.13385826771653 94.
661.4173228346457 2563.779527559055 239.37007874015748 129.13385826771653 La
740.1574803149606 2563.779527559055 437.79527559055117 129.13385826771653 Punition.

1055.1181102362204 2790.551181102362 518.1102362204724 163.7795275590551 DENIZE,

1192.1259842519685 2982.6771653543306 159.0551181102362 89.76377952755905 à
1223.6220472440946 2982.6771653543306 255.11811023622047 89.76377952755905 Rouen.

491.33858267716533 3110.236220472441 256.6929133858268 94.48818897637796 95.
637.7952755905512 3110.236220472441 292.9133858267717 94.48818897637796 Tête
820.4724409448819 3110.236220472441 218.89763779527559 94.48818897637796 de
930.7086614173228 3110.236220472441 329.13385826771656 94.48818897637796 jeune
1149.6062992125985 3110.236220472441 329.13385826771656 94.48818897637796 Fille
1332.283464566929 3110.236220472441 403.1496062992126 94.48818897637796 (dessin).

475.59055118110234 3209.448818897638 267.7165354330709 121.25984251968504 96.
628.3464566929134 3209.448818897638 305.51181102362204 121.25984251968504 Tête
818.8976377952756 3209.448818897638 228.3464566929134 121.25984251968504 de
894.488188976378 3209.448818897638 458.26771653543307 121.25984251968504 Vieillard.

776.3779527559055 3450.3937007874015 310.23622047244095 135.43307086614172 DESGOFFE
982.6771653543307 3450.3937007874015 337.00787401574803 135.43307086614172 ALEXANDRE),

842.5196850393701 3590.551181102362 281.8897637795276 137.00787401574803 Pavillon
1053.5433070866143 3590.551181102362 140.15748031496062 137.00787401574803 de
1124.4094488188975 3590.551181102362 281.8897637795276 137.00787401574803 l’Ouest,
1335.4330708661416 3590.551181102362 116.53543307086615 137.00787401574803 à
1381.1023622047244 3590.551181102362 351.18110236220474 137.00787401574803 l’Institut,
1639.3700787401574 3590.551181102362 163.7795275590551 137.00787401574803 Paris

492.9133858267717 3703.9370078740158 269.29133858267716 177.95275590551182 97.
645.6692913385826 3703.9370078740158 269.29133858267716 177.95275590551182 Une
800.0 3703.9370078740158 344.88188976377955 177.95275590551182 Allée
1029.9212598425197 3703.9370078740158 229.92125984251967 177.95275590551182 de
1105.5118110236222 3703.9370078740158 269.29133858267716 177.95275590551182 Parc.
