3050.3937007874015 4864.566929133858
1066.1417322834645 774.8031496062993 285.03937007874015 132.28346456692913 —
1179.5275590551182 774.8031496062993 341.73228346456693 132.28346456692913 23
1294.4881889763778 774.8031496062993 171.6535433070866 132.28346456692913 —

658.2677165354331 954.3307086614174 543.3070866141733 163.7795275590551 GUIMARD
1053.5433070866143 954.3307086614174 445.6692913385827 163.7795275590551 (Mlle
1349.6062992125985 954.3307086614174 445.6692913385827 163.7795275590551 EUDES
1596.8503937007874 954.3307086614174 247.24409448818898 163.7795275590551 DE)

910.2362204724409 1107.0866141732283 162.20472440944883 88.18897637795276 5,
990.5511811023622 1107.0866141732283 188.9763779527559 88.18897637795276 rue
1099.2125984251968 1107.0866141732283 458.26771653543307 88.18897637795276 Ménilmontant,
1448.8188976377953 1107.0866141732283 215.748031496063 88.18897637795276 Paris.

433.07086614173227 1196.8503937007874 329.13385826771656 162.20472440944883 158.
637.7952755905512 1196.8503937007874 451.9685039370079 162.20472440944883 Paysans
966.9291338582677 1196.8503937007874 862.992125984252 162.20472440944883 (Basse-Normandie)
1666.1417322834645 1196.8503937007874 451.9685039370079 162.20472440944883 ramassant

729.1338582677165 1300.7874015748032 233.0708661417323 116.53543307086615 du
807.8740157480315 1300.7874015748032 270.86614173228344 116.53543307086615 bois.

440.9448818897638 1407.8740157480315 325.98425196850394 110.23622047244095 159.
644.0944881889764 1407.8740157480315 244.09448818897638 110.23622047244095 Un
725.9842519685039 1407.8740157480315 325.98425196850394 110.23622047244095 Pâtre.

440.9448818897638 1481.8897637795276 305.51181102362204 163.7795275590551 160.
631.496062992126 1481.8897637795276 228.3464566929134 163.7795275590551 La
744.8818897637796 1481.8897637795276 343.3070866141732 163.7795275590551 jeune
935.4330708661417 1481.8897637795276 533.8582677165355 163.7795275590551 Evangélique.

439.37007874015745 1626.7716535433071 333.8582677165354 118.11023622047244 161.
607.8740157480315 1626.7716535433071 417.3228346456693 118.11023622047244 Paysage.

426.7716535433071 1754.3307086614172 324.40944881889766 111.81102362204724 162.
629.9212598425197 1754.3307086614172 283.46456692913387 111.81102362204724 Une
792.1259842519685 1754.3307086614172 324.40944881889766 111.81102362204724 Mère
995.2755905511812 1754.3307086614172 244.09448818897638 111.81102362204724 et
1116.5354330708662 1754.3307086614172 283.46456692913387 111.81102362204724 ses
1278.740157480315 1754.3307086614172 486.61417322834643 111.81102362204724 Enfants,
1644.0944881889764 1754.3307086614172 486.61417322834643 111.81102362204724 souvenir
1968.5039370078741 1754.3307086614172 162.20472440944883 111.81102362204724 de

623.6220472440945 1839.3700787401574 541.7322834645669 132.28346456692913 Normandie.

910.2362204724409 2124.4094488188975 639.3700787401575 185.82677165354332 HALPHEN,

806.2992125984252 2285.0393700787404 162.20472440944883 118.11023622047244 1,
886.6141732283464 2285.0393700787404 188.9763779527559 118.11023622047244 rue
995.2755905511812 2285.0393700787404 645.6692913385826 118.11023622047244 Montmorency-Feydeau,
1532.283464566929 2285.0393700787404 215.748031496063 118.11023622047244 Paris.

423.62204724409446 2415.748031496063 311.81102362204723 111.81102362204724 163.
618.8976377952756 2415.748031496063 233.0708661417323 111.81102362204724 La
735.4330708661417 2415.748031496063 544.8818897637796 111.81102362204724 Récompense
1125.984251968504 2415.748031496063 544.8818897637796 111.81102362204724 (aquarelle).

434.6456692913386 2513.3858267716537 223.6220472440945 125.98425196850394 164.
574.8031496062993 2513.3858267716537 168.50393700787401 125.98425196850394 La
658.2677165354331 2513.3858267716537 420.4724409448819 125.98425196850394 Bouquetière
995.2755905511812 2513.3858267716537 168.50393700787401 125.98425196850394 de
1078.740157480315 2513.3858267716537 251.96850393700788 125.98425196850394 Louis
1247.244094488189 2513.3858267716537 168.50393700787401 125.98425196850394 XV
1302.3622047244094 2513.3858267716537 392.12598425196853 125.98425196850394 (aquarelle).

859.8425196850394 2845.6692913385828 496.06299212598424 151.1811023622047 HAMON
1135.4330708661416 2845.6692913385828 496.06299212598424 151.1811023622047 (PAUL),

924.4094488188977 2988.9763779527557 151.1811023622047 110.23622047244095 22
1000.0 2988.9763779527557 176.3779527559055 110.23622047244095 rue
1100.7874015748032 2988.9763779527557 151.1811023622047 110.23622047244095 de
1176.3779527559054 2988.9763779527557 351.18110236220474 110.23622047244095 Bruxelles,
1426.7716535433071 2988.9763779527557 201.5748031496063 110.23622047244095 Paris.

423.62204724409446 3110.236220472441 318.1102362204724 137.00787401574803 165.
622.0472440944882 3110.236220472441 357.4803149606299 137.00787401574803 Saint
859.8425196850394 3110.236220472441 475.59055118110234 137.00787401574803 François
1217.3228346456692 3110.236220472441 237.79527559055117 137.00787401574803 de
1335.4330708661416 3110.236220472441 357.4803149606299 137.00787401574803 Sales
1573.2283464566929 3110.236220472441 318.1102362204724 137.00787401574803 dans
1771.6535433070867 3110.236220472441 237.79527559055117 137.00787401574803 le
1851.9685039370079 3110.236220472441 237.79527559055117 137.00787401574803 bois

721.2598425196851 3211.0236220472443 253.54330708661416 130.70866141732284 des
866.1417322834645 3211.0236220472443 433.07086614173227 130.70866141732284 Allinges
1155.9055118110236 3211.0236220472443 398.4251968503937 130.70866141732284 (Savoie).

429.9212598425197 3371.6535433070867 365.3543307086614 119.68503937007874 <i>Réduction
725.9842519685039 3371.6535433070867 137.00787401574803 119.68503937007874 du
793.7007874015748 3371.6535433070867 250.39370078740157 119.68503937007874 tableau
976.3779527559055 3371.6535433070867 274.01574803149606 119.68503937007874 commandé
1181.1023622047244 3371.6535433070867 159.0551181102362 119.68503937007874 par
1272.4409448818897 3371.6535433070867 137.00787401574803 119.68503937007874 M.
1341.732283464567 3371.6535433070867 137.00787401574803 119.68503937007874 le
1409.4488188976377 3371.6535433070867 274.01574803149606 119.68503937007874 Ministre
1614.1732283464567 3371.6535433070867 137.00787401574803 119.68503937007874 de
1659.8425196850394 3371.6535433070867 411.0236220472441 119.68503937007874 l'Intérieur,</i>

686.6141732283464 3464.566929133858 190.5511811023622 105.51181102362204 <i>et
812.5984251968504 3464.566929133858 231.49606299212599 105.51181102362204 exécuté
981.1023622047244 3464.566929133858 168.50393700787401 105.51181102362204 pour
1086.6141732283465 3464.566929133858 125.98425196850394 105.51181102362204 la
1149.6062992125985 3464.566929133858 296.06299212598424 105.51181102362204 Cathédrale
1382.6771653543308 3464.566929133858 125.98425196850394 105.51181102362204 de
1445.6692913385828 3464.566929133858 211.0236220472441 105.51181102362204 Belley
1571.6535433070867 3464.566929133858 253.54330708661416 105.51181102362204 (Ain)</i>

496.06299212598424 3590.551181102362 173.22834645669292 102.36220472440945 «Et
595.2755905511812 3590.551181102362 222.04724409448818 102.36220472440945 saint
743.3070866141733 3590.551181102362 296.06299212598424 102.36220472440945 François
966.9291338582677 3590.551181102362 272.4409448818898 102.36220472440945 s’étant
1163.7795275590552 3590.551181102362 247.24409448818898 102.36220472440945 avancé
1337.007874015748 3590.551181102362 198.4251968503937 102.36220472440945 seul
1461.4173228346456 3590.551181102362 148.03149606299212 102.36220472440945 au
1535.4330708661416 3590.551181102362 247.24409448818898 102.36220472440945 devant
1708.6614173228347 3590.551181102362 173.22834645669292 102.36220472440945 des
1782.6771653543308 3590.551181102362 296.06299212598424 102.36220472440945 assassins,

461.4173228346457 3703.9370078740158 163.7795275590551 72.44094488188976 les
555.9055118110236 3703.9370078740158 234.64566929133858 72.44094488188976 força,
719.6850393700787 3703.9370078740158 163.7795275590551 72.44094488188976 par
812.5984251968504 3703.9370078740158 140.15748031496062 72.44094488188976 le
883.4645669291339 3703.9370078740158 187.4015748031496 72.44094488188976 seul
1000.0 3703.9370078740158 256.6929133858268 72.44094488188976 pouvoir
1187.4015748031495 3703.9370078740158 140.15748031496062 72.44094488188976 de
1256.6929133858268 3703.9370078740158 140.15748031496062 72.44094488188976 sa
1327.5590551181103 3703.9370078740158 256.6929133858268 72.44094488188976 douceur
1514.9606299212599 3703.9370078740158 140.15748031496062 72.44094488188976 et
1584.251968503937 3703.9370078740158 140.15748031496062 72.44094488188976 de
1655.1181102362204 3703.9370078740158 163.7795275590551 72.44094488188976 ses
1724.4094488188975 3703.9370078740158 351.18110236220474 72.44094488188976 remontrances,

437.79527559055117 3785.8267716535433 140.15748031496062 83.46456692913385 «à
508.66141732283467 3785.8267716535433 280.31496062992125 83.46456692913385 renoncer
718.1102362204724 3785.8267716535433 116.53543307086615 83.46456692913385 à
765.3543307086615 3785.8267716535433 185.82677165354332 83.46456692913385 leur
881.8897637795276 3785.8267716535433 233.0708661417323 83.46456692913385 crime.
1044.0944881889764 3785.8267716535433 163.7795275590551 83.46456692913385 Ils
1138.5826771653544 3785.8267716535433 256.6929133858268 83.46456692913385 jettent
1324.4094488188975 3785.8267716535433 209.4488188976378 83.46456692913385 leurs
1464.5669291338584 3785.8267716535433 209.4488188976378 83.46456692913385 armes
1604.724409448819 3785.8267716535433 140.15748031496062 83.46456692913385 et
1674.015748031496 3785.8267716535433 140.15748031496062 83.46456692913385 se
1744.8818897637796 3785.8267716535433 349.6062992125984 83.46456692913385 prosternent
2001.5748031496064 3785.8267716535433 69.29133858267717 83.46456692913385 à

477.1653543307087 3853.5433070866143 174.8031496062992 113.38582677165354 ses
577.9527559055118 3853.5433070866143 250.39370078740157 113.38582677165354 pieds,
752.7559055118111 3853.5433070866143 174.8031496062992 113.38582677165354 lui
853.5433070866142 3853.5433070866143 325.98425196850394 113.38582677165354 demandant
1103.9370078740158 3853.5433070866143 275.59055118110234 113.38582677165354 pardon.
1303.9370078740158 3853.5433070866143 225.1968503937008 113.38582677165354 Saint
1453.5433070866143 3853.5433070866143 325.98425196850394 113.38582677165354 François,
1703.9370078740158 3853.5433070866143 174.8031496062992 113.38582677165354 les
1804.724409448819 3853.5433070866143 225.1968503937008 113.38582677165354 ayant
1930.708661417323 3853.5433070866143 149.60629921259843 113.38582677165354 fait
