1981 3117
711 514 183 70 —
785 514 220 70 25
858 514 110 70 —

349 630 503 100 HILLEMACHER
717 630 603 100 (EUGÈNE

633 728 114 70 34,
698 728 114 70 rue
763 728 228 70 Lafayette,
926 728 131 70 Paris.

304 816 193 89 173.
425 816 169 89 Les
521 816 290 89 Assiégés
738 816 145 89 de
811 816 241 89 Rouen,
980 816 145 89 en
1028 816 169 89 1418.

357 899 92 90 On
403 899 137 90 avait
494 899 107 90 été
555 899 153 90 obligé
662 899 92 90 de
708 899 153 90 mettre
815 899 153 90 encore
921 899 122 90 hors
998 899 92 90 de
1044 899 92 90 la
1089 899 137 90 ville
1181 899 137 90 douze
1257 899 107 90 mille

328 981 173 59 pauvres
454 981 141 59 gens,
548 981 235 59 vieillards,
736 981 157 59 femmes
846 981 94 59 et
893 981 188 59 enfants;
1034 981 94 59 et
1082 981 141 59 comme
1176 981 110 59 les
1223 981 141 59 Anglais

326 1042 193 63 n’avaient
474 1042 104 63 pas
534 1042 133 63 voulu
623 1042 104 63 les
682 1042 163 63 laisser
801 1042 163 63 passer,
919 1042 104 63 ces
979 1042 208 63 malheureux
1142 1042 163 63 étaient
1245 1042 119 63 demeu-

321 1092 102 65 rés
380 1092 116 65 dans
452 1092 102 65 les
510 1092 145 65 fossés
612 1092 87 65 de
655 1092 87 65 la
699 1092 145 65 ville,
800 1092 87 65 où
844 1092 102 65 ils
902 1092 247 65 s’efforçaient
1105 1092 87 65 de
1148 1092 87 65 se
1192 1092 174 65 soutenir
1308 1092 58 65 en

323 1152 191 48 mangeant
467 1152 112 48 des
530 1152 160 48 herbes
642 1152 207 48 sauvages;
802 1152 128 48 mais
881 1152 112 48 ils
945 1152 207 48 mouraient
1105 1152 160 48 chaque
1216 1152 128 48 jour
1280 1152 80 48 par

327 1201 214 53 centaines.
495 1201 168 53 Lorsque
617 1201 107 53 les
678 1201 153 53 femmes
784 1201 92 53 de
830 1201 137 53 cette
922 1201 153 53 troupe
1028 1201 168 53 affamée
1135 1201 229 53 accouchaient,

318 1246 103 62 on
369 1246 138 62 leur
455 1246 241 62 descendait
645 1246 103 62 un
696 1246 172 62 panier
817 1246 103 62 du
868 1246 138 62 haut
954 1246 103 62 de
1006 1246 103 62 la
1057 1246 224 62 muraille;
1229 1246 155 62 elles
1315 1246 52 62 y

323 1304 194 64 plaçaient
472 1304 119 64 leur
547 1304 164 64 enfant,
666 1304 104 64 et,
725 1304 134 64 après
815 1304 134 64 qu’il
904 1304 134 64 avait
994 1304 104 64 été
1053 1304 164 64 baptisé
1172 1304 119 64 dans
1232 1304 134 64 quelque

322 1355 147 72 église
425 1355 88 72 de
469 1355 88 72 la
514 1355 147 72 ville,
617 1355 88 72 on
661 1355 88 72 le
705 1355 118 72 leur
778 1355 221 72 descendait,
955 1355 103 72 car
1014 1355 88 72 on
1058 1355 88 72 ne
1102 1355 162 72 pouvait
1220 1355 88 72 le
1249 1355 118 72 garder

318 1407 100 64 ni
368 1407 100 64 le
402 1407 167 64 nourrir.

592 1470 98 84 (DE
648 1470 168 84 BARANTE,
774 1470 210 84 <i>Histoire
942 1470 98 84 des
999 1470 112 84 Ducs
1069 1470 84 84 de
1097 1470 238 84 Bourgogne</i>.)

678 1697 285 132 HINTZ,

644 1808 119 106 24,
712 1808 119 106 rue
780 1808 203 106 Pigalle,
915 1808 136 106 Paris.

303 1889 205 81 174.
431 1889 179 81 Vue
534 1889 154 81 du
585 1889 256 81 Tréport.

653 2109 294 148 HUBER
817 2109 228 148 (E.),

603 2241 134 105 12,
680 2241 134 105 rue
756 2241 115 105 du
814 2241 192 105 Delta,
929 2241 154 105 Paris.

312 2326 181 91 175.
425 2326 294 91 Intérieur
652 2326 136 91 de
697 2326 226 91 Cellier.

306 2404 195 97 176.
428 2404 318 97 Intérieur
672 2404 147 97 de
721 2404 171 97 Cave.
