3119.685039370079 4908.6614173228345
1119.6850393700788 809.4488188976378 288.18897637795277 110.23622047244095 —
1236.2204724409448 809.4488188976378 346.45669291338584 110.23622047244095 25
1351.1811023622047 809.4488188976378 173.22834645669292 110.23622047244095 —

549.6062992125984 992.1259842519685 792.1259842519685 157.48031496062993 HILLEMACHER
1129.1338582677165 992.1259842519685 949.6062992125984 157.48031496062993 (EUGÈNE

996.8503937007874 1146.4566929133857 179.5275590551181 110.23622047244095 34,
1099.2125984251968 1146.4566929133857 179.5275590551181 110.23622047244095 rue
1201.5748031496064 1146.4566929133857 359.0551181102362 110.23622047244095 Lafayette,
1458.267716535433 1146.4566929133857 206.29921259842519 110.23622047244095 Paris.

478.74015748031496 1285.0393700787401 303.93700787401576 140.15748031496062 173.
669.2913385826772 1285.0393700787401 266.1417322834646 140.15748031496062 Les
820.4724409448819 1285.0393700787401 456.6929133858268 140.15748031496062 Assiégés
1162.2047244094488 1285.0393700787401 228.3464566929134 140.15748031496062 de
1277.1653543307086 1285.0393700787401 379.5275590551181 140.15748031496062 Rouen,
1543.3070866141732 1285.0393700787401 228.3464566929134 140.15748031496062 en
1618.8976377952756 1285.0393700787401 266.1417322834646 140.15748031496062 1418.

562.2047244094488 1415.748031496063 144.88188976377953 141.73228346456693 On
634.6456692913385 1415.748031496063 215.748031496063 141.73228346456693 avait
777.9527559055118 1415.748031496063 168.50393700787401 141.73228346456693 été
874.0157480314961 1415.748031496063 240.9448818897638 141.73228346456693 obligé
1042.5196850393702 1415.748031496063 144.88188976377953 141.73228346456693 de
1114.9606299212599 1415.748031496063 240.9448818897638 141.73228346456693 mettre
1283.4645669291338 1415.748031496063 240.9448818897638 141.73228346456693 encore
1450.3937007874015 1415.748031496063 192.1259842519685 141.73228346456693 hors
1571.6535433070867 1415.748031496063 144.88188976377953 141.73228346456693 de
1644.0944881889764 1415.748031496063 144.88188976377953 141.73228346456693 la
1714.9606299212599 1415.748031496063 215.748031496063 141.73228346456693 ville
1859.8425196850394 1415.748031496063 215.748031496063 141.73228346456693 douze
1979.5275590551182 1415.748031496063 168.50393700787401 141.73228346456693 mille

516.5354330708661 1544.8818897637796 272.4409448818898 92.91338582677166 pauvres
714.9606299212599 1544.8818897637796 222.04724409448818 92.91338582677166 gens,
862.992125984252 1544.8818897637796 370.0787401574803 92.91338582677166 vieillards,
1159.0551181102362 1544.8818897637796 247.24409448818898 92.91338582677166 femmes
1332.283464566929 1544.8818897637796 148.03149606299212 92.91338582677166 et
1406.2992125984251 1544.8818897637796 296.06299212598424 92.91338582677166 enfants;
1628.3464566929133 1544.8818897637796 148.03149606299212 92.91338582677166 et
1703.9370078740158 1544.8818897637796 222.04724409448818 92.91338582677166 comme
1851.9685039370079 1544.8818897637796 173.22834645669292 92.91338582677166 les
1925.984251968504 1544.8818897637796 222.04724409448818 92.91338582677166 Anglais

513.3858267716536 1640.9448818897638 303.93700787401576 99.21259842519684 n’avaient
746.4566929133858 1640.9448818897638 163.7795275590551 99.21259842519684 pas
840.9448818897638 1640.9448818897638 209.4488188976378 99.21259842519684 voulu
981.1023622047244 1640.9448818897638 163.7795275590551 99.21259842519684 les
1074.015748031496 1640.9448818897638 256.6929133858268 99.21259842519684 laisser
1261.4173228346456 1640.9448818897638 256.6929133858268 99.21259842519684 passer,
1447.244094488189 1640.9448818897638 163.7795275590551 99.21259842519684 ces
1541.732283464567 1640.9448818897638 327.5590551181102 99.21259842519684 malheureux
1798.4251968503936 1640.9448818897638 256.6929133858268 99.21259842519684 étaient
1960.6299212598426 1640.9448818897638 187.4015748031496 99.21259842519684 demeu-

505.51181102362204 1719.6850393700788 160.62992125984252 102.36220472440945 rés
598.4251968503937 1719.6850393700788 182.6771653543307 102.36220472440945 dans
711.8110236220473 1719.6850393700788 160.62992125984252 102.36220472440945 les
803.1496062992126 1719.6850393700788 228.3464566929134 102.36220472440945 fossés
963.7795275590552 1719.6850393700788 137.00787401574803 102.36220472440945 de
1031.4960629921259 1719.6850393700788 137.00787401574803 102.36220472440945 la
1100.7874015748032 1719.6850393700788 228.3464566929134 102.36220472440945 ville,
1259.8425196850394 1719.6850393700788 137.00787401574803 102.36220472440945 où
1329.1338582677165 1719.6850393700788 160.62992125984252 102.36220472440945 ils
1420.4724409448818 1719.6850393700788 388.9763779527559 102.36220472440945 s’efforçaient
1740.1574803149606 1719.6850393700788 137.00787401574803 102.36220472440945 de
1807.8740157480315 1719.6850393700788 137.00787401574803 102.36220472440945 se
1877.1653543307086 1719.6850393700788 274.01574803149606 102.36220472440945 soutenir
2059.8425196850394 1719.6850393700788 91.33858267716535 102.36220472440945 en

508.66141732283467 1814.1732283464567 300.78740157480314 75.59055118110236 mangeant
735.4330708661417 1814.1732283464567 176.3779527559055 75.59055118110236 des
834.6456692913385 1814.1732283464567 251.96850393700788 75.59055118110236 herbes
1011.0236220472441 1814.1732283464567 325.98425196850394 75.59055118110236 sauvages;
1262.992125984252 1814.1732283464567 201.5748031496063 75.59055118110236 mais
1387.4015748031495 1814.1732283464567 176.3779527559055 75.59055118110236 ils
1488.1889763779527 1814.1732283464567 325.98425196850394 75.59055118110236 mouraient
1740.1574803149606 1814.1732283464567 251.96850393700788 75.59055118110236 chaque
1914.9606299212599 1814.1732283464567 201.5748031496063 75.59055118110236 jour
2015.748031496063 1814.1732283464567 125.98425196850394 75.59055118110236 par

514.9606299212599 1891.3385826771653 337.00787401574803 83.46456692913385 centaines.
779.5275590551181 1891.3385826771653 264.56692913385825 83.46456692913385 Lorsque
971.6535433070866 1891.3385826771653 168.50393700787401 83.46456692913385 les
1067.716535433071 1891.3385826771653 240.9448818897638 83.46456692913385 femmes
1234.6456692913387 1891.3385826771653 144.88188976377953 83.46456692913385 de
1307.0866141732283 1891.3385826771653 215.748031496063 83.46456692913385 cette
1451.9685039370079 1891.3385826771653 240.9448818897638 83.46456692913385 troupe
1618.8976377952756 1891.3385826771653 264.56692913385825 83.46456692913385 affamée
1787.4015748031495 1891.3385826771653 360.62992125984255 83.46456692913385 accouchaient,

500.78740157480314 1962.2047244094488 162.20472440944883 97.63779527559055 on
581.1023622047244 1962.2047244094488 217.3228346456693 97.63779527559055 leur
716.5354330708661 1962.2047244094488 379.5275590551181 97.63779527559055 descendait
1015.7480314960629 1962.2047244094488 162.20472440944883 97.63779527559055 un
1096.0629921259842 1962.2047244094488 270.86614173228344 97.63779527559055 panier
1286.6141732283465 1962.2047244094488 162.20472440944883 97.63779527559055 du
1366.9291338582677 1962.2047244094488 217.3228346456693 97.63779527559055 haut
1502.3622047244094 1962.2047244094488 162.20472440944883 97.63779527559055 de
1584.251968503937 1962.2047244094488 162.20472440944883 97.63779527559055 la
1664.5669291338584 1962.2047244094488 352.755905511811 97.63779527559055 muraille;
1935.4330708661416 1962.2047244094488 244.09448818897638 97.63779527559055 elles
2070.8661417322833 1962.2047244094488 81.88976377952756 97.63779527559055 y

508.66141732283467 2053.5433070866143 305.51181102362204 100.78740157480316 plaçaient
743.3070866141733 2053.5433070866143 187.4015748031496 100.78740157480316 leur
861.4173228346457 2053.5433070866143 258.26771653543307 100.78740157480316 enfant,
1048.8188976377953 2053.5433070866143 163.7795275590551 100.78740157480316 et,
1141.732283464567 2053.5433070866143 211.0236220472441 100.78740157480316 après
1283.4645669291338 2053.5433070866143 211.0236220472441 100.78740157480316 qu’il
1423.6220472440946 2053.5433070866143 211.0236220472441 100.78740157480316 avait
1565.3543307086613 2053.5433070866143 163.7795275590551 100.78740157480316 été
1658.267716535433 2053.5433070866143 258.26771653543307 100.78740157480316 baptisé
1845.6692913385828 2053.5433070866143 187.4015748031496 100.78740157480316 dans
1940.1574803149606 2053.5433070866143 211.0236220472441 100.78740157480316 quelque

507.0866141732283 2133.8582677165355 231.49606299212599 113.38582677165354 église
669.2913385826772 2133.8582677165355 138.58267716535434 113.38582677165354 de
738.5826771653543 2133.8582677165355 138.58267716535434 113.38582677165354 la
809.4488188976378 2133.8582677165355 231.49606299212599 113.38582677165354 ville,
971.6535433070866 2133.8582677165355 138.58267716535434 113.38582677165354 on
1040.9448818897638 2133.8582677165355 138.58267716535434 113.38582677165354 le
1110.236220472441 2133.8582677165355 185.82677165354332 113.38582677165354 leur
1225.1968503937007 2133.8582677165355 348.0314960629921 113.38582677165354 descendait,
1503.9370078740158 2133.8582677165355 162.20472440944883 113.38582677165354 car
1596.8503937007874 2133.8582677165355 138.58267716535434 113.38582677165354 on
1666.1417322834645 2133.8582677165355 138.58267716535434 113.38582677165354 ne
1735.4330708661416 2133.8582677165355 255.11811023622047 113.38582677165354 pouvait
1921.259842519685 2133.8582677165355 138.58267716535434 113.38582677165354 le
1966.9291338582677 2133.8582677165355 185.82677165354332 113.38582677165354 garder

500.78740157480314 2215.748031496063 157.48031496062993 100.78740157480316 ni
579.5275590551181 2215.748031496063 157.48031496062993 100.78740157480316 le
633.0708661417323 2215.748031496063 262.99212598425197 100.78740157480316 nourrir.

932.2834645669292 2314.9606299212596 154.33070866141733 132.28346456692913 (DE
1020.4724409448819 2314.9606299212596 264.56692913385825 132.28346456692913 BARANTE,
1218.8976377952756 2314.9606299212596 330.70866141732284 132.28346456692913 Histoire
1483.4645669291338 2314.9606299212596 154.33070866141733 132.28346456692913 des
1573.2283464566929 2314.9606299212596 176.3779527559055 132.28346456692913 Ducs
1683.4645669291338 2314.9606299212596 132.28346456692913 132.28346456692913 de
1727.5590551181103 2314.9606299212596 374.8031496062992 132.28346456692913 Bourgogne)

1067.716535433071 2672.4409448818897 448.81889763779526 207.8740157480315 HINTZ,

1014.1732283464567 2847.244094488189 187.4015748031496 166.9291338582677 24,
1121.259842519685 2847.244094488189 187.4015748031496 166.9291338582677 rue
1228.3464566929133 2847.244094488189 319.68503937007875 166.9291338582677 Pigalle,
1440.9448818897638 2847.244094488189 214.17322834645668 166.9291338582677 Paris.

477.1653543307087 2974.803149606299 322.8346456692913 127.55905511811024 174.
678.7401574803149 2974.803149606299 281.8897637795276 127.55905511811024 Vue
840.9448818897638 2974.803149606299 242.51968503937007 127.55905511811024 du
921.2598425196851 2974.803149606299 403.1496062992126 127.55905511811024 Tréport.

1028.3464566929133 3321.259842519685 462.99212598425197 233.0708661417323 HUBER
1286.6141732283465 3321.259842519685 359.0551181102362 233.0708661417323 (E.),

949.6062992125984 3529.1338582677167 211.0236220472441 165.35433070866142 12,
1070.8661417322835 3529.1338582677167 211.0236220472441 165.35433070866142 rue
1190.5511811023623 3529.1338582677167 181.10236220472441 165.35433070866142 du
1281.8897637795276 3529.1338582677167 302.3622047244094 165.35433070866142 Delta,
1462.992125984252 3529.1338582677167 242.51968503937007 165.35433070866142 Paris.

491.33858267716533 3662.9921259842517 285.03937007874015 143.30708661417322 175.
669.2913385826772 3662.9921259842517 462.99212598425197 143.30708661417322 Intérieur
1026.7716535433071 3662.9921259842517 214.17322834645668 143.30708661417322 de
1097.6377952755906 3662.9921259842517 355.90551181102364 143.30708661417322 Cellier.

481.8897637795276 3785.8267716535433 307.0866141732283 152.75590551181102 176.
674.0157480314961 3785.8267716535433 500.78740157480314 152.75590551181102 Intérieur
1058.267716535433 3785.8267716535433 231.49606299212599 152.75590551181102 de
1135.4330708661416 3785.8267716535433 269.29133858267716 152.75590551181102 Cave.
