3119.685039370079 4908.6614173228345
1067.716535433071 744.8818897637796 310.23622047244095 170.07874015748033 —
1190.5511811023623 744.8818897637796 371.65354330708664 170.07874015748033 41
1314.9606299212599 744.8818897637796 185.82677165354332 170.07874015748033 —

809.4488188976378 914.9606299212599 557.4803149606299 154.33070866141733 ROUSSEL
1163.7795275590552 914.9606299212599 607.8740157480315 154.33070866141733 (CHARLES),

908.6614173228346 1066.1417322834645 231.49606299212599 143.30708661417322 Elève
1062.992125984252 1066.1417322834645 154.33070866141733 143.30708661417322 de
1140.1574803149606 1066.1417322834645 360.62992125984255 143.30708661417322 l’Académie
1423.6220472440946 1066.1417322834645 154.33070866141733 143.30708661417322 de
1475.5905511811025 1066.1417322834645 206.29921259842519 143.30708661417322 Rouen.

455.11811023622045 1193.7007874015749 296.06299212598424 130.70866141732284 301.
640.9448818897638 1193.7007874015749 445.6692913385827 130.70866141732284 Portrait
974.8031496062993 1193.7007874015749 222.04724409448818 130.70866141732284 de
1086.6141732283465 1193.7007874015749 296.06299212598424 130.70866141732284 Mlle
1270.8661417322835 1193.7007874015749 333.8582677165354 130.70866141732284 Maria
1456.6929133858268 1193.7007874015749 259.84251968503935 130.70866141732284 A....

453.54330708661416 1299.2125984251968 297.6377952755906 135.43307086614172 302.
639.3700787401575 1299.2125984251968 445.6692913385827 135.43307086614172 Portrait
974.8031496062993 1299.2125984251968 223.6220472440945 135.43307086614172 de
1086.6141732283465 1299.2125984251968 223.6220472440945 135.43307086614172 M.
1198.4251968503936 1299.2125984251968 335.43307086614175 135.43307086614172 A....
1384.251968503937 1299.2125984251968 445.6692913385827 135.43307086614172 (croquis).

725.9842519685039 1525.984251968504 847.2440944881889 225.1968503937008 SAINT-MARTIN
1362.2047244094488 1525.984251968504 475.59055118110234 225.1968503937008 (PAUL),

966.9291338582677 1672.4409448818897 182.6771653543307 130.70866141732284 19,
1072.4409448818897 1672.4409448818897 182.6771653543307 130.70866141732284 rue
1176.3779527559054 1672.4409448818897 365.3543307086614 130.70866141732284 Guénégaud,
1437.7952755905512 1672.4409448818897 209.4488188976378 130.70866141732284 Paris.

461.4173228346457 1801.5748031496064 300.78740157480314 119.68503937007874 303.
648.8188976377953 1801.5748031496064 262.99212598425197 119.68503937007874 Vue
800.0 1801.5748031496064 337.00787401574803 119.68503937007874 prise
1025.1968503937007 1801.5748031496064 262.99212598425197 119.68503937007874 aux
1174.8031496062993 1801.5748031496064 450.3937007874016 119.68503937007874 environs
1511.8110236220473 1801.5748031496064 225.1968503937008 119.68503937007874 de
1587.4015748031495 1801.5748031496064 412.59842519685037 119.68503937007874 Louviers.

781.1023622047244 2042.5196850393702 529.1338582677165 133.85826771653544 SALMON
1099.2125984251968 2042.5196850393702 686.6141732283464 133.85826771653544 (THÉODORE),

993.7007874015748 2170.0787401574803 152.75590551181102 125.98425196850394 8,
1069.291338582677 2170.0787401574803 177.95275590551182 125.98425196850394 rue
1171.6535433070867 2170.0787401574803 152.75590551181102 125.98425196850394 du
1247.244094488189 2170.0787401574803 253.54330708661416 125.98425196850394 Delta,
1400.0 2170.0787401574803 203.1496062992126 125.98425196850394 Paris.

461.4173228346457 2286.6141732283463 307.0866141732283 132.28346456692913 304.
653.5433070866142 2286.6141732283463 229.92125984251967 132.28346456692913 La
768.503937007874 2286.6141732283463 499.21259842519686 132.28346456692913 Dévideuse
1152.755905511811 2286.6141732283463 229.92125984251967 132.28346456692913 de
1228.3464566929133 2286.6141732283463 269.29133858267716 132.28346456692913 Soie.

448.81889763779526 2407.8740157480315 310.23622047244095 125.98425196850394 305.
642.5196850393701 2407.8740157480315 233.0708661417323 125.98425196850394 La
721.2598425196851 2407.8740157480315 425.1968503937008 125.98425196850394 Toilette.

946.4566929133858 2650.3937007874015 588.9763779527559 137.00787401574803 SERRUR,

963.7795275590552 2774.803149606299 170.07874015748033 125.98425196850394 13,
1059.8425196850394 2774.803149606299 170.07874015748033 125.98425196850394 rue
1157.4803149606298 2774.803149606299 144.88188976377953 125.98425196850394 de
1229.9212598425197 2774.803149606299 314.96062992125985 125.98425196850394 l’Abbaye,
1448.8188976377953 2774.803149606299 193.70078740157481 125.98425196850394 Paris.

451.9685039370079 2889.763779527559 303.93700787401576 129.13385826771653 306.
642.5196850393701 2889.763779527559 381.1023622047244 129.13385826771653 Prière
908.6614173228346 2889.763779527559 190.5511811023622 129.13385826771653 à
984.2519685039371 2889.763779527559 228.3464566929134 129.13385826771653 la
1061.4173228346456 2889.763779527559 343.3070866141732 129.13385826771653 Madone.

434.6456692913386 3006.299212598425 337.00787401574803 132.28346456692913 307.
645.6692913385826 3006.299212598425 377.9527559055118 132.28346456692913 Femme
897.6377952755905 3006.299212598425 251.96850393700788 132.28346456692913 du
982.6771653543307 3006.299212598425 377.9527559055118 132.28346456692913 peuple.

881.8897637795276 3222.047244094488 560.6299212598425 157.48031496062993 SORIEUL
1237.7952755905512 3222.047244094488 458.26771653543307 157.48031496062993 (JEAN),

995.2755905511812 3357.48031496063 174.8031496062992 116.53543307086615 14,
1096.0629921259842 3357.48031496063 174.8031496062992 116.53543307086615 rue
1195.275590551181 3357.48031496063 300.78740157480314 116.53543307086615 Chabrol,
1396.8503937007874 3357.48031496063 200.0 116.53543307086615 Paris.

447.244094488189 3450.3937007874015 311.81102362204723 159.0551181102362 308.
642.5196850393701 3450.3937007874015 428.34645669291336 159.0551181102362 Passage
952.7559055118111 3450.3937007874015 233.0708661417323 159.0551181102362 du
1069.291338582677 3450.3937007874015 388.9763779527559 159.0551181102362 défilé
1341.732283464567 3450.3937007874015 233.0708661417323 159.0551181102362 de
1458.267716535433 3450.3937007874015 428.34645669291336 159.0551181102362 Ponary,
1730.708661417323 3450.3937007874015 388.9763779527559 159.0551181102362 campagne

762.2047244094488 3576.3779527559054 228.3464566929134 116.53543307086615 de
875.5905511811023 3576.3779527559054 418.8976377952756 116.53543307086615 Russie,
1181.1023622047244 3576.3779527559054 228.3464566929134 116.53543307086615 en
1258.267716535433 3576.3779527559054 266.1417322834646 116.53543307086615 1813.

521.2598425196851 3683.464566929134 155.90551181102362 103.93700787401575 Le
600.0 3683.464566929134 259.84251968503935 103.93700787401575 défilé
782.6771653543307 3683.464566929134 155.90551181102362 103.93700787401575 du
859.8425196850394 3683.464566929134 259.84251968503935 103.93700787401575 Ponary
1042.5196850393702 3683.464566929134 234.64566929133858 103.93700787401575 était
1198.4251968503936 3683.464566929134 259.84251968503935 103.93700787401575 devenu
1379.5275590551182 3683.464566929134 519.6850393700787 103.93700787401575 impraticable....
1822.0472440944882 3683.464566929134 286.61417322834643 103.93700787401575 D’après
2003.1496062992126 3683.464566929134 130.70866141732284 103.93700787401575 les

455.11811023622045 3777.952755905512 269.29133858267716 138.58267716535434 ordres
644.0944881889764 3777.952755905512 162.20472440944883 138.58267716535434 du
724.4094488188977 3777.952755905512 322.8346456692913 138.58267716535434 maréchal
966.9291338582677 3777.952755905512 215.748031496063 138.58267716535434 Ney,
1100.7874015748032 3777.952755905512 162.20472440944883 138.58267716535434 le
1182.6771653543308 3777.952755905512 296.06299212598424 138.58267716535434 colonel
1396.8503937007874 3777.952755905512 242.51968503937007 138.58267716535434 comte
1559.0551181102362 3777.952755905512 162.20472440944883 138.58267716535434 de
1639.3700787401574 3777.952755905512 322.8346456692913 138.58267716535434 Turenne,
1855.1181102362204 3777.952755905512 269.29133858267716 138.58267716535434 officier
