1981 3117
678 473 197 108 —
756 473 236 108 41
835 473 118 108 —

514 581 354 98 ROUSSEL
739 581 386 98 (CHARLES),

577 677 147 91 Elève
675 677 98 91 de
724 677 229 91 l’Académie
904 677 98 91 de
937 677 131 91 Rouen.

289 758 188 83 301.
407 758 283 83 Portrait
619 758 141 83 de
690 758 188 83 Mlle
807 758 212 83 Maria
925 758 165 83 A....

288 825 189 86 302.
406 825 283 86 Portrait
619 825 142 86 de
690 825 142 86 M.
761 825 213 86 A....
879 825 283 86 (croquis).

461 969 538 143 SAINT-MARTIN
865 969 302 143 (PAUL),

614 1062 116 83 19,
681 1062 116 83 rue
747 1062 232 83 Guénégaud,
913 1062 133 83 Paris.

293 1144 191 76 303.
412 1144 167 76 Vue
508 1144 214 76 prise
651 1144 167 76 aux
746 1144 286 76 environs
960 1144 143 76 de
1008 1144 262 76 Louviers.

496 1297 336 85 SALMON
698 1297 436 85 (THÉODORE),

631 1378 97 80 8,
679 1378 113 80 rue
744 1378 97 80 du
792 1378 161 80 Delta,
889 1378 129 80 Paris.

293 1452 195 84 304.
415 1452 146 84 La
488 1452 317 84 Dévideuse
732 1452 146 84 de
780 1452 171 84 Soie.

285 1529 197 80 305.
408 1529 148 80 La
458 1529 270 80 Toilette.

601 1683 374 87 SERRUR,

612 1762 108 80 13,
673 1762 108 80 rue
735 1762 92 80 de
781 1762 200 80 l’Abbaye,
920 1762 123 80 Paris.

287 1835 193 82 306.
408 1835 242 82 Prière
577 1835 121 82 à
625 1835 145 82 la
674 1835 218 82 Madone.

276 1909 214 84 307.
410 1909 240 84 Femme
570 1909 160 84 du
624 1909 240 84 peuple.

560 2046 356 100 SORIEUL
786 2046 291 100 (JEAN),

632 2132 111 74 14,
696 2132 111 74 rue
759 2132 191 74 Chabrol,
887 2132 127 74 Paris.

284 2191 198 101 308.
408 2191 272 101 Passage
605 2191 148 101 du
679 2191 247 101 défilé
852 2191 148 101 de
926 2191 272 101 Ponary,
1099 2191 247 101 campagne

484 2271 145 74 de
556 2271 266 74 Russie,
750 2271 145 74 en
799 2271 169 74 1813.

331 2339 99 66 Le
381 2339 165 66 défilé
497 2339 99 66 du
546 2339 165 66 Ponary
662 2339 149 66 était
761 2339 165 66 devenu
876 2339 330 66 impraticable....
1157 2339 182 66 D’après
1272 2339 83 66 les

289 2399 171 88 ordres
409 2399 103 88 du
460 2399 205 88 maréchal
614 2399 137 88 Ney,
699 2399 103 88 le
751 2399 188 88 colonel
887 2399 154 88 comte
990 2399 103 88 de
1041 2399 205 88 Turenne,
1178 2399 171 88 officier
