1981 3117
676 475 168 77 —
744 475 202 77 45
811 475 101 77 —

278 575 186 112 330.
394 575 279 112 Portrait
603 575 139 112 de
672 575 279 112 l’auteur
858 575 325 112 (miniature).

287 675 164 86 331.
390 675 164 86 Tête
493 675 226 86 d’après
657 675 123 86 le
719 675 205 86 Guide.
842 675 267 86 (<i>id</i>.

283 740 199 85 332.
407 740 249 85 Ruines
581 740 149 85 de
656 740 298 85 l’ancien
880 740 398 85 Amphithéâtre
1203 740 149 85 de
1253 740 99 85 la

466 830 221 78 ville
614 830 148 78 de
688 830 246 78 Capoue
860 830 221 78 (mine
1007 830 148 78 de
1057 830 221 78 plomb).

282 920 186 96 333.
398 920 232 96 Ruines
561 920 139 96 du
630 920 232 96 Palais
793 920 163 96 des
886 920 256 96 Césars,
1072 920 163 96 sur
1165 920 139 96 le
1212 920 139 96 mont

468 1001 293 62 Palatin,
687 1001 122 62 à
736 1001 195 62 Rome
858 1001 220 62 (mine
1005 1001 146 62 de
1053 1001 220 62 plomb).

272 1104 200 85 334
387 1104 257 85 Autre
558 1104 200 85 vue
673 1104 172 85 du
759 1104 229 85 même
901 1104 286 85 Palais
1102 1104 257 85 (mine
1245 1104 114 85 de

456 1175 240 106 plomb).

280 1284 199 66 335.
404 1284 149 66 Le
479 1284 273 66 Tombeau
678 1284 149 66 de
752 1284 273 66 Cécilia
951 1284 298 66 Metella,
1175 1284 124 66 à
1200 1284 149 66 Rome

483 1349 219 77 (mine
629 1349 146 77 de
677 1349 219 77 plomb).

290 1440 198 86 336.
414 1440 346 86 L’Acqueduc
685 1440 321 86 Claudien,
932 1440 123 86 à
982 1440 222 86 Porta
1105 1440 247 86 Maggione

483 1519 227 95 (mine
634 1519 152 95 de
685 1519 227 95 plomb).

289 1613 206 89 337.
418 1613 154 89 La
495 1613 308 89 Fontaine
726 1613 154 89 de
803 1613 283 89 l’Acqua
1009 1613 257 89 Paolo,
1189 1613 180 89 sur
1266 1613 103 89 le

473 1702 332 86 Janicule
722 1702 249 86 (mine
888 1702 166 86 de
943 1702 249 86 plomb).

290 1775 215 110 338.
424 1775 188 110 Les
532 1775 269 110 Ruines
720 1775 161 110 du
801 1775 269 110 Temple
989 1775 376 110 d’Antonnin
1258 1775 107 110 et

490 1864 333 104 Faustine,
747 1864 128 104 à
798 1864 410 104 Campo-Valino
1131 1864 231 104 (mine
1259 1864 103 104 de

454 1958 247 75 plomb).

506 2107 318 122 WAGNER
729 2107 286 122 (Mlle
887 2107 286 122 ELISE),

606 2225 93 65 7,
652 2225 139 65 place
744 2225 108 65 des
806 2225 232 65 Cordeliers,
976 2225 108 65 Lyon.

309 2307 180 71 339.
422 2307 270 71 Récolte,
625 2307 225 71 Fleurs
782 2307 135 71 et
827 2307 203 71 Fruits.

298 2371 208 98 340.
428 2371 260 98 Groupe
610 2371 156 98 de
662 2371 312 98 Nénuphars.
