<alto xmlns:xsi="http://www.w3.org/2001/XMLSchema-instance" xmlns="http://www.loc.gov/standards/alto/ns-v2#" xmlns:page="http://schema.primaresearch.org/PAGE/gts/pagecontent/2013-07-15" xsi:schemaLocation="http://www.loc.gov/standards/alto/ns-v2# http://www.loc.gov/standards/alto/alto.xsd">
  <Description>
    <MeasurementUnit>pixel</MeasurementUnit>
    <sourceImageInformation>
         <fileName>51.xml</fileName>
      </sourceImageInformation>
    <OCRProcessing ID="IdOcr">
      <ocrProcessingStep>
        <processingDateTime>2020-06-30T17:43:18.337+02:00</processingDateTime>
        <processingSoftware>
               <softwareCreator>CONTRIBUTORS</softwareCreator>
               <softwareName>pdfalto</softwareName>
               <softwareVersion>0.1</softwareVersion>
            </processingSoftware>
      </ocrProcessingStep>
    </OCRProcessing>
  </Description>
  <Styles>
     <TextStyle ID="FONT0" FONTFAMILY="unknown" FONTSIZE="unknown" FONTTYPE="unknown" FONTWIDTH="unknown" FONTCOLOR="unknown" FONTSTYLE=""/>
     <TextStyle ID="FONT1" FONTFAMILY="unknown" FONTSIZE="unknown" FONTTYPE="unknown" FONTWIDTH="unknown" FONTCOLOR="unknown" FONTSTYLE="bold"/>
     <TextStyle ID="FONT2" FONTFAMILY="unknown" FONTSIZE="unknown" FONTTYPE="unknown" FONTWIDTH="unknown" FONTCOLOR="unknown" FONTSTYLE="italics"/>
</Styles>
  <Tags/>
  <Layout>
    <Page ID="Page1" PHYSICAL_IMG_NR="1" HEIGHT="4908.6614173228345" WIDTH="3119.685039370079">
      <PrintSpace HEIGHT="4908.6614173228345" WIDTH="3119.685039370079" VPOS="0.0" HPOS="0.0">
        <TextBlock ID="r1" HEIGHT="3111.8110236220473" WIDTH="1661.4173228346456" VPOS="771.6535433070866" HPOS="485.03937007874015">
          <TextLine ID="r1l1" BASELINE="552" HEIGHT="121.25984251968504" WIDTH="318.1102362204724" VPOS="748.0314960629921" HPOS="1118.1102362204724">
            <String HEIGHT="121.25984251968504" WIDTH="264.56692913385825" VPOS="748.0314960629921" HPOS="1064.5669291338584" CONTENT="—" ID="r1l1_1" STYLEREFS="FONT0"/>
            <SP HEIGHT="121.25984251968504" WIDTH="53.54330708661417" VPOS="748.0314960629921" HPOS="1330.708661417323"/>
            <String HEIGHT="121.25984251968504" WIDTH="318.1102362204724" VPOS="748.0314960629921" HPOS="1171.6535433070867" CONTENT="45" ID="r1l1_2" STYLEREFS="FONT0"/>
            <SP HEIGHT="121.25984251968504" WIDTH="53.54330708661417" VPOS="748.0314960629921" HPOS="1489.763779527559"/>
            <String HEIGHT="121.25984251968504" WIDTH="159.0551181102362" VPOS="748.0314960629921" HPOS="1277.1653543307086" CONTENT="—" ID="r1l1_3" STYLEREFS="FONT0"/>
          </TextLine>
          <TextLine ID="r1l2" BASELINE="687" HEIGHT="176.3779527559055" WIDTH="1388.976377952756" VPOS="905.511811023622" HPOS="474.01574803149606">
            <String HEIGHT="176.3779527559055" WIDTH="292.9133858267717" VPOS="905.511811023622" HPOS="437.79527559055117" CONTENT="330." ID="r1l2_1" STYLEREFS="FONT0"/>
            <SP HEIGHT="176.3779527559055" WIDTH="36.22047244094488" VPOS="905.511811023622" HPOS="729.1338582677165"/>
            <String HEIGHT="176.3779527559055" WIDTH="439.37007874015745" VPOS="905.511811023622" HPOS="620.4724409448819" CONTENT="Portrait" ID="r1l2_2" STYLEREFS="FONT0"/>
            <SP HEIGHT="176.3779527559055" WIDTH="36.22047244094488" VPOS="905.511811023622" HPOS="1058.267716535433"/>
            <String HEIGHT="176.3779527559055" WIDTH="218.89763779527559" VPOS="905.511811023622" HPOS="949.6062992125984" CONTENT="de" ID="r1l2_3" STYLEREFS="FONT0"/>
            <SP HEIGHT="176.3779527559055" WIDTH="36.22047244094488" VPOS="905.511811023622" HPOS="1168.5039370078741"/>
            <String HEIGHT="176.3779527559055" WIDTH="439.37007874015745" VPOS="905.511811023622" HPOS="1058.267716535433" CONTENT="l’auteur" ID="r1l2_4" STYLEREFS="FONT0"/>
            <SP HEIGHT="176.3779527559055" WIDTH="36.22047244094488" VPOS="905.511811023622" HPOS="1497.6377952755906"/>
            <String HEIGHT="176.3779527559055" WIDTH="511.81102362204723" VPOS="905.511811023622" HPOS="1351.1811023622047" CONTENT="(miniature)." ID="r1l2_5" STYLEREFS="FONT0"/>
          </TextLine>
          <TextLine ID="r1l3" BASELINE="761" HEIGHT="135.43307086614172" WIDTH="1261.4173228346456" VPOS="1062.992125984252" HPOS="485.03937007874015">
            <String HEIGHT="135.43307086614172" WIDTH="258.26771653543307" VPOS="1062.992125984252" HPOS="451.9685039370079" CONTENT="331." ID="r1l3_1" STYLEREFS="FONT0"/>
            <SP HEIGHT="135.43307086614172" WIDTH="33.07086614173228" VPOS="1062.992125984252" HPOS="711.8110236220473"/>
            <String HEIGHT="135.43307086614172" WIDTH="258.26771653543307" VPOS="1062.992125984252" HPOS="614.1732283464567" CONTENT="Tête" ID="r1l3_2" STYLEREFS="FONT0"/>
            <SP HEIGHT="135.43307086614172" WIDTH="33.07086614173228" VPOS="1062.992125984252" HPOS="872.4409448818898"/>
            <String HEIGHT="135.43307086614172" WIDTH="355.90551181102364" VPOS="1062.992125984252" HPOS="776.3779527559055" CONTENT="d’après" ID="r1l3_3" STYLEREFS="FONT0"/>
            <SP HEIGHT="135.43307086614172" WIDTH="33.07086614173228" VPOS="1062.992125984252" HPOS="1132.283464566929"/>
            <String HEIGHT="135.43307086614172" WIDTH="193.70078740157481" VPOS="1062.992125984252" HPOS="1034.6456692913387" CONTENT="le" ID="r1l3_4" STYLEREFS="FONT0"/>
            <SP HEIGHT="135.43307086614172" WIDTH="33.07086614173228" VPOS="1062.992125984252" HPOS="1228.3464566929133"/>
            <String HEIGHT="135.43307086614172" WIDTH="322.8346456692913" VPOS="1062.992125984252" HPOS="1132.283464566929" CONTENT="Guide." ID="r1l3_5" STYLEREFS="FONT0"/>
            <SP HEIGHT="135.43307086614172" WIDTH="33.07086614173228" VPOS="1062.992125984252" HPOS="1455.1181102362204"/>
            <String HEIGHT="135.43307086614172" WIDTH="420.4724409448819" VPOS="1062.992125984252" HPOS="1325.984251968504" CONTENT="(&lt;i&gt;id&lt;/i&gt;" ID="r1l3_6" STYLEREFS="FONT2"/>
          </TextLine>
          <TextLine ID="r1l4" BASELINE="825" HEIGHT="133.85826771653544" WIDTH="1644.0944881889764" VPOS="1165.3543307086613" HPOS="485.03937007874015">
            <String HEIGHT="133.85826771653544" WIDTH="313.38582677165357" VPOS="1165.3543307086613" HPOS="445.6692913385827" CONTENT="332." ID="r1l4_1" STYLEREFS="FONT0"/>
            <SP HEIGHT="133.85826771653544" WIDTH="39.37007874015748" VPOS="1165.3543307086613" HPOS="759.0551181102362"/>
            <String HEIGHT="133.85826771653544" WIDTH="392.12598425196853" VPOS="1165.3543307086613" HPOS="640.9448818897638" CONTENT="Ruines" ID="r1l4_2" STYLEREFS="FONT0"/>
            <SP HEIGHT="133.85826771653544" WIDTH="39.37007874015748" VPOS="1165.3543307086613" HPOS="1033.0708661417323"/>
            <String HEIGHT="133.85826771653544" WIDTH="234.64566929133858" VPOS="1165.3543307086613" HPOS="914.9606299212599" CONTENT="de" ID="r1l4_3" STYLEREFS="FONT0"/>
            <SP HEIGHT="133.85826771653544" WIDTH="39.37007874015748" VPOS="1165.3543307086613" HPOS="1151.1811023622047"/>
            <String HEIGHT="133.85826771653544" WIDTH="469.29133858267716" VPOS="1165.3543307086613" HPOS="1033.0708661417323" CONTENT="l’ancien" ID="r1l4_4" STYLEREFS="FONT0"/>
            <SP HEIGHT="133.85826771653544" WIDTH="39.37007874015748" VPOS="1165.3543307086613" HPOS="1502.3622047244094"/>
            <String HEIGHT="133.85826771653544" WIDTH="626.7716535433071" VPOS="1165.3543307086613" HPOS="1385.8267716535433" CONTENT="Amphithéâtre" ID="r1l4_5" STYLEREFS="FONT0"/>
            <SP HEIGHT="133.85826771653544" WIDTH="39.37007874015748" VPOS="1165.3543307086613" HPOS="2011.023622047244"/>
            <String HEIGHT="133.85826771653544" WIDTH="234.64566929133858" VPOS="1165.3543307086613" HPOS="1894.4881889763778" CONTENT="de" ID="r1l4_6" STYLEREFS="FONT0"/>
            <SP HEIGHT="133.85826771653544" WIDTH="39.37007874015748" VPOS="1165.3543307086613" HPOS="2129.1338582677167"/>
            <String HEIGHT="133.85826771653544" WIDTH="155.90551181102362" VPOS="1165.3543307086613" HPOS="1973.2283464566929" CONTENT="la" ID="r1l4_7" STYLEREFS="FONT0"/>
          </TextLine>
          <TextLine ID="r1l5" BASELINE="908" HEIGHT="122.83464566929133" WIDTH="1239.3700787401574" VPOS="1307.0866141732283" HPOS="773.2283464566929">
            <String HEIGHT="122.83464566929133" WIDTH="348.0314960629921" VPOS="1307.0866141732283" HPOS="733.8582677165355" CONTENT="ville" ID="r1l5_1" STYLEREFS="FONT0"/>
            <SP HEIGHT="122.83464566929133" WIDTH="39.37007874015748" VPOS="1307.0866141732283" HPOS="1083.4645669291338"/>
            <String HEIGHT="122.83464566929133" WIDTH="233.0708661417323" VPOS="1307.0866141732283" HPOS="966.9291338582677" CONTENT="de" ID="r1l5_2" STYLEREFS="FONT0"/>
            <SP HEIGHT="122.83464566929133" WIDTH="39.37007874015748" VPOS="1307.0866141732283" HPOS="1200.0"/>
            <String HEIGHT="122.83464566929133" WIDTH="387.40157480314963" VPOS="1307.0866141732283" HPOS="1083.4645669291338" CONTENT="Capoue" ID="r1l5_3" STYLEREFS="FONT0"/>
            <SP HEIGHT="122.83464566929133" WIDTH="39.37007874015748" VPOS="1307.0866141732283" HPOS="1470.8661417322835"/>
            <String HEIGHT="122.83464566929133" WIDTH="348.0314960629921" VPOS="1307.0866141732283" HPOS="1354.3307086614172" CONTENT="(mine" ID="r1l5_4" STYLEREFS="FONT0"/>
            <SP HEIGHT="122.83464566929133" WIDTH="39.37007874015748" VPOS="1307.0866141732283" HPOS="1702.3622047244094"/>
            <String HEIGHT="122.83464566929133" WIDTH="233.0708661417323" VPOS="1307.0866141732283" HPOS="1585.8267716535433" CONTENT="de" ID="r1l5_5" STYLEREFS="FONT0"/>
            <SP HEIGHT="122.83464566929133" WIDTH="39.37007874015748" VPOS="1307.0866141732283" HPOS="1818.8976377952756"/>
            <String HEIGHT="122.83464566929133" WIDTH="348.0314960629921" VPOS="1307.0866141732283" HPOS="1664.5669291338584" CONTENT="plomb)." ID="r1l5_6" STYLEREFS="FONT0"/>
          </TextLine>
          <TextLine ID="r1l6" BASELINE="1016" HEIGHT="151.1811023622047" WIDTH="1647.244094488189" VPOS="1448.8188976377953" HPOS="480.31496062992125">
            <String HEIGHT="151.1811023622047" WIDTH="292.9133858267717" VPOS="1448.8188976377953" HPOS="444.09448818897636" CONTENT="333." ID="r1l6_1" STYLEREFS="FONT0"/>
            <SP HEIGHT="151.1811023622047" WIDTH="36.22047244094488" VPOS="1448.8188976377953" HPOS="737.007874015748"/>
            <String HEIGHT="151.1811023622047" WIDTH="365.3543307086614" VPOS="1448.8188976377953" HPOS="626.7716535433071" CONTENT="Ruines" ID="r1l6_2" STYLEREFS="FONT0"/>
            <SP HEIGHT="151.1811023622047" WIDTH="36.22047244094488" VPOS="1448.8188976377953" HPOS="992.1259842519685"/>
            <String HEIGHT="151.1811023622047" WIDTH="218.89763779527559" VPOS="1448.8188976377953" HPOS="883.4645669291339" CONTENT="du" ID="r1l6_3" STYLEREFS="FONT0"/>
            <SP HEIGHT="151.1811023622047" WIDTH="36.22047244094488" VPOS="1448.8188976377953" HPOS="1102.3622047244094"/>
            <String HEIGHT="151.1811023622047" WIDTH="365.3543307086614" VPOS="1448.8188976377953" HPOS="992.1259842519685" CONTENT="Palais" ID="r1l6_4" STYLEREFS="FONT0"/>
            <SP HEIGHT="151.1811023622047" WIDTH="36.22047244094488" VPOS="1448.8188976377953" HPOS="1359.0551181102362"/>
            <String HEIGHT="151.1811023622047" WIDTH="256.6929133858268" VPOS="1448.8188976377953" HPOS="1248.8188976377953" CONTENT="des" ID="r1l6_5" STYLEREFS="FONT0"/>
            <SP HEIGHT="151.1811023622047" WIDTH="36.22047244094488" VPOS="1448.8188976377953" HPOS="1505.5118110236222"/>
            <String HEIGHT="151.1811023622047" WIDTH="403.1496062992126" VPOS="1448.8188976377953" HPOS="1395.275590551181" CONTENT="Césars," ID="r1l6_6" STYLEREFS="FONT0"/>
            <SP HEIGHT="151.1811023622047" WIDTH="36.22047244094488" VPOS="1448.8188976377953" HPOS="1798.4251968503936"/>
            <String HEIGHT="151.1811023622047" WIDTH="256.6929133858268" VPOS="1448.8188976377953" HPOS="1688.1889763779527" CONTENT="sur" ID="r1l6_7" STYLEREFS="FONT0"/>
            <SP HEIGHT="151.1811023622047" WIDTH="36.22047244094488" VPOS="1448.8188976377953" HPOS="1944.8818897637796"/>
            <String HEIGHT="151.1811023622047" WIDTH="218.89763779527559" VPOS="1448.8188976377953" HPOS="1834.6456692913387" CONTENT="le" ID="r1l6_8" STYLEREFS="FONT0"/>
            <SP HEIGHT="151.1811023622047" WIDTH="36.22047244094488" VPOS="1448.8188976377953" HPOS="2055.1181102362207"/>
            <String HEIGHT="151.1811023622047" WIDTH="218.89763779527559" VPOS="1448.8188976377953" HPOS="1908.6614173228347" CONTENT="mont" ID="r1l6_9" STYLEREFS="FONT0"/>
          </TextLine>
          <TextLine ID="r1l7" BASELINE="1063" HEIGHT="97.63779527559055" WIDTH="1229.9212598425197" VPOS="1576.3779527559054" HPOS="774.8031496062993">
            <String HEIGHT="97.63779527559055" WIDTH="461.4173228346457" VPOS="1576.3779527559054" HPOS="737.007874015748" CONTENT="Palatin," ID="r1l7_1" STYLEREFS="FONT0"/>
            <SP HEIGHT="97.63779527559055" WIDTH="37.79527559055118" VPOS="1576.3779527559054" HPOS="1196.8503937007874"/>
            <String HEIGHT="97.63779527559055" WIDTH="192.1259842519685" VPOS="1576.3779527559054" HPOS="1081.8897637795276" CONTENT="à" ID="r1l7_2" STYLEREFS="FONT0"/>
            <SP HEIGHT="97.63779527559055" WIDTH="37.79527559055118" VPOS="1576.3779527559054" HPOS="1274.015748031496"/>
            <String HEIGHT="97.63779527559055" WIDTH="307.0866141732283" VPOS="1576.3779527559054" HPOS="1159.0551181102362" CONTENT="Rome" ID="r1l7_3" STYLEREFS="FONT0"/>
            <SP HEIGHT="97.63779527559055" WIDTH="37.79527559055118" VPOS="1576.3779527559054" HPOS="1466.1417322834645"/>
            <String HEIGHT="97.63779527559055" WIDTH="346.45669291338584" VPOS="1576.3779527559054" HPOS="1351.1811023622047" CONTENT="(mine" ID="r1l7_4" STYLEREFS="FONT0"/>
            <SP HEIGHT="97.63779527559055" WIDTH="37.79527559055118" VPOS="1576.3779527559054" HPOS="1697.6377952755906"/>
            <String HEIGHT="97.63779527559055" WIDTH="229.92125984251967" VPOS="1576.3779527559054" HPOS="1582.6771653543308" CONTENT="de" ID="r1l7_5" STYLEREFS="FONT0"/>
            <SP HEIGHT="97.63779527559055" WIDTH="37.79527559055118" VPOS="1576.3779527559054" HPOS="1812.5984251968505"/>
            <String HEIGHT="97.63779527559055" WIDTH="346.45669291338584" VPOS="1576.3779527559054" HPOS="1658.267716535433" CONTENT="plomb)." ID="r1l7_6" STYLEREFS="FONT0"/>
          </TextLine>
          <TextLine ID="r1l8" BASELINE="1189" HEIGHT="133.85826771653544" WIDTH="1666.1417322834645" VPOS="1738.5826771653544" HPOS="474.01574803149606">
            <String HEIGHT="133.85826771653544" WIDTH="314.96062992125985" VPOS="1738.5826771653544" HPOS="428.34645669291336" CONTENT="334" ID="r1l8_1" STYLEREFS="FONT0"/>
            <SP HEIGHT="133.85826771653544" WIDTH="45.669291338582674" VPOS="1738.5826771653544" HPOS="744.8818897637796"/>
            <String HEIGHT="133.85826771653544" WIDTH="404.7244094488189" VPOS="1738.5826771653544" HPOS="609.4488188976378" CONTENT="Autre" ID="r1l8_2" STYLEREFS="FONT0"/>
            <SP HEIGHT="133.85826771653544" WIDTH="45.669291338582674" VPOS="1738.5826771653544" HPOS="1014.1732283464567"/>
            <String HEIGHT="133.85826771653544" WIDTH="314.96062992125985" VPOS="1738.5826771653544" HPOS="878.7401574803149" CONTENT="vue" ID="r1l8_3" STYLEREFS="FONT0"/>
            <SP HEIGHT="133.85826771653544" WIDTH="45.669291338582674" VPOS="1738.5826771653544" HPOS="1195.275590551181"/>
            <String HEIGHT="133.85826771653544" WIDTH="270.86614173228344" VPOS="1738.5826771653544" HPOS="1059.8425196850394" CONTENT="du" ID="r1l8_4" STYLEREFS="FONT0"/>
            <SP HEIGHT="133.85826771653544" WIDTH="45.669291338582674" VPOS="1738.5826771653544" HPOS="1329.1338582677165"/>
            <String HEIGHT="133.85826771653544" WIDTH="360.62992125984255" VPOS="1738.5826771653544" HPOS="1195.275590551181" CONTENT="même" ID="r1l8_5" STYLEREFS="FONT0"/>
            <SP HEIGHT="133.85826771653544" WIDTH="45.669291338582674" VPOS="1738.5826771653544" HPOS="1554.3307086614172"/>
            <String HEIGHT="133.85826771653544" WIDTH="450.3937007874016" VPOS="1738.5826771653544" HPOS="1418.8976377952756" CONTENT="Palais" ID="r1l8_6" STYLEREFS="FONT0"/>
            <SP HEIGHT="133.85826771653544" WIDTH="45.669291338582674" VPOS="1738.5826771653544" HPOS="1869.291338582677"/>
            <String HEIGHT="133.85826771653544" WIDTH="404.7244094488189" VPOS="1738.5826771653544" HPOS="1735.4330708661416" CONTENT="(mine" ID="r1l8_7" STYLEREFS="FONT0"/>
            <SP HEIGHT="133.85826771653544" WIDTH="45.669291338582674" VPOS="1738.5826771653544" HPOS="2140.1574803149606"/>
            <String HEIGHT="133.85826771653544" WIDTH="179.5275590551181" VPOS="1738.5826771653544" HPOS="1960.6299212598426" CONTENT="de" ID="r1l8_8" STYLEREFS="FONT0"/>
          </TextLine>
          <TextLine ID="r1l9" BASELINE="1281" HEIGHT="166.9291338582677" WIDTH="294.48818897637796" VPOS="1850.3937007874015" HPOS="801.5748031496063">
            <String HEIGHT="166.9291338582677" WIDTH="377.9527559055118" VPOS="1850.3937007874015" HPOS="718.1102362204724" CONTENT="plomb)." ID="r1l9_1" STYLEREFS="FONT0"/>
          </TextLine>
          <TextLine ID="r1l10" BASELINE="1350" HEIGHT="103.93700787401575" WIDTH="1644.0944881889764" VPOS="2022.0472440944882" HPOS="480.31496062992125">
            <String HEIGHT="103.93700787401575" WIDTH="313.38582677165357" VPOS="2022.0472440944882" HPOS="440.9448818897638" CONTENT="335." ID="r1l10_1" STYLEREFS="FONT0"/>
            <SP HEIGHT="103.93700787401575" WIDTH="39.37007874015748" VPOS="2022.0472440944882" HPOS="754.3307086614174"/>
            <String HEIGHT="103.93700787401575" WIDTH="234.64566929133858" VPOS="2022.0472440944882" HPOS="636.2204724409448" CONTENT="Le" ID="r1l10_2" STYLEREFS="FONT0"/>
            <SP HEIGHT="103.93700787401575" WIDTH="39.37007874015748" VPOS="2022.0472440944882" HPOS="872.4409448818898"/>
            <String HEIGHT="103.93700787401575" WIDTH="429.9212598425197" VPOS="2022.0472440944882" HPOS="754.3307086614174" CONTENT="Tombeau" ID="r1l10_3" STYLEREFS="FONT0"/>
            <SP HEIGHT="103.93700787401575" WIDTH="39.37007874015748" VPOS="2022.0472440944882" HPOS="1184.251968503937"/>
            <String HEIGHT="103.93700787401575" WIDTH="234.64566929133858" VPOS="2022.0472440944882" HPOS="1067.716535433071" CONTENT="de" ID="r1l10_4" STYLEREFS="FONT0"/>
            <SP HEIGHT="103.93700787401575" WIDTH="39.37007874015748" VPOS="2022.0472440944882" HPOS="1302.3622047244094"/>
            <String HEIGHT="103.93700787401575" WIDTH="429.9212598425197" VPOS="2022.0472440944882" HPOS="1184.251968503937" CONTENT="Cécilia" ID="r1l10_5" STYLEREFS="FONT0"/>
            <SP HEIGHT="103.93700787401575" WIDTH="39.37007874015748" VPOS="2022.0472440944882" HPOS="1615.748031496063"/>
            <String HEIGHT="103.93700787401575" WIDTH="469.29133858267716" VPOS="2022.0472440944882" HPOS="1497.6377952755906" CONTENT="Metella," ID="r1l10_6" STYLEREFS="FONT0"/>
            <SP HEIGHT="103.93700787401575" WIDTH="39.37007874015748" VPOS="2022.0472440944882" HPOS="1968.5039370078741"/>
            <String HEIGHT="103.93700787401575" WIDTH="195.2755905511811" VPOS="2022.0472440944882" HPOS="1850.3937007874015" CONTENT="à" ID="r1l10_7" STYLEREFS="FONT0"/>
            <SP HEIGHT="103.93700787401575" WIDTH="39.37007874015748" VPOS="2022.0472440944882" HPOS="2045.6692913385828"/>
            <String HEIGHT="103.93700787401575" WIDTH="234.64566929133858" VPOS="2022.0472440944882" HPOS="1889.763779527559" CONTENT="Rome" ID="r1l10_8" STYLEREFS="FONT0"/>
          </TextLine>
          <TextLine ID="r1l11" BASELINE="1426" HEIGHT="121.25984251968504" WIDTH="612.5984251968504" VPOS="2124.4094488188975" HPOS="798.4251968503937">
            <String HEIGHT="121.25984251968504" WIDTH="344.88188976377955" VPOS="2124.4094488188975" HPOS="760.6299212598425" CONTENT="(mine" ID="r1l11_1" STYLEREFS="FONT0"/>
            <SP HEIGHT="121.25984251968504" WIDTH="37.79527559055118" VPOS="2124.4094488188975" HPOS="1105.5118110236222"/>
            <String HEIGHT="121.25984251968504" WIDTH="229.92125984251967" VPOS="2124.4094488188975" HPOS="990.5511811023622" CONTENT="de" ID="r1l11_2" STYLEREFS="FONT0"/>
            <SP HEIGHT="121.25984251968504" WIDTH="37.79527559055118" VPOS="2124.4094488188975" HPOS="1218.8976377952756"/>
            <String HEIGHT="121.25984251968504" WIDTH="344.88188976377955" VPOS="2124.4094488188975" HPOS="1066.1417322834645" CONTENT="plomb)." ID="r1l11_3" STYLEREFS="FONT0"/>
          </TextLine>
          <TextLine ID="r1l12" BASELINE="1526" HEIGHT="135.43307086614172" WIDTH="1633.0708661417323" VPOS="2267.716535433071" HPOS="496.06299212598424">
            <String HEIGHT="135.43307086614172" WIDTH="311.81102362204723" VPOS="2267.716535433071" HPOS="456.6929133858268" CONTENT="336." ID="r1l12_1" STYLEREFS="FONT0"/>
            <SP HEIGHT="135.43307086614172" WIDTH="39.37007874015748" VPOS="2267.716535433071" HPOS="768.503937007874"/>
            <String HEIGHT="135.43307086614172" WIDTH="544.8818897637796" VPOS="2267.716535433071" HPOS="651.9685039370079" CONTENT="L’Acqueduc" ID="r1l12_2" STYLEREFS="FONT0"/>
            <SP HEIGHT="135.43307086614172" WIDTH="39.37007874015748" VPOS="2267.716535433071" HPOS="1195.275590551181"/>
            <String HEIGHT="135.43307086614172" WIDTH="505.51181102362204" VPOS="2267.716535433071" HPOS="1078.740157480315" CONTENT="Claudien," ID="r1l12_3" STYLEREFS="FONT0"/>
            <SP HEIGHT="135.43307086614172" WIDTH="39.37007874015748" VPOS="2267.716535433071" HPOS="1584.251968503937"/>
            <String HEIGHT="135.43307086614172" WIDTH="193.70078740157481" VPOS="2267.716535433071" HPOS="1467.716535433071" CONTENT="à" ID="r1l12_4" STYLEREFS="FONT0"/>
            <SP HEIGHT="135.43307086614172" WIDTH="39.37007874015748" VPOS="2267.716535433071" HPOS="1662.992125984252"/>
            <String HEIGHT="135.43307086614172" WIDTH="349.6062992125984" VPOS="2267.716535433071" HPOS="1546.4566929133857" CONTENT="Porta" ID="r1l12_5" STYLEREFS="FONT0"/>
            <SP HEIGHT="135.43307086614172" WIDTH="39.37007874015748" VPOS="2267.716535433071" HPOS="1896.0629921259842"/>
            <String HEIGHT="135.43307086614172" WIDTH="388.9763779527559" VPOS="2267.716535433071" HPOS="1740.1574803149606" CONTENT="Maggione" ID="r1l12_6" STYLEREFS="FONT0"/>
          </TextLine>
          <TextLine ID="r1l13" BASELINE="1614" HEIGHT="149.60629921259843" WIDTH="636.2204724409448" VPOS="2392.1259842519685" HPOS="800.0">
            <String HEIGHT="149.60629921259843" WIDTH="357.4803149606299" VPOS="2392.1259842519685" HPOS="760.6299212598425" CONTENT="(mine" ID="r1l13_1" STYLEREFS="FONT0"/>
            <SP HEIGHT="149.60629921259843" WIDTH="39.37007874015748" VPOS="2392.1259842519685" HPOS="1118.1102362204724"/>
            <String HEIGHT="149.60629921259843" WIDTH="239.37007874015748" VPOS="2392.1259842519685" HPOS="998.4251968503937" CONTENT="de" ID="r1l13_2" STYLEREFS="FONT0"/>
            <SP HEIGHT="149.60629921259843" WIDTH="39.37007874015748" VPOS="2392.1259842519685" HPOS="1237.7952755905512"/>
            <String HEIGHT="149.60629921259843" WIDTH="357.4803149606299" VPOS="2392.1259842519685" HPOS="1078.740157480315" CONTENT="plomb)." ID="r1l13_3" STYLEREFS="FONT0"/>
          </TextLine>
          <TextLine ID="r1l14" BASELINE="1702" HEIGHT="140.15748031496062" WIDTH="1659.8425196850394" VPOS="2540.1574803149606" HPOS="496.06299212598424">
            <String HEIGHT="140.15748031496062" WIDTH="324.40944881889766" VPOS="2540.1574803149606" HPOS="455.11811023622045" CONTENT="337." ID="r1l14_1" STYLEREFS="FONT0"/>
            <SP HEIGHT="140.15748031496062" WIDTH="40.94488188976378" VPOS="2540.1574803149606" HPOS="779.5275590551181"/>
            <String HEIGHT="140.15748031496062" WIDTH="242.51968503937007" VPOS="2540.1574803149606" HPOS="658.2677165354331" CONTENT="La" ID="r1l14_2" STYLEREFS="FONT0"/>
            <SP HEIGHT="140.15748031496062" WIDTH="40.94488188976378" VPOS="2540.1574803149606" HPOS="900.7874015748032"/>
            <String HEIGHT="140.15748031496062" WIDTH="485.03937007874015" VPOS="2540.1574803149606" HPOS="779.5275590551181" CONTENT="Fontaine" ID="r1l14_3" STYLEREFS="FONT0"/>
            <SP HEIGHT="140.15748031496062" WIDTH="40.94488188976378" VPOS="2540.1574803149606" HPOS="1264.5669291338584"/>
            <String HEIGHT="140.15748031496062" WIDTH="242.51968503937007" VPOS="2540.1574803149606" HPOS="1143.3070866141732" CONTENT="de" ID="r1l14_4" STYLEREFS="FONT0"/>
            <SP HEIGHT="140.15748031496062" WIDTH="40.94488188976378" VPOS="2540.1574803149606" HPOS="1387.4015748031495"/>
            <String HEIGHT="140.15748031496062" WIDTH="445.6692913385827" VPOS="2540.1574803149606" HPOS="1264.5669291338584" CONTENT="l’Acqua" ID="r1l14_5" STYLEREFS="FONT0"/>
            <SP HEIGHT="140.15748031496062" WIDTH="40.94488188976378" VPOS="2540.1574803149606" HPOS="1710.236220472441"/>
            <String HEIGHT="140.15748031496062" WIDTH="404.7244094488189" VPOS="2540.1574803149606" HPOS="1588.976377952756" CONTENT="Paolo," ID="r1l14_6" STYLEREFS="FONT0"/>
            <SP HEIGHT="140.15748031496062" WIDTH="40.94488188976378" VPOS="2540.1574803149606" HPOS="1993.7007874015749"/>
            <String HEIGHT="140.15748031496062" WIDTH="283.46456692913387" VPOS="2540.1574803149606" HPOS="1872.4409448818897" CONTENT="sur" ID="r1l14_7" STYLEREFS="FONT0"/>
            <SP HEIGHT="140.15748031496062" WIDTH="40.94488188976378" VPOS="2540.1574803149606" HPOS="2155.9055118110236"/>
            <String HEIGHT="140.15748031496062" WIDTH="162.20472440944883" VPOS="2540.1574803149606" HPOS="1993.7007874015749" CONTENT="le" ID="r1l14_8" STYLEREFS="FONT0"/>
          </TextLine>
          <TextLine ID="r1l15" BASELINE="1788" HEIGHT="135.43307086614172" WIDTH="1088.1889763779527" VPOS="2680.314960629921" HPOS="788.9763779527559">
            <String HEIGHT="135.43307086614172" WIDTH="522.8346456692914" VPOS="2680.314960629921" HPOS="744.8818897637796" CONTENT="Janicule" ID="r1l15_1" STYLEREFS="FONT0"/>
            <SP HEIGHT="135.43307086614172" WIDTH="44.09448818897638" VPOS="2680.314960629921" HPOS="1267.716535433071"/>
            <String HEIGHT="135.43307086614172" WIDTH="392.12598425196853" VPOS="2680.314960629921" HPOS="1137.007874015748" CONTENT="(mine" ID="r1l15_2" STYLEREFS="FONT0"/>
            <SP HEIGHT="135.43307086614172" WIDTH="44.09448818897638" VPOS="2680.314960629921" HPOS="1529.1338582677165"/>
            <String HEIGHT="135.43307086614172" WIDTH="261.4173228346457" VPOS="2680.314960629921" HPOS="1398.4251968503936" CONTENT="de" ID="r1l15_3" STYLEREFS="FONT0"/>
            <SP HEIGHT="135.43307086614172" WIDTH="44.09448818897638" VPOS="2680.314960629921" HPOS="1659.8425196850394"/>
            <String HEIGHT="135.43307086614172" WIDTH="392.12598425196853" VPOS="2680.314960629921" HPOS="1485.0393700787401" CONTENT="plomb)." ID="r1l15_4" STYLEREFS="FONT0"/>
          </TextLine>
          <TextLine ID="r1l16" BASELINE="1885" HEIGHT="173.22834645669292" WIDTH="1650.3937007874015" VPOS="2795.2755905511813" HPOS="499.21259842519686">
            <String HEIGHT="173.22834645669292" WIDTH="338.5826771653543" VPOS="2795.2755905511813" HPOS="456.6929133858268" CONTENT="338." ID="r1l16_1" STYLEREFS="FONT0"/>
            <SP HEIGHT="173.22834645669292" WIDTH="42.51968503937008" VPOS="2795.2755905511813" HPOS="795.2755905511812"/>
            <String HEIGHT="173.22834645669292" WIDTH="296.06299212598424" VPOS="2795.2755905511813" HPOS="667.7165354330708" CONTENT="Les" ID="r1l16_2" STYLEREFS="FONT0"/>
            <SP HEIGHT="173.22834645669292" WIDTH="42.51968503937008" VPOS="2795.2755905511813" HPOS="965.3543307086615"/>
            <String HEIGHT="173.22834645669292" WIDTH="423.62204724409446" VPOS="2795.2755905511813" HPOS="837.7952755905512" CONTENT="Ruines" ID="r1l16_3" STYLEREFS="FONT0"/>
            <SP HEIGHT="173.22834645669292" WIDTH="42.51968503937008" VPOS="2795.2755905511813" HPOS="1261.4173228346456"/>
            <String HEIGHT="173.22834645669292" WIDTH="253.54330708661416" VPOS="2795.2755905511813" HPOS="1133.8582677165355" CONTENT="du" ID="r1l16_4" STYLEREFS="FONT0"/>
            <SP HEIGHT="173.22834645669292" WIDTH="42.51968503937008" VPOS="2795.2755905511813" HPOS="1387.4015748031495"/>
            <String HEIGHT="173.22834645669292" WIDTH="423.62204724409446" VPOS="2795.2755905511813" HPOS="1261.4173228346456" CONTENT="Temple" ID="r1l16_5" STYLEREFS="FONT0"/>
            <SP HEIGHT="173.22834645669292" WIDTH="42.51968503937008" VPOS="2795.2755905511813" HPOS="1683.4645669291338"/>
            <String HEIGHT="173.22834645669292" WIDTH="592.1259842519685" VPOS="2795.2755905511813" HPOS="1557.4803149606298" CONTENT="d’Antonnin" ID="r1l16_6" STYLEREFS="FONT0"/>
            <SP HEIGHT="173.22834645669292" WIDTH="42.51968503937008" VPOS="2795.2755905511813" HPOS="2149.6062992125985"/>
            <String HEIGHT="173.22834645669292" WIDTH="168.50393700787401" VPOS="2795.2755905511813" HPOS="1981.1023622047244" CONTENT="et" ID="r1l16_7" STYLEREFS="FONT0"/>
          </TextLine>
          <TextLine ID="r1l17" BASELINE="1968" HEIGHT="163.7795275590551" WIDTH="1332.283464566929" VPOS="2935.433070866142" HPOS="812.5984251968504">
            <String HEIGHT="163.7795275590551" WIDTH="524.4094488188977" VPOS="2935.433070866142" HPOS="771.6535433070866" CONTENT="Faustine," ID="r1l17_1" STYLEREFS="FONT0"/>
            <SP HEIGHT="163.7795275590551" WIDTH="40.94488188976378" VPOS="2935.433070866142" HPOS="1297.6377952755906"/>
            <String HEIGHT="163.7795275590551" WIDTH="201.5748031496063" VPOS="2935.433070866142" HPOS="1176.3779527559054" CONTENT="à" ID="r1l17_2" STYLEREFS="FONT0"/>
            <SP HEIGHT="163.7795275590551" WIDTH="40.94488188976378" VPOS="2935.433070866142" HPOS="1377.9527559055118"/>
            <String HEIGHT="163.7795275590551" WIDTH="645.6692913385826" VPOS="2935.433070866142" HPOS="1256.6929133858268" CONTENT="Campo-Valino" ID="r1l17_3" STYLEREFS="FONT0"/>
            <SP HEIGHT="163.7795275590551" WIDTH="40.94488188976378" VPOS="2935.433070866142" HPOS="1902.3622047244094"/>
            <String HEIGHT="163.7795275590551" WIDTH="363.7795275590551" VPOS="2935.433070866142" HPOS="1781.1023622047244" CONTENT="(mine" ID="r1l17_4" STYLEREFS="FONT0"/>
            <SP HEIGHT="163.7795275590551" WIDTH="40.94488188976378" VPOS="2935.433070866142" HPOS="2144.8818897637793"/>
            <String HEIGHT="163.7795275590551" WIDTH="162.20472440944883" VPOS="2935.433070866142" HPOS="1982.6771653543308" CONTENT="de" ID="r1l17_5" STYLEREFS="FONT0"/>
          </TextLine>
          <TextLine ID="r1l18" BASELINE="2033" HEIGHT="118.11023622047244" WIDTH="302.3622047244094" VPOS="3083.464566929134" HPOS="801.5748031496063">
            <String HEIGHT="118.11023622047244" WIDTH="388.9763779527559" VPOS="3083.464566929134" HPOS="714.9606299212599" CONTENT="plomb)." ID="r1l18_1" STYLEREFS="FONT0"/>
          </TextLine>
          <TextLine ID="r1l19" BASELINE="2229" HEIGHT="192.1259842519685" WIDTH="1000.0" VPOS="3318.1102362204724" HPOS="847.2440944881889">
            <String HEIGHT="192.1259842519685" WIDTH="500.78740157480314" VPOS="3318.1102362204724" HPOS="796.8503937007874" CONTENT="WAGNER" ID="r1l19_1" STYLEREFS="FONT0"/>
            <SP HEIGHT="192.1259842519685" WIDTH="50.39370078740158" VPOS="3318.1102362204724" HPOS="1297.6377952755906"/>
            <String HEIGHT="192.1259842519685" WIDTH="450.3937007874016" VPOS="3318.1102362204724" HPOS="1148.0314960629921" CONTENT="(Mlle" ID="r1l19_2" STYLEREFS="FONT0"/>
            <SP HEIGHT="192.1259842519685" WIDTH="50.39370078740158" VPOS="3318.1102362204724" HPOS="1596.8503937007874"/>
            <String HEIGHT="192.1259842519685" WIDTH="450.3937007874016" VPOS="3318.1102362204724" HPOS="1396.8503937007874" CONTENT="ELISE)," ID="r1l19_3" STYLEREFS="FONT0"/>
          </TextLine>
          <TextLine ID="r1l20" BASELINE="2290" HEIGHT="102.36220472440945" WIDTH="729.1338582677165" VPOS="3503.9370078740158" HPOS="977.9527559055118">
            <String HEIGHT="102.36220472440945" WIDTH="146.45669291338584" VPOS="3503.9370078740158" HPOS="954.3307086614174" CONTENT="7," ID="r1l20_1" STYLEREFS="FONT0"/>
            <SP HEIGHT="102.36220472440945" WIDTH="23.62204724409449" VPOS="3503.9370078740158" HPOS="1099.2125984251968"/>
            <String HEIGHT="102.36220472440945" WIDTH="218.89763779527559" VPOS="3503.9370078740158" HPOS="1026.7716535433071" CONTENT="place" ID="r1l20_2" STYLEREFS="FONT0"/>
            <SP HEIGHT="102.36220472440945" WIDTH="23.62204724409449" VPOS="3503.9370078740158" HPOS="1245.6692913385828"/>
            <String HEIGHT="102.36220472440945" WIDTH="170.07874015748033" VPOS="3503.9370078740158" HPOS="1171.6535433070867" CONTENT="des" ID="r1l20_3" STYLEREFS="FONT0"/>
            <SP HEIGHT="102.36220472440945" WIDTH="23.62204724409449" VPOS="3503.9370078740158" HPOS="1343.3070866141732"/>
            <String HEIGHT="102.36220472440945" WIDTH="365.3543307086614" VPOS="3503.9370078740158" HPOS="1269.291338582677" CONTENT="Cordeliers," ID="r1l20_4" STYLEREFS="FONT0"/>
            <SP HEIGHT="102.36220472440945" WIDTH="23.62204724409449" VPOS="3503.9370078740158" HPOS="1634.6456692913387"/>
            <String HEIGHT="102.36220472440945" WIDTH="170.07874015748033" VPOS="3503.9370078740158" HPOS="1537.007874015748" CONTENT="Lyon." ID="r1l20_5" STYLEREFS="FONT0"/>
          </TextLine>
          <TextLine ID="r1l21" BASELINE="2378" HEIGHT="111.81102362204724" WIDTH="1099.2125984251968" VPOS="3633.0708661417325" HPOS="522.8346456692914">
            <String HEIGHT="111.81102362204724" WIDTH="283.46456692913387" VPOS="3633.0708661417325" HPOS="486.61417322834643" CONTENT="339." ID="r1l21_1" STYLEREFS="FONT0"/>
            <SP HEIGHT="111.81102362204724" WIDTH="36.22047244094488" VPOS="3633.0708661417325" HPOS="771.6535433070866"/>
            <String HEIGHT="111.81102362204724" WIDTH="425.1968503937008" VPOS="3633.0708661417325" HPOS="664.5669291338583" CONTENT="Récolte," ID="r1l21_2" STYLEREFS="FONT0"/>
            <SP HEIGHT="111.81102362204724" WIDTH="36.22047244094488" VPOS="3633.0708661417325" HPOS="1089.763779527559"/>
            <String HEIGHT="111.81102362204724" WIDTH="354.3307086614173" VPOS="3633.0708661417325" HPOS="984.2519685039371" CONTENT="Fleurs" ID="r1l21_3" STYLEREFS="FONT0"/>
            <SP HEIGHT="111.81102362204724" WIDTH="36.22047244094488" VPOS="3633.0708661417325" HPOS="1338.5826771653544"/>
            <String HEIGHT="111.81102362204724" WIDTH="212.5984251968504" VPOS="3633.0708661417325" HPOS="1231.4960629921259" CONTENT="et" ID="r1l21_4" STYLEREFS="FONT0"/>
            <SP HEIGHT="111.81102362204724" WIDTH="36.22047244094488" VPOS="3633.0708661417325" HPOS="1444.0944881889764"/>
            <String HEIGHT="111.81102362204724" WIDTH="319.68503937007875" VPOS="3633.0708661417325" HPOS="1302.3622047244094" CONTENT="Fruits." ID="r1l21_5" STYLEREFS="FONT0"/>
          </TextLine>
          <TextLine ID="r1l22" BASELINE="2469" HEIGHT="154.33070866141733" WIDTH="1023.6220472440945" VPOS="3733.8582677165355" HPOS="510.23622047244095">
            <String HEIGHT="154.33070866141733" WIDTH="327.5590551181102" VPOS="3733.8582677165355" HPOS="469.29133858267716" CONTENT="340." ID="r1l22_1" STYLEREFS="FONT0"/>
            <SP HEIGHT="154.33070866141733" WIDTH="40.94488188976378" VPOS="3733.8582677165355" HPOS="796.8503937007874"/>
            <String HEIGHT="154.33070866141733" WIDTH="409.4488188976378" VPOS="3733.8582677165355" HPOS="674.0157480314961" CONTENT="Groupe" ID="r1l22_2" STYLEREFS="FONT0"/>
            <SP HEIGHT="154.33070866141733" WIDTH="40.94488188976378" VPOS="3733.8582677165355" HPOS="1083.4645669291338"/>
            <String HEIGHT="154.33070866141733" WIDTH="245.66929133858267" VPOS="3733.8582677165355" HPOS="960.6299212598425" CONTENT="de" ID="r1l22_3" STYLEREFS="FONT0"/>
            <SP HEIGHT="154.33070866141733" WIDTH="40.94488188976378" VPOS="3733.8582677165355" HPOS="1206.2992125984251"/>
            <String HEIGHT="154.33070866141733" WIDTH="491.33858267716533" VPOS="3733.8582677165355" HPOS="1042.5196850393702" CONTENT="Nénuphars." ID="r1l22_4" STYLEREFS="FONT0"/>
          </TextLine>
        </TextBlock>
      </PrintSpace>
    </Page>
  </Layout>
</alto>
