2933.8582677165355 4781.102362204724
1059.8425196850394 600.0 382.6771653543307 107.08661417322834 DESSINS.

2061.417322834646 615.7480314960629 198.4251968503937 118.11023622047244 97

481.8897637795276 749.6062992125984 322.8346456692913 135.43307086614172 MARC
683.4645669291339 749.6062992125984 322.8346456692913 135.43307086614172 (Mme
885.0393700787401 749.6062992125984 483.46456692913387 135.43307086614172 Emélie),
1247.244094488189 749.6062992125984 281.8897637795276 135.43307086614172 née
1409.4488188976377 749.6062992125984 240.9448818897638 135.43307086614172 au
1489.763779527559 749.6062992125984 765.3543307086615 135.43307086614172 Mesnil

546.4566929133858 856.6929133858267 815.7480314960629 116.53543307086615 (Seine-Inférieure).
1256.6929133858268 856.6929133858267 177.95275590551182 116.53543307086615 —
1327.5590551181103 856.6929133858267 248.8188976377953 116.53543307086615 Rue
1469.291338582677 856.6929133858267 248.8188976377953 116.53543307086615 des
1611.023622047244 856.6929133858267 603.1496062992126 116.53543307086615 Bons-Enfants,
2070.8661417322833 856.6929133858267 177.95275590551182 116.53543307086615 99,

503.93700787401576 916.5354330708661 332.2834645669291 100.78740157480316 Rouen.

294.48818897637796 996.8503937007874 444.09448818897636 135.43307086614172 859
650.3937007874016 996.8503937007874 266.1417322834646 135.43307086614172 Bords
828.3464566929134 996.8503937007874 177.95275590551182 135.43307086614172 de
916.5354330708661 996.8503937007874 325.98425196850394 135.43307086614172 rivière
1154.3307086614172 996.8503937007874 177.95275590551182 135.43307086614172 au
1242.5196850393702 996.8503937007874 385.8267716535433 135.43307086614172 Vaudreuil
1538.5826771653544 996.8503937007874 296.06299212598424 135.43307086614172 (Eure)
1716.5354330708662 996.8503937007874 325.98425196850394 135.43307086614172 (fusain).

299.21259842519686 1152.755905511811 400.0 118.11023622047244 860
618.8976377952756 1152.755905511811 239.37007874015748 118.11023622047244 Après
779.5275590551181 1152.755905511811 292.9133858267717 118.11023622047244 l’orage
966.9291338582677 1152.755905511811 292.9133858267717 118.11023622047244 (fusain).

1406.2992125984251 1218.8976377952756 322.8346456692913 141.73228346456693 (Voir
1648.8188976377953 1218.8976377952756 133.85826771653544 141.73228346456693 à
1702.3622047244094 1218.8976377952756 160.62992125984252 141.73228346456693 la
1755.9055118110236 1218.8976377952756 429.9212598425197 141.73228346456693 Peinture)

485.03937007874015 1346.4566929133857 373.2283464566929 133.85826771653544 MARICAL
757.4803149606299 1346.4566929133857 305.51181102362204 133.85826771653544 (Mlle
960.6299212598425 1346.4566929133857 577.9527559055118 133.85826771653544 Berthe-Rose),
1436.2204724409448 1346.4566929133857 237.79527559055117 133.85826771653544 née
1573.2283464566929 1346.4566929133857 170.07874015748033 133.85826771653544 à
1640.9448818897638 1346.4566929133857 407.87401574803147 133.85826771653544 Lisieux,
1946.4566929133857 1346.4566929133857 305.51181102362204 133.85826771653544 élève
2116.535433070866 1346.4566929133857 135.43307086614172 133.85826771653544 de

549.6062992125984 1445.6692913385828 237.79527559055117 103.93700787401575 Mme
686.6141732283464 1445.6692913385828 204.7244094488189 103.93700787401575 de
788.9763779527559 1445.6692913385828 272.4409448818898 103.93700787401575 Cool
959.0551181102362 1445.6692913385828 204.7244094488189 103.93700787401575 et
1059.8425196850394 1445.6692913385828 204.7244094488189 103.93700787401575 de
1162.2047244094488 1445.6692913385828 204.7244094488189 103.93700787401575 M.
1264.5669291338584 1445.6692913385828 510.23622047244095 103.93700787401575 Giacomotti.
1672.4409448818897 1445.6692913385828 170.07874015748033 103.93700787401575 —
1740.1574803149606 1445.6692913385828 237.79527559055117 103.93700787401575 Rue
1875.5905511811025 1445.6692913385828 204.7244094488189 103.93700787401575 de
1944.8818897637796 1445.6692913385828 305.51181102362204 103.93700787401575 Lancry,

544.8818897637796 1503.9370078740158 233.0708661417323 113.38582677165354 57,
644.0944881889764 1503.9370078740158 266.1417322834646 113.38582677165354 Paris.

292.9133858267717 1600.0 415.748031496063 130.70866141732284 861
626.7716535433071 1600.0 332.2834645669291 130.70866141732284 Portrait
875.5905511811023 1600.0 166.9291338582677 130.70866141732284 de
959.0551181102362 1600.0 332.2834645669291 130.70866141732284 l’auteur
1181.1023622047244 1600.0 415.748031496063 130.70866141732284 (porcelaine).

475.59055118110234 1740.1574803149606 371.65354330708664 140.15748031496062 MARKS
722.8346456692914 1740.1574803149606 661.4173228346457 140.15748031496062 (Ferdinand),
1259.8425196850394 1740.1574803149606 247.24409448818898 140.15748031496062 né
1384.251968503937 1740.1574803149606 206.29921259842519 140.15748031496062 à
1466.1417322834645 1740.1574803149606 412.59842519685037 140.15748031496062 Bayeux
1714.9606299212599 1740.1574803149606 537.007874015748 140.15748031496062 (Calvados),

551.1811023622047 1844.0944881889764 302.3622047244094 85.03937007874016 élève
752.7559055118111 1844.0944881889764 201.5748031496063 85.03937007874016 de
853.5433070866142 1844.0944881889764 201.5748031496063 85.03937007874016 A.
954.3307086614174 1844.0944881889764 437.79527559055117 85.03937007874016 Dujardin.
1289.763779527559 1844.0944881889764 168.50393700787401 85.03937007874016 —
1357.4803149606298 1844.0944881889764 234.64566929133858 85.03937007874016 Rue
1491.3385826771653 1844.0944881889764 370.0787401574803 85.03937007874016 Müller,
1760.6299212598426 1844.0944881889764 234.64566929133858 85.03937007874016 28,
1861.4173228346456 1844.0944881889764 269.29133858267716 85.03937007874016 Paris.

289.76377952755905 1924.4094488188975 429.9212598425197 152.75590551181102 862
633.0708661417323 1924.4094488188975 200.0 152.75590551181102 Vue
748.0314960629921 1924.4094488188975 171.6535433070866 152.75590551181102 de
833.0708661417323 1924.4094488188975 343.3070866141732 152.75590551181102 Hollande
1062.992125984252 1924.4094488188975 400.0 152.75590551181102 (aquarelle).

1447.244094488189 2051.968503937008 305.51181102362204 116.53543307086615 (Voir
1675.5905511811025 2051.968503937008 127.55905511811024 116.53543307086615 à
1727.5590551181103 2051.968503937008 152.75590551181102 116.53543307086615 la
1777.9527559055118 2051.968503937008 407.87401574803147 116.53543307086615 Peinture)

480.31496062992125 2193.700787401575 368.503937007874 102.36220472440945 MARTIN
737.007874015748 2193.700787401575 514.9606299212599 102.36220472440945 (Gabriel),
1141.732283464567 2193.700787401575 220.4724409448819 102.36220472440945 né
1251.9685039370079 2193.700787401575 184.251968503937 102.36220472440945 à
1325.984251968504 2193.700787401575 368.503937007874 102.36220472440945 Rouen,
1582.6771653543308 2193.700787401575 330.70866141732284 102.36220472440945 élève
1804.724409448819 2193.700787401575 220.4724409448819 102.36220472440945 de
1914.9606299212599 2193.700787401575 220.4724409448819 102.36220472440945 G.
1987.4015748031495 2193.700787401575 258.26771653543307 102.36220472440945 Morin

546.4566929133858 2280.314960629921 217.3228346456693 81.88976377952756 et
655.1181102362204 2280.314960629921 217.3228346456693 81.88976377952756 de
763.7795275590552 2280.314960629921 217.3228346456693 81.88976377952756 M.
870.8661417322835 2280.314960629921 433.07086614173227 81.88976377952756 Cabanel;
1196.8503937007874 2280.314960629921 288.18897637795277 81.88976377952756 méd.
1377.9527559055118 2280.314960629921 217.3228346456693 81.88976377952756 de
1485.0393700787401 2280.314960629921 288.18897637795277 81.88976377952756 br.,
1666.1417322834645 2280.314960629921 217.3228346456693 81.88976377952756 Le
1774.8031496062993 2280.314960629921 360.62992125984255 81.88976377952756 Havre,
1990.5511811023623 2280.314960629921 253.54330708661416 81.88976377952756 1869;

544.8818897637796 2346.4566929133857 266.1417322834646 86.61417322834646 prix
711.8110236220473 2346.4566929133857 200.0 86.61417322834646 de
811.0236220472441 2346.4566929133857 466.1417322834646 86.61417322834646 l’Académie
1177.9527559055118 2346.4566929133857 233.0708661417323 86.61417322834646 des
1311.8110236220473 2346.4566929133857 433.07086614173227 86.61417322834646 Sciences,
1644.0944881889764 2346.4566929133857 600.0 86.61417322834646 Belles-Lettres
2110.236220472441 2346.4566929133857 133.85826771653544 86.61417322834646 et

543.3070866141733 2407.8740157480315 325.98425196850394 102.36220472440945 Arts,
760.6299212598425 2407.8740157480315 362.20472440944883 102.36220472440945 Rouen,
1014.1732283464567 2407.8740157480315 325.98425196850394 102.36220472440945 1869;
1231.4960629921259 2407.8740157480315 289.76377952755905 102.36220472440945 méd.
1412.5984251968505 2407.8740157480315 398.4251968503937 102.36220472440945 d’arg.,
1700.7874015748032 2407.8740157480315 362.20472440944883 102.36220472440945 Rouen,
1954.3307086614172 2407.8740157480315 325.98425196850394 102.36220472440945 1872.
2135.433070866142 2407.8740157480315 108.66141732283465 102.36220472440945 —

541.7322834645669 2459.8425196850394 379.5275590551181 124.40944881889764 Impasse
817.3228346456693 2459.8425196850394 585.8267716535433 124.40944881889764 Sainte-Marie,
1299.2125984251968 2459.8425196850394 206.29921259842519 124.40944881889764 1,
1368.5039370078741 2459.8425196850394 275.59055118110234 124.40944881889764 Rouen.

296.06299212598424 2557.48031496063 373.2283464566929 138.58267716535434 863
595.2755905511812 2557.48031496063 174.8031496062992 138.58267716535434 Lis
669.2913385826772 2557.48031496063 348.0314960629921 138.58267716535434 (aquarelle).

285.03937007874015 2675.5905511811025 396.8503937007874 121.25984251968504 864
601.5748031496063 2675.5905511811025 237.79527559055117 121.25984251968504 Roses
733.8582677165355 2675.5905511811025 370.0787401574803 121.25984251968504 (aquarelle).

1401.5748031496064 2751.181102362205 319.68503937007875 160.62992125984252 (Voir
1640.9448818897638 2751.181102362205 133.85826771653544 160.62992125984252 à
1694.4881889763778 2751.181102362205 160.62992125984252 160.62992125984252 la
1748.0314960629921 2751.181102362205 426.7716535433071 160.62992125984252 Peinture)

472.4409448818898 2899.212598425197 393.7007874015748 89.76377952755905 MAUBER
748.0314960629921 2899.212598425197 748.0314960629921 89.76377952755905 (Gaston-Jules),
1377.9527559055118 2899.212598425197 236.2204724409449 89.76377952755905 né
1496.0629921259842 2899.212598425197 236.2204724409449 89.76377952755905 au
1614.1732283464567 2899.212598425197 393.7007874015748 89.76377952755905 Havre,
1889.763779527559 2899.212598425197 354.3307086614173 89.76377952755905 élève
2086.6141732283463 2899.212598425197 157.48031496062993 89.76377952755905 de

543.3070866141733 2977.952755905512 381.1023622047244 92.91338582677166 l’Ecole
820.4724409448819 2977.952755905512 242.51968503937007 92.91338582677166 des
959.0551181102362 2977.952755905512 485.03937007874015 92.91338582677166 Beaux-Arts
1340.1574803149606 2977.952755905512 207.8740157480315 92.91338582677166 de
1445.6692913385828 2977.952755905512 311.81102362204723 92.91338582677166 Paris
1653.5433070866143 2977.952755905512 207.8740157480315 92.91338582677166 et
1757.4803149606298 2977.952755905512 207.8740157480315 92.91338582677166 de
1861.4173228346456 2977.952755905512 207.8740157480315 92.91338582677166 M.
1930.708661417323 2977.952755905512 311.81102362204723 92.91338582677166 Guadet.

540.1574803149606 3040.9448818897636 177.95275590551182 107.08661417322834 —
612.5984251968504 3040.9448818897636 357.4803149606299 107.08661417322834 Avenue
861.4173228346457 3040.9448818897636 357.4803149606299 107.08661417322834 Victor
1111.8110236220473 3040.9448818897636 321.25984251968504 107.08661417322834 Hugo,
1325.984251968504 3040.9448818897636 285.03937007874015 107.08661417322834 172,
1469.291338582677 3040.9448818897636 285.03937007874015 107.08661417322834 Paris.

285.03937007874015 3140.1574803149606 451.9685039370079 122.83464566929133 865
645.6692913385826 3140.1574803149606 181.10236220472441 122.83464566929133 Le
737.007874015748 3140.1574803149606 330.70866141732284 122.83464566929133 Clocher
977.9527559055118 3140.1574803149606 181.10236220472441 122.83464566929133 de
1067.716535433071 3140.1574803149606 603.1496062992126 122.83464566929133 Sainte-Catherine
1579.5275590551182 3140.1574803149606 181.10236220472441 122.83464566929133 et
1670.8661417322835 3140.1574803149606 181.10236220472441 122.83464566929133 la
1760.6299212598426 3140.1574803149606 270.86614173228344 122.83464566929133 place
1941.732283464567 3140.1574803149606 181.10236220472441 122.83464566929133 du
2001.5748031496064 3140.1574803149606 240.9448818897638 122.83464566929133 Marché

544.8818897637796 3229.9212598425197 160.62992125984252 116.53543307086615 à
607.8740157480315 3229.9212598425197 387.40157480314963 116.53543307086615 Honfleur
899.2125984251968 3229.9212598425197 451.9685039370079 116.53543307086615 (Calvados)
1220.4724409448818 3229.9212598425197 451.9685039370079 116.53543307086615 (aquarelle).

277.1653543307087 3325.984251968504 437.79527559055117 148.03149606299212 866
628.3464566929134 3325.984251968504 174.8031496062992 148.03149606299212 La
714.9606299212599 3325.984251968504 437.79527559055117 148.03149606299212 lieutenance
1066.1417322834645 3325.984251968504 146.45669291338584 148.03149606299212 à
1124.4094488188975 3325.984251968504 349.6062992125984 148.03149606299212 Honfleur
1357.4803149606298 3325.984251968504 407.87401574803147 148.03149606299212 (aquarelle).

459.84251968503935 3456.6929133858266 462.99212598425197 125.98425196850394 MAZELINE
807.8740157480315 3456.6929133858266 308.66141732283467 125.98425196850394 (Mme
1001.5748031496063 3456.6929133858266 502.3622047244094 125.98425196850394 Jehanne),
1387.4015748031495 3456.6929133858266 270.86614173228344 125.98425196850394 née
1541.732283464567 3456.6929133858266 193.70078740157481 125.98425196850394 à
1618.8976377952756 3456.6929133858266 385.8267716535433 125.98425196850394 Rouen,
1888.1889763779527 3456.6929133858266 348.0314960629921 125.98425196850394 élève
2081.8897637795276 3456.6929133858266 154.33070866141733 125.98425196850394 de

522.8346456692914 3559.0551181102364 272.4409448818898 138.58267716535434 Mme
678.7401574803149 3559.0551181102364 467.7165354330709 138.58267716535434 Lemaire;
1029.9212598425197 3559.0551181102364 272.4409448818898 138.58267716535434 méd
1185.8267716535433 3559.0551181102364 428.34645669291336 138.58267716535434 d’arg.,
1497.6377952755906 3559.0551181102364 390.5511811023622 138.58267716535434 Rouen,
1771.6535433070867 3559.0551181102364 351.18110236220474 138.58267716535434 1886.
2004.724409448819 3559.0551181102364 195.2755905511811 138.58267716535434 —
2044.0944881889764 3559.0551181102364 195.2755905511811 138.58267716535434 Rue

530.7086614173228 3623.6220472440946 442.5196850393701 102.36220472440945 Daubigny,
872.4409448818898 3623.6220472440946 204.7244094488189 102.36220472440945 7,
940.1574803149606 3623.6220472440946 272.4409448818898 102.36220472440945 Paris.

275.59055118110234 3714.9606299212596 400.0 151.1811023622047 867
595.2755905511812 3714.9606299212596 292.9133858267717 151.1811023622047 Azalées
782.6771653543307 3714.9606299212596 373.2283464566929 151.1811023622047 (aquarelle).

281.8897637795276 3850.3937007874015 451.9685039370079 102.36220472440945 868
642.5196850393701 3850.3937007874015 270.86614173228344 102.36220472440945 Hôtel
823.6220472440945 3850.3937007874015 181.10236220472441 102.36220472440945 du
913.3858267716536 3850.3937007874015 541.7322834645669 102.36220472440945 Bourgthroulde,
1365.3543307086613 3850.3937007874015 181.10236220472441 102.36220472440945 le
1456.6929133858268 3850.3937007874015 300.78740157480314 102.36220472440945 départ
1636.2204724409448 3850.3937007874015 422.0472440944882 102.36220472440945 (aquarelle).
