2990.551181102362 4902.36220472441
648.8188976377953 625.1968503937007 182.6771653543307 102.36220472440945 98

1485.0393700787401 634.6456692913385 384.251968503937 114.96062992125984 DESSINS.

899.2125984251968 785.8267716535433 340.15748031496065 110.23622047244095 MENIER
1137.007874015748 785.8267716535433 407.87401574803147 110.23622047244095 (Emile),
1444.0944881889764 785.8267716535433 203.1496062992126 110.23622047244095 né
1544.8818897637796 785.8267716535433 170.07874015748033 110.23622047244095 à
1612.5984251968505 785.8267716535433 407.87401574803147 110.23622047244095 Chartres
1918.1102362204724 785.8267716535433 645.6692913385826 110.23622047244095 (Eure-et-Loir),
2428.3464566929133 785.8267716535433 237.79527559055117 110.23622047244095 élève

965.3543307086615 883.4645669291339 212.5984251968504 70.86614173228347 de
1072.4409448818897 883.4645669291339 248.8188976377953 70.86614173228347 MM.
1214.1732283464567 883.4645669291339 461.4173228346457 70.86614173228347 Moulinet,
1570.0787401574803 883.4645669291339 212.5984251968504 70.86614173228347 F.
1675.5905511811025 883.4645669291339 319.68503937007875 70.86614173228347 Lebel
1888.1889763779527 883.4645669291339 212.5984251968504 70.86614173228347 et
1995.275590551181 883.4645669291339 461.4173228346457 70.86614173228347 Zacharie.
2349.6062992125985 883.4645669291339 177.95275590551182 70.86614173228347 —
2420.472440944882 883.4645669291339 248.8188976377953 70.86614173228347 Rue
2527.5590551181103 883.4645669291339 141.73228346456693 70.86614173228347 de

965.3543307086615 948.0314960629921 196.8503937007874 88.18897637795276 la
1064.5669291338584 948.0314960629921 329.13385826771656 88.18897637795276 Roche,
1294.4881889763778 948.0314960629921 229.92125984251967 88.18897637795276 26,
1425.1968503937007 948.0314960629921 329.13385826771656 88.18897637795276 Rouen,
1655.1181102362204 948.0314960629921 196.8503937007874 88.18897637795276 et
1754.3307086614172 948.0314960629921 229.92125984251967 88.18897637795276 rue
1885.0393700787401 948.0314960629921 329.13385826771656 88.18897637795276 Muret,
2114.9606299212596 948.0314960629921 196.8503937007874 88.18897637795276 4,
2181.1023622047246 948.0314960629921 360.62992125984255 88.18897637795276 Chartres.

705.511811023622 1006.2992125984252 445.6692913385827 149.60629921259843 869
1062.992125984252 1006.2992125984252 357.4803149606299 149.60629921259843 Portrait
1330.708661417323 1006.2992125984252 177.95275590551182 149.60629921259843 de
1418.8976377952756 1006.2992125984252 207.8740157480315 149.60629921259843 mon
1538.5826771653544 1006.2992125984252 207.8740157480315 149.60629921259843 ami
1656.6929133858268 1006.2992125984252 327.5590551181102 149.60629921259843 Besnard
1864.5669291338584 1006.2992125984252 327.5590551181102 149.60629921259843 (pastel.)

705.511811023622 1160.6299212598426 398.4251968503937 102.36220472440945 870
1025.1968503937007 1160.6299212598426 212.5984251968504 102.36220472440945 Tête
1157.4803149606298 1160.6299212598426 292.9133858267717 102.36220472440945 d’étude
1343.3070866141732 1160.6299212598426 292.9133858267717 102.36220472440945 (pastel).

1793.7007874015749 1114.9606299212599 426.7716535433071 113.38582677165354 Appartient
2127.5590551181103 1114.9606299212599 152.75590551181102 113.38582677165354 à
2188.9763779527557 1114.9606299212599 182.6771653543307 113.38582677165354 M.
2250.3937007874015 1114.9606299212599 303.93700787401576 113.38582677165354 Besnard.

1828.3464566929133 1234.6456692913387 318.1102362204724 118.11023622047244 (Voir
2067.716535433071 1234.6456692913387 132.28346456692913 118.11023622047244 à
2121.259842519685 1234.6456692913387 159.0551181102362 118.11023622047244 la
2173.228346456693 1234.6456692913387 425.1968503937008 118.11023622047244 Peinture)

889.7637795275591 1371.6535433070867 406.2992125984252 99.21259842519684 MESGNIL
1184.251968503937 1371.6535433070867 332.2834645669291 99.21259842519684 (Mlle
1406.2992125984251 1371.6535433070867 518.1102362204724 99.21259842519684 Marguerite
1814.1732283464567 1371.6535433070867 296.06299212598424 99.21259842519684 du),
1998.4251968503936 1371.6535433070867 258.26771653543307 99.21259842519684 née
2146.4566929133857 1371.6535433070867 184.251968503937 99.21259842519684 à
2184.251968503937 1371.6535433070867 480.31496062992125 99.21259842519684 Versailles,

952.7559055118111 1453.5433070866143 341.73228346456693 85.03937007874016 élève
1181.1023622047244 1453.5433070866143 228.3464566929134 85.03937007874016 de
1294.4881889763778 1453.5433070866143 266.1417322834646 85.03937007874016 MM.
1447.244094488189 1453.5433070866143 456.6929133858268 85.03937007874016 Lefebvie
1788.976377952756 1453.5433070866143 228.3464566929134 85.03937007874016 et
1902.3622047244094 1453.5433070866143 418.8976377952756 85.03937007874016 Doucet.
2206.299212598425 1453.5433070866143 190.5511811023622 85.03937007874016 —
2245.6692913385828 1453.5433070866143 418.8976377952756 85.03937007874016 Boulevard

960.6299212598425 1507.0866141732283 396.8503937007874 102.36220472440945 Pereire,
1258.267716535433 1507.0866141732283 264.56692913385825 102.36220472440945 179,
1390.5511811023623 1507.0866141732283 264.56692913385825 102.36220472440945 Paris.

700.7874015748032 1582.6771653543308 453.54330708661416 148.03149606299212 871
1062.992125984252 1582.6771653543308 332.2834645669291 148.03149606299212 Blanche
1305.5118110236222 1582.6771653543308 302.3622047244094 148.03149606299212 (étude
1518.1102362204724 1582.6771653543308 181.10236220472441 148.03149606299212 de
1607.8740157480315 1582.6771653543308 302.3622047244094 148.03149606299212 femme)
1790.5511811023623 1582.6771653543308 332.2834645669291 148.03149606299212 (pastel.)

892.9133858267717 1727.5590551181103 311.81102362204723 118.11023622047244 MOISE
1100.7874015748032 1727.5590551181103 485.03937007874015 118.11023622047244 (Gustave),
1481.8897637795276 1727.5590551181103 207.8740157480315 118.11023622047244 né
1585.8267716535433 1727.5590551181103 173.22834645669292 118.11023622047244 à
1655.1181102362204 1727.5590551181103 831.496062992126 118.11023622047244 Montreuil-sur-Brèche
2348.031496062992 1727.5590551181103 311.81102362204723 118.11023622047244 (Oise),

960.6299212598425 1820.4724409448818 325.98425196850394 75.59055118110236 élève
1177.9527559055118 1820.4724409448818 217.3228346456693 75.59055118110236 de
1286.6141732283465 1820.4724409448818 217.3228346456693 75.59055118110236 M.
1395.275590551181 1820.4724409448818 470.86614173228344 75.59055118110236 Deyrolle.
1757.4803149606298 1820.4724409448818 181.10236220472441 75.59055118110236 —
1829.9212598425197 1820.4724409448818 325.98425196850394 75.59055118110236 Route
2045.6692913385828 1820.4724409448818 217.3228346456693 75.59055118110236 de
2154.3307086614172 1820.4724409448818 470.86614173228344 75.59055118110236 Darnétal,
2480.314960629921 1820.4724409448818 181.10236220472441 75.59055118110236 89,

907.0866141732283 1885.0393700787401 332.2834645669291 100.78740157480316 Rouen.

700.7874015748032 1992.1259842519685 451.9685039370079 89.76377952755905 872
1062.992125984252 1992.1259842519685 332.2834645669291 89.76377952755905 L’arbre
1303.9370078740158 1992.1259842519685 181.10236220472441 89.76377952755905 de
1393.7007874015749 1992.1259842519685 300.78740157480314 89.76377952755905 Jessé,
1604.724409448819 1992.1259842519685 332.2834645669291 89.76377952755905 vitrail
1845.6692913385828 1992.1259842519685 181.10236220472441 89.76377952755905 de
1937.007874015748 1992.1259842519685 362.20472440944883 89.76377952755905 l’église
2177.952755905512 1992.1259842519685 481.8897637795276 89.76377952755905 Saint

954.3307086614174 2069.2913385826773 196.8503937007874 88.18897637795276 de
1053.5433070866143 2069.2913385826773 426.7716535433071 88.18897637795276 Beauvais,
1381.1023622047244 2069.2913385826773 296.06299212598424 88.18897637795276 style
1577.9527559055118 2069.2913385826773 524.4094488188977 88.18897637795276 Renaissance,
2004.724409448819 2069.2913385826773 327.5590551181102 88.18897637795276 époque
2234.6456692913384 2069.2913385826773 393.7007874015748 88.18897637795276 François
2497.6377952755906 2069.2913385826773 163.7795275590551 88.18897637795276 Ier

957.4803149606299 2133.8582677165355 359.0551181102362 110.23622047244095 (étude,
1185.8267716535433 2133.8582677165355 423.62204724409446 110.23622047244095 aquarelle).

888.1889763779527 2218.8976377952754 318.1102362204724 144.88188976377953 MOLIN
1099.2125984251968 2218.8976377952754 281.8897637795276 144.88188976377953 (Mme
1275.5905511811025 2218.8976377952754 352.755905511811 144.88188976377953 Anna),
1522.8346456692914 2218.8976377952754 247.24409448818898 144.88188976377953 née
1664.5669291338584 2218.8976377952754 176.3779527559055 144.88188976377953 à
1733.8582677165355 2218.8976377952754 352.755905511811 144.88188976377953 Paris,
1981.1023622047244 2218.8976377952754 318.1102362204724 144.88188976377953 élève
2193.700787401575 2218.8976377952754 211.0236220472441 144.88188976377953 de
2299.212598425197 2218.8976377952754 211.0236220472441 144.88188976377953 M.
2370.0787401574803 2218.8976377952754 281.8897637795276 144.88188976377953 Penet.

952.7559055118111 2366.9291338582675 177.95275590551182 70.86614173228347 —
1025.1968503937007 2366.9291338582675 248.8188976377953 70.86614173228347 Rue
1166.9291338582677 2366.9291338582675 212.5984251968504 70.86614173228347 du
1272.4409448818897 2366.9291338582675 639.3700787401575 70.86614173228347 Mont-Parnasse,
1804.724409448819 2366.9291338582675 248.8188976377953 70.86614173228347 42,
1911.8110236220473 2366.9291338582675 283.46456692913387 70.86614173228347 Paris.

697.6377952755905 2420.472440944882 440.9448818897638 96.06299212598425 873
1051.9685039370079 2420.472440944882 176.3779527559055 96.06299212598425 La
1140.1574803149606 2420.472440944882 264.56692913385825 96.06299212598425 jeune
1316.5354330708662 2420.472440944882 264.56692913385825 96.06299212598425 mère,
1492.9133858267717 2420.472440944882 324.40944881889766 96.06299212598425 d’après
1727.5590551181103 2420.472440944882 324.40944881889766 96.06299212598425 Florent
1963.7795275590552 2420.472440944882 324.40944881889766 96.06299212598425 Willems
2170.0787401574803 2420.472440944882 440.9448818897638 96.06299212598425 (porcelaine).

888.1889763779527 2541.732283464567 325.98425196850394 127.55905511811024 MOREL
1105.5118110236222 2541.732283464567 470.86614173228344 127.55905511811024 (Ernest),
1467.716535433071 2541.732283464567 217.3228346456693 127.55905511811024 né
1576.3779527559054 2541.732283464567 181.10236220472441 127.55905511811024 à
1648.8188976377953 2541.732283464567 362.20472440944883 127.55905511811024 Rouen,
1900.7874015748032 2541.732283464567 325.98425196850394 127.55905511811024 élève
2118.1102362204724 2541.732283464567 217.3228346456693 127.55905511811024 de
2226.771653543307 2541.732283464567 217.3228346456693 127.55905511811024 G.
2335.433070866142 2541.732283464567 325.98425196850394 127.55905511811024 Morin
2516.535433070866 2541.732283464567 144.88188976377953 127.55905511811024 et

952.7559055118111 2648.818897637795 209.4488188976378 75.59055118110236 de
1056.6929133858268 2648.818897637795 209.4488188976378 75.59055118110236 M.
1160.6299212598426 2648.818897637795 209.4488188976378 75.59055118110236 E.
1266.1417322834645 2648.818897637795 348.0314960629921 75.59055118110236 Lebel.
1508.6614173228347 2648.818897637795 173.22834645669292 75.59055118110236 —
1577.9527559055118 2648.818897637795 244.09448818897638 75.59055118110236 Rue
1718.1102362204724 2648.818897637795 590.5511811023622 75.59055118110236 Martainville,
2204.7244094488187 2648.818897637795 244.09448818897638 75.59055118110236 56,
2308.6614173228345 2648.818897637795 278.74015748031496 75.59055118110236 Rouen.

703.9370078740158 2741.732283464567 428.34645669291336 78.74015748031496 874
1045.6692913385828 2741.732283464567 256.6929133858268 78.74015748031496 Coins
1217.3228346456692 2741.732283464567 171.6535433070866 78.74015748031496 de
1302.3622047244094 2741.732283464567 256.6929133858268 78.74015748031496 Rouen
1445.6692913385828 2741.732283464567 428.34645669291336 78.74015748031496 (aquarelles).

700.7874015748032 2831.496062992126 425.1968503937008 108.66141732283465 875
1040.9448818897638 2831.496062992126 170.07874015748033 108.66141732283465 En
1125.984251968504 2831.496062992126 255.11811023622047 108.66141732283465 forêt
1296.0629921259842 2831.496062992126 340.15748031496065 108.66141732283465 (dessins
1551.1811023622047 2831.496062992126 141.73228346456693 108.66141732283465 à
1607.8740157480315 2831.496062992126 170.07874015748033 108.66141732283465 la
1664.5669291338584 2831.496062992126 255.11811023622047 108.66141732283465 plume).

1719.6850393700788 2899.212598425197 396.8503937007874 125.98425196850394 Appartient
2031.4960629921259 2899.212598425197 141.73228346456693 125.98425196850394 à
2088.1889763779527 2899.212598425197 170.07874015748033 125.98425196850394 M.
2171.6535433070867 2899.212598425197 170.07874015748033 125.98425196850394 J.
2228.3464566929133 2899.212598425197 311.81102362204723 125.98425196850394 Melville.

888.1889763779527 3000.0 404.7244094488189 143.30708661417322 MORISOT
1182.6771653543308 3000.0 332.2834645669291 143.30708661417322 (Mlle
1403.1496062992126 3000.0 552.7559055118111 143.30708661417322 Henriette),
1845.6692913385828 3000.0 258.26771653543307 143.30708661417322 née
1993.7007874015749 3000.0 184.251968503937 143.30708661417322 à
2067.716535433071 3000.0 368.503937007874 143.30708661417322 Paris,
2324.4094488188975 3000.0 332.2834645669291 143.30708661417322 élève
2508.6614173228345 3000.0 148.03149606299212 143.30708661417322 de

949.6062992125984 3121.259842519685 270.86614173228344 100.78740157480316 MM.
1105.5118110236222 3121.259842519685 233.0708661417323 100.78740157480316 J.
1222.0472440944882 3121.259842519685 466.1417322834646 100.78740157480316 Lefebvre
1570.0787401574803 3121.259842519685 233.0708661417323 100.78740157480316 et
1686.6141732283465 3121.259842519685 543.3070866141733 100.78740157480316 Boulanger;
2113.3858267716537 3121.259842519685 310.23622047244095 100.78740157480316 méd.
2307.0866141732286 3121.259842519685 233.0708661417323 100.78740157480316 de
2423.6220472440946 3121.259842519685 270.86614173228344 100.78740157480316 br.
2540.1574803149606 3121.259842519685 116.53543307086615 100.78740157480316 —

955.9055118110236 3182.6771653543306 453.54330708661416 80.31496062992126 Boulevard
1303.9370078740158 3182.6771653543306 592.1259842519685 80.31496062992126 Rochechouart,
1792.1259842519685 3182.6771653543306 244.09448818897638 80.31496062992126 17,
1896.0629921259842 3182.6771653543306 278.74015748031496 80.31496062992126 Paris.

700.7874015748032 3256.6929133858266 398.4251968503937 118.11023622047244 876
1020.4724409448819 3256.6929133858266 344.88188976377955 118.11023622047244 Japonaise
1258.267716535433 3256.6929133858266 292.9133858267717 118.11023622047244 (pastel).

880.3149606299213 3373.228346456693 467.7165354330709 129.13385826771653 MOUTIER
1220.4724409448818 3373.228346456693 680.3149606299213 129.13385826771653 (Ferdinand),
1773.2283464566929 3373.228346456693 255.11811023622047 129.13385826771653 né
1902.3622047244094 3373.228346456693 212.5984251968504 129.13385826771653 à
1987.4015748031495 3373.228346456693 425.1968503937008 129.13385826771653 Rouen,
2285.0393700787404 3373.228346456693 382.6771653543307 129.13385826771653 élève
2497.6377952755906 3373.228346456693 170.07874015748033 129.13385826771653 de

948.0314960629921 3480.314960629921 518.1102362204724 86.61417322834646 Thiollet;
1346.4566929133857 3480.314960629921 319.68503937007875 86.61417322834646 méd.
1546.4566929133857 3480.314960629921 239.37007874015748 86.61417322834646 de
1666.1417322834645 3480.314960629921 319.68503937007875 86.61417322834646 br.,
1864.5669291338584 3480.314960629921 398.4251968503937 86.61417322834646 Rouen,
2144.8818897637793 3480.314960629921 518.1102362204724 86.61417322834646 Saint-Lô,
2503.9370078740158 3480.314960629921 159.0551181102362 86.61417322834646 Le

951.1811023622047 3544.8818897637793 357.4803149606299 92.91338582677166 Havre,
1201.5748031496064 3544.8818897637793 285.03937007874015 92.91338582677166 etc.
1379.5275590551182 3544.8818897637793 177.95275590551182 92.91338582677166 —
1451.9685039370079 3544.8818897637793 428.34645669291336 92.91338582677166 Pavillon
1773.2283464566929 3544.8818897637793 250.39370078740157 92.91338582677166 aux
1914.9606299212599 3544.8818897637793 606.2992125984252 92.91338582677166 Broussailles,
2379.527559055118 3544.8818897637793 285.03937007874015 92.91338582677166 Grand-

960.6299212598425 3604.7244094488187 733.8582677165355 122.83464566929133 Bec-lès-Villerville
1566.9291338582677 3604.7244094488187 414.1732283464567 122.83464566929133 (Calvados).

688.1889763779527 3735.433070866142 485.03937007874015 124.40944881889764 877
1077.1653543307086 3735.433070866142 451.9685039370079 124.40944881889764 Intérieur,
1431.4960629921259 3735.433070866142 258.26771653543307 124.40944881889764 chez
1593.7007874015749 3735.433070866142 193.70078740157481 124.40944881889764 la
1691.3385826771653 3735.433070866142 258.26771653543307 124.40944881889764 mère
1851.9685039370079 3735.433070866142 355.90551181102364 124.40944881889764 Lhomme,
2110.236220472441 3735.433070866142 420.4724409448819 124.40944881889764 Grand-Bec
2401.5748031496064 3735.433070866142 258.26771653543307 124.40944881889764 (aqua

937.007874015748 3820.472440944882 256.6929133858268 96.06299212598425 relle).

1845.6692913385828 3856.6929133858266 308.66141732283467 133.85826771653544 (Voir
2077.165354330709 3856.6929133858266 129.13385826771653 133.85826771653544 à
2129.1338582677167 3856.6929133858266 154.33070866141733 133.85826771653544 la
2179.527559055118 3856.6929133858266 412.59842519685037 133.85826771653544 Peinture)
