3146.4566929133857 4959.055118110236
1064.5669291338584 924.4094488188977 530.7086614173228 149.60629921259843 AVIS

440.9448818897638 1288.1889763779527 628.3464566929134 135.43307086614172 L’Exposition
951.1811023622047 1288.1889763779527 275.59055118110234 135.43307086614172 est
1108.6614173228347 1288.1889763779527 433.07086614173227 135.43307086614172 ouverte
1423.6220472440946 1288.1889763779527 314.96062992125985 135.43307086614172 tous
1620.4724409448818 1288.1889763779527 275.59055118110234 135.43307086614172 les
1777.9527559055118 1288.1889763779527 393.7007874015748 135.43307086614172 jours,
2051.968503937008 1288.1889763779527 236.2204724409449 135.43307086614172 de
2130.7086614173227 1288.1889763779527 196.8503937007874 135.43307086614172 dix

366.92913385826773 1418.8976377952756 395.2755905511811 111.81102362204724 heures
642.5196850393701 1418.8976377952756 236.2204724409449 111.81102362204724 du
762.2047244094488 1418.8976377952756 355.90551181102364 111.81102362204724 matin
998.4251968503937 1418.8976377952756 196.8503937007874 111.81102362204724 à
1077.1653543307086 1418.8976377952756 395.2755905511811 111.81102362204724 quatre
1354.3307086614172 1418.8976377952756 395.2755905511811 111.81102362204724 heures
1629.9212598425197 1418.8976377952756 236.2204724409449 111.81102362204724 du
1708.6614173228347 1418.8976377952756 277.1653543307087 111.81102362204724 soir.

445.6692913385827 1746.4566929133857 220.4724409448819 129.13385826771653 Ce
555.9055118110236 1746.4566929133857 478.74015748031496 129.13385826771653 catalogue
922.8346456692914 1746.4566929133857 220.4724409448819 129.13385826771653 ne
1033.0708661417323 1746.4566929133857 294.48818897637796 129.13385826771653 sera
1217.3228346456692 1746.4566929133857 330.70866141732284 129.13385826771653 vendu
1437.7952755905512 1746.4566929133857 294.48818897637796 129.13385826771653 qu’à
1622.0472440944882 1746.4566929133857 220.4724409448819 129.13385826771653 la
1732.283464566929 1746.4566929133857 330.70866141732284 129.13385826771653 porte
1952.755905511811 1746.4566929133857 220.4724409448819 129.13385826771653 du
2026.7716535433071 1746.4566929133857 294.48818897637796 129.13385826771653 Musée.

434.6456692913386 2045.6692913385828 280.31496062992125 118.11023622047244 Les
593.7007874015748 2045.6692913385828 401.5748031496063 118.11023622047244 cannes
875.5905511811023 2045.6692913385828 240.9448818897638 118.11023622047244 et
995.2755905511812 2045.6692913385828 280.31496062992125 118.11023622047244 les
1155.9055118110236 2045.6692913385828 560.6299212598425 118.11023622047244 parapluies
1596.8503937007874 2045.6692913385828 401.5748031496063 118.11023622047244 seront
1877.1653543307086 2045.6692913385828 440.9448818897638 118.11023622047244 déposés
2157.48031496063 2045.6692913385828 160.62992125984252 118.11023622047244 au

362.20472440944883 2170.0787401574803 461.4173228346457 100.78740157480316 vestiaire
718.1102362204724 2170.0787401574803 355.90551181102364 100.78740157480316 établi
966.9291338582677 2170.0787401574803 177.95275590551182 100.78740157480316 à
1037.7952755905512 2170.0787401574803 426.7716535433071 100.78740157480316 l’entrée
1357.4803149606298 2170.0787401574803 212.5984251968504 100.78740157480316 du
1464.5669291338584 2170.0787401574803 355.90551181102364 100.78740157480316 Musée;
1713.3858267716535 2170.0787401574803 212.5984251968504 100.78740157480316 il
1818.8976377952756 2170.0787401574803 283.46456692913387 100.78740157480316 sera
1996.8503937007874 2170.0787401574803 319.68503937007875 100.78740157480316 remis
2174.803149606299 2170.0787401574803 141.73228346456693 100.78740157480316 en

357.4803149606299 2262.9921259842517 511.81102362204723 116.53543307086615 échange,
740.1574803149606 2262.9921259842517 297.6377952755906 116.53543307086615 aux
911.8110236220473 2262.9921259842517 596.8503937007874 116.53543307086615 déposants,
1379.5275590551182 2262.9921259842517 255.11811023622047 116.53543307086615 un
1507.0866141732283 2262.9921259842517 425.1968503937008 116.53543307086615 numéro
1804.724409448819 2262.9921259842517 511.81102362204723 116.53543307086615 d’ordre.
2146.4566929133857 2262.9921259842517 170.07874015748033 116.53543307086615 Ce

362.20472440944883 2360.6299212598424 344.88188976377955 127.55905511811024 dépôt
592.1259842519685 2360.6299212598424 229.92125984251967 127.55905511811024 ne
707.0866141732283 2360.6299212598424 422.0472440944882 127.55905511811024 donnera
1014.1732283464567 2360.6299212598424 307.0866141732283 127.55905511811024 lieu
1206.2992125984251 2360.6299212598424 192.1259842519685 127.55905511811024 à
1283.4645669291338 2360.6299212598424 384.251968503937 127.55905511811024 aucune
1513.3858267716535 2360.6299212598424 537.007874015748 127.55905511811024 rétribution.

437.79527559055117 2475.5905511811025 212.5984251968504 113.38582677165354 Il
543.3070866141733 2475.5905511811025 247.24409448818898 113.38582677165354 est
685.0393700787401 2475.5905511811025 425.1968503937008 113.38582677165354 interdit
1003.1496062992126 2475.5905511811025 212.5984251968504 113.38582677165354 au
1110.236220472441 2475.5905511811025 459.84251968503935 113.38582677165354 concierge
1462.992125984252 2475.5905511811025 212.5984251968504 113.38582677165354 et
1570.0787401574803 2475.5905511811025 247.24409448818898 113.38582677165354 aux
1711.8110236220473 2475.5905511811025 388.9763779527559 113.38582677165354 garçons
1995.275590551181 2475.5905511811025 212.5984251968504 113.38582677165354 de
2066.1417322834645 2475.5905511811025 247.24409448818898 113.38582677165354 salle

359.0551181102362 2555.9055118110236 239.37007874015748 133.85826771653544 de
478.74015748031496 2555.9055118110236 478.74015748031496 133.85826771653544 recevoir
837.7952755905512 2555.9055118110236 278.74015748031496 133.85826771653544 les
996.8503937007874 2555.9055118110236 718.1102362204724 133.85826771653544 gratifications
1596.8503937007874 2555.9055118110236 278.74015748031496 133.85826771653544 qui
1755.9055118110236 2555.9055118110236 319.68503937007875 133.85826771653544 leur
1914.9606299212599 2555.9055118110236 400.0 133.85826771653544 seraient

362.20472440944883 2659.8425196850394 431.496062992126 135.43307086614172 offertes
686.6141732283464 2659.8425196850394 288.18897637795277 135.43307086614172 pour
866.1417322834645 2659.8425196850394 251.96850393700788 135.43307086614172 cet
973.2283464566929 2659.8425196850394 288.18897637795277 135.43307086614172 objet.

437.79527559055117 2787.4015748031497 313.38582677165357 133.85826771653544 (Art.
645.6692913385826 2787.4015748031497 207.8740157480315 133.85826771653544 25
749.6062992125984 2787.4015748031497 207.8740157480315 133.85826771653544 de
855.1181102362204 2787.4015748031497 417.3228346456693 133.85826771653544 l’arrêté
1166.9291338582677 2787.4015748031497 451.9685039370079 133.85826771653544 municipal
1514.9606299212599 2787.4015748031497 207.8740157480315 133.85826771653544 du
1618.8976377952756 2787.4015748031497 207.8740157480315 133.85826771653544 19
1722.8346456692914 2787.4015748031497 451.9685039370079 133.85826771653544 septembre
2036.2204724409448 2787.4015748031497 277.1653543307087 133.85826771653544 1882.)

439.37007874015745 3111.8110236220473 727.5590551181102 130.70866141732284 Correspondants
1062.992125984252 3111.8110236220473 173.22834645669292 130.70866141732284 à
1132.283464566929 3111.8110236220473 485.03937007874015 130.70866141732284 Paris:
1514.9606299212599 3111.8110236220473 242.51968503937007 130.70866141732284 MM.
1653.5433070866143 3111.8110236220473 450.3937007874016 130.70866141732284 GUINCHARD
2000.0 3111.8110236220473 207.8740157480315 130.70866141732284 et
2069.2913385826773 3111.8110236220473 242.51968503937007 130.70866141732284 FOUR-

355.90551181102364 3228.3464566929133 376.37795275590554 118.11023622047244 NIRET,
618.8976377952756 3228.3464566929133 262.99212598425197 118.11023622047244 rue
770.0787401574803 3228.3464566929133 376.37795275590554 118.11023622047244 Lepic,
995.2755905511812 3228.3464566929133 188.9763779527559 118.11023622047244 11.
