3078.740157480315 4959.055118110236
725.9842519685039 683.4645669291339 204.7244094488189 99.21259842519684 110

1488.1889763779527 702.3622047244095 489.76377952755905 108.66141732283465 SCULPTURE.

963.7795275590552 855.1181102362204 856.6929133858267 111.81102362204724 MAUGENDRE-VILLERS
1697.6377952755906 855.1181102362204 571.6535433070866 111.81102362204724 (Edouard),
2146.4566929133857 855.1181102362204 244.09448818897638 111.81102362204724 né
2269.2913385826773 855.1181102362204 204.7244094488189 111.81102362204724 à
2310.236220472441 855.1181102362204 407.87401574803147 111.81102362204724 Gournay-

1033.0708661417323 955.9055118110236 387.40157480314963 74.01574803149606 en-Bray
1313.3858267716535 955.9055118110236 807.8740157480315 74.01574803149606 (Seine-Inférieure),
2017.3228346456692 955.9055118110236 316.53543307086613 74.01574803149606 élève
2228.3464566929133 955.9055118110236 211.0236220472441 74.01574803149606 de
2332.283464566929 955.9055118110236 245.66929133858267 74.01574803149606 MM.
2437.7952755905512 955.9055118110236 281.8897637795276 74.01574803149606 Dumont

1033.0708661417323 1017.3228346456693 198.4251968503937 100.78740157480316 et
1132.283464566929 1017.3228346456693 691.3385826771654 100.78740157480316 Carrier-Belleuse;
1724.4094488188975 1017.3228346456693 198.4251968503937 100.78740157480316 M.
1823.6220472440946 1017.3228346456693 229.92125984251967 100.78740157480316 H.,
1955.9055118110236 1017.3228346456693 329.13385826771656 100.78740157480316 Paris;
2185.8267716535433 1017.3228346456693 262.99212598425197 100.78740157480316 méd.
2351.181102362205 1017.3228346456693 198.4251968503937 100.78740157480316 de
2450.3937007874015 1017.3228346456693 198.4251968503937 100.78740157480316 2e
2514.9606299212596 1017.3228346456693 198.4251968503937 100.78740157480316 cl.,

1033.0708661417323 1074.015748031496 218.89763779527559 121.25984251968504 E.
1141.732283464567 1074.015748031496 218.89763779527559 121.25984251968504 U.
1251.9685039370079 1074.015748031496 218.89763779527559 121.25984251968504 de
1362.2047244094488 1074.015748031496 329.13385826771656 121.25984251968504 Nice.
1581.1023622047244 1074.015748031496 182.6771653543307 121.25984251968504 —
1655.1181102362204 1074.015748031496 182.6771653543307 121.25984251968504 A
1727.5590551181103 1074.015748031496 511.81102362204723 121.25984251968504 l’Académie
2130.7086614173227 1074.015748031496 218.89763779527559 121.25984251968504 de
2204.7244094488187 1074.015748031496 511.81102362204723 121.25984251968504 Valenciennes

993.7007874015748 1135.4330708661416 324.40944881889766 102.36220472440945 (Nord).

779.5275590551181 1212.5984251968505 409.4488188976378 111.81102362204724 960
1105.5118110236222 1212.5984251968505 327.5590551181102 111.81102362204724 Narcisse
1351.1811023622047 1212.5984251968505 381.1023622047244 111.81102362204724 (statuette
1623.6220472440946 1212.5984251968505 272.4409448818898 111.81102362204724 plâtre).

771.6535433070866 1321.259842519685 461.4173228346457 144.88188976377953 961
1141.732283464567 1321.259842519685 370.0787401574803 144.88188976377953 Portrait
1418.8976377952756 1321.259842519685 184.251968503937 144.88188976377953 de
1511.8110236220473 1321.259842519685 184.251968503937 144.88188976377953 M.
1604.724409448819 1321.259842519685 338.5826771653543 144.88188976377953 Vernus,
1850.3937007874015 1321.259842519685 431.496062992126 144.88188976377953 secrétaire
2188.9763779527557 1321.259842519685 215.748031496063 144.88188976377953 des
2313.3858267716537 1321.259842519685 400.0 144.88188976377953 Académies
2590.551181102362 1321.259842519685 122.83464566929133 144.88188976377953 de

1029.9212598425197 1387.4015748031495 521.2598425196851 118.11023622047244 Valenciennes
1455.1181102362204 1387.4015748031495 325.98425196850394 118.11023622047244 (buste
1650.3937007874015 1387.4015748031495 325.98425196850394 118.11023622047244 plâtre),

1924.4094488188975 1444.0944881889764 289.76377952755905 125.98425196850394 Voir
2135.433070866142 1444.0944881889764 132.28346456692913 125.98425196850394 à
2188.9763779527557 1444.0944881889764 159.0551181102362 125.98425196850394 la
2240.9448818897636 1444.0944881889764 396.8503937007874 125.98425196850394 Peinture

960.6299212598425 1573.2283464566929 343.3070866141732 96.06299212598425 MERCIÉ
1201.5748031496064 1573.2283464566929 480.31496062992125 96.06299212598425 (Antonin),
1579.5275590551182 1573.2283464566929 206.29921259842519 96.06299212598425 né
1681.8897637795276 1573.2283464566929 171.6535433070866 96.06299212598425 à
1751.1811023622047 1573.2283464566929 445.6692913385827 96.06299212598425 Toulouse,
2094.488188976378 1573.2283464566929 308.66141732283467 96.06299212598425 élève
2299.212598425197 1573.2283464566929 206.29921259842519 96.06299212598425 de
2368.503937007874 1573.2283464566929 343.3070866141732 96.06299212598425 Jouffroy

1023.6220472440945 1647.244094488189 223.6220472440945 99.21259842519684 et
1135.4330708661416 1647.244094488189 223.6220472440945 99.21259842519684 de
1247.244094488189 1647.244094488189 223.6220472440945 99.21259842519684 M.
1359.0551181102362 1647.244094488189 522.8346456692914 99.21259842519684 Falguière;
1770.0787401574803 1647.244094488189 297.6377952755906 99.21259842519684 prix
1955.9055118110236 1647.244094488189 223.6220472440945 99.21259842519684 de
2067.716535433071 1647.244094488189 335.43307086614175 99.21259842519684 Rome,
2292.9133858267714 1647.244094488189 335.43307086614175 99.21259842519684 1868;
2478.740157480315 1647.244094488189 223.6220472440945 99.21259842519684 méd.

1031.4960629921259 1703.9370078740158 242.51968503937007 105.51181102362204 Ire
1170.0787401574803 1703.9370078740158 278.74015748031496 105.51181102362204 cl.,
1344.8818897637796 1703.9370078740158 313.38582677165357 105.51181102362204 1872,
1587.4015748031495 1703.9370078740158 313.38582677165357 105.51181102362204 1872;
1795.275590551181 1703.9370078740158 242.51968503937007 105.51181102362204 méd
1935.4330708661416 1703.9370078740158 382.6771653543307 105.51181102362204 d’hon.,
2212.5984251968503 1703.9370078740158 278.74015748031496 105.51181102362204 1874
2385.8267716535433 1703.9370078740158 207.8740157480315 105.51181102362204 et
2456.6929133858266 1703.9370078740158 242.51968503937007 105.51181102362204 1878,

1029.9212598425197 1765.3543307086613 188.9763779527559 105.51181102362204 E.
1124.4094488188975 1765.3543307086613 220.4724409448819 105.51181102362204 U.,
1250.3937007874015 1765.3543307086613 188.9763779527559 105.51181102362204 O.
1346.4566929133857 1765.3543307086613 285.03937007874015 105.51181102362204 1879;
1535.4330708661416 1765.3543307086613 285.03937007874015 105.51181102362204 H.
1724.4094488188975 1765.3543307086613 316.53543307086613 105.51181102362204 C.
1946.4566929133857 1765.3543307086613 157.48031496062993 105.51181102362204 —
2009.4488188976377 1765.3543307086613 411.0236220472441 105.51181102362204 Boulevard
2324.4094488188975 1765.3543307086613 188.9763779527559 105.51181102362204 de
2387.4015748031497 1765.3543307086613 316.53543307086613 105.51181102362204 l’Obser-

1026.7716535433071 1834.6456692913387 376.37795275590554 102.36220472440945 vatoire,
1308.6614173228347 1834.6456692913387 218.89763779527559 102.36220472440945 15,
1403.1496062992126 1834.6456692913387 250.39370078740157 102.36220472440945 Paris.

762.2047244094488 1910.236220472441 485.03937007874015 110.23622047244095 962
1151.1811023622047 1910.236220472441 388.9763779527559 110.23622047244095 Portrait
1442.5196850393702 1910.236220472441 193.70078740157481 110.23622047244095 de
1538.5826771653544 1910.236220472441 193.70078740157481 110.23622047244095 M.
1636.2204724409448 1910.236220472441 355.90551181102364 110.23622047244095 Maillet
1894.4881889763778 1910.236220472441 193.70078740157481 110.23622047244095 du
1992.1259842519685 1910.236220472441 388.9763779527559 110.23622047244095 Boullay,
2283.464566929134 1910.236220472441 420.4724409448819 110.23622047244095 directeur
2574.803149606299 1910.236220472441 129.13385826771653 110.23622047244095 du

1025.1968503937007 1992.1259842519685 307.0866141732283 105.51181102362204 Musée
1229.9212598425197 1992.1259842519685 581.1023622047244 105.51181102362204 départemental
1708.6614173228347 1992.1259842519685 546.4566929133858 105.51181102362204 d’antiquités
2152.755905511811 1992.1259842519685 341.73228346456693 105.51181102362204 (buste
2357.48031496063 1992.1259842519685 341.73228346456693 105.51181102362204 plâtre).

955.9055118110236 2081.8897637795276 335.43307086614175 114.96062992125984 PEYROL
1190.5511811023623 2081.8897637795276 537.007874015748 114.96062992125984 (Hippolyte),
1626.7716535433071 2081.8897637795276 201.5748031496063 114.96062992125984 né
1727.5590551181103 2081.8897637795276 168.50393700787401 114.96062992125984 à
1795.275590551181 2081.8897637795276 335.43307086614175 114.96062992125984 Paris,
2029.9212598425197 2081.8897637795276 302.3622047244094 114.96062992125984 élève
2231.496062992126 2081.8897637795276 201.5748031496063 114.96062992125984 de
2332.283464566929 2081.8897637795276 201.5748031496063 114.96062992125984 M.
2398.4251968503936 2081.8897637795276 302.3622047244094 114.96062992125984 Isidore

1018.8976377952756 2168.503937007874 373.2283464566929 102.36220472440945 Bonheur;
1299.2125984251968 2168.503937007874 185.82677165354332 102.36220472440945 M.
1392.1259842519685 2168.503937007874 217.3228346456693 102.36220472440945 H.,
1516.5354330708662 2168.503937007874 466.1417322834646 102.36220472440945 1883-84-86;
1889.763779527559 2168.503937007874 248.8188976377953 102.36220472440945 méd.
2045.6692913385828 2168.503937007874 185.82677165354332 102.36220472440945 3e
2138.582677165354 2168.503937007874 248.8188976377953 102.36220472440945 cl.,
2292.9133858267714 2168.503937007874 310.23622047244095 102.36220472440945 Paris,
2480.314960629921 2168.503937007874 217.3228346456693 102.36220472440945 1888.

1022.0472440944882 2226.771653543307 170.07874015748033 114.96062992125984 —
1091.3385826771653 2226.771653543307 239.37007874015748 114.96062992125984 Rue
1226.7716535433071 2226.771653543307 204.7244094488189 114.96062992125984 de
1329.1338582677165 2226.771653543307 409.4488188976378 114.96062992125984 Crussol,
1636.2204724409448 2226.771653543307 239.37007874015748 114.96062992125984 14,
1738.5826771653544 2226.771653543307 272.4409448818898 114.96062992125984 Paris.

757.4803149606299 2300.787401574803 480.31496062992125 133.85826771653544 963
1140.1574803149606 2300.787401574803 192.1259842519685 133.85826771653544 La
1236.2204724409448 2300.787401574803 255.11811023622047 133.85826771653544 mort
1396.8503937007874 2300.787401574803 192.1259842519685 133.85826771653544 de
1492.9133858267717 2300.787401574803 415.748031496063 133.85826771653544 Raguenard
1812.5984251968505 2300.787401574803 351.18110236220474 133.85826771653544 Lodbrog
2067.716535433071 2300.787401574803 384.251968503937 133.85826771653544 (épisode
2355.9055118110236 2300.787401574803 192.1259842519685 133.85826771653544 de
2451.968503937008 2300.787401574803 192.1259842519685 133.85826771653544 la
2514.9606299212596 2300.787401574803 192.1259842519685 133.85826771653544 con

1015.7480314960629 2393.700787401575 311.81102362204723 108.66141732283465 quête
1223.6220472440946 2393.700787401575 207.8740157480315 108.66141732283465 de
1327.5590551181103 2393.700787401575 552.7559055118111 108.66141732283465 l’Angleterre
1776.3779527559054 2393.700787401575 242.51968503937007 108.66141732283465 par
1914.9606299212599 2393.700787401575 242.51968503937007 108.66141732283465 les
2018.8976377952756 2393.700787401575 414.1732283464567 108.66141732283465 Normands).

1116.5354330708662 2474.015748031496 239.37007874015748 108.66141732283465 Vers
1266.1417322834645 2474.015748031496 239.37007874015748 108.66141732283465 l’an
1415.748031496063 2474.015748031496 239.37007874015748 108.66141732283465 865,
1566.9291338582677 2474.015748031496 179.5275590551181 108.66141732283465 le
1656.6929133858268 2474.015748031496 299.21259842519686 108.66141732283465 fameux
1866.1417322834645 2474.015748031496 390.5511811023622 108.66141732283465 Raguenard
2165.3543307086616 2474.015748031496 359.0551181102362 108.66141732283465 Lodbrog,
2436.220472440945 2474.015748031496 239.37007874015748 108.66141732283465 l’un
2555.9055118110236 2474.015748031496 149.60629921259843 108.66141732283465 des

1062.992125984252 2543.3070866141734 242.51968503937007 86.61417322834646 plus
1214.1732283464567 2543.3070866141734 363.7795275590551 86.61417322834646 redoutés
1488.1889763779527 2543.3070866141734 274.01574803149606 86.61417322834646 parmi
1669.291338582677 2543.3070866141734 212.5984251968504 86.61417322834646 les
1792.1259842519685 2543.3070866141734 274.01574803149606 86.61417322834646 chefs
1973.2283464566929 2543.3070866141734 486.61417322834643 86.61417322834646 scandinaves,
2368.503937007874 2543.3070866141734 333.8582677165354 86.61417322834646 envahit
2581.1023622047246 2543.3070866141734 121.25984251968504 86.61417322834646 le

1055.1181102362204 2600.0 653.5433070866142 86.61417322834646 Northumberland.
1604.724409448819 2600.0 343.3070866141732 86.61417322834646 Vaincu
1845.6692913385828 2600.0 206.29921259842519 86.61417322834646 et
1949.6062992125985 2600.0 275.59055118110234 86.61417322834646 pris
2121.259842519685 2600.0 240.9448818897638 86.61417322834646 par
2258.267716535433 2600.0 206.29921259842519 86.61417322834646 le
2362.2047244094488 2600.0 240.9448818897638 86.61417322834646 roi
2464.566929133858 2600.0 240.9448818897638 86.61417322834646 saxon

1062.992125984252 2659.8425196850394 303.93700787401576 80.31496062992126 Aella,
1275.5905511811025 2659.8425196850394 182.6771653543307 80.31496062992126 il
1366.9291338582677 2659.8425196850394 212.5984251968504 80.31496062992126 fut
1488.1889763779527 2659.8425196850394 303.93700787401576 80.31496062992126 plongé
1702.3622047244094 2659.8425196850394 303.93700787401576 80.31496062992126 vivant
1914.9606299212599 2659.8425196850394 244.09448818897638 80.31496062992126 dans
2067.716535433071 2659.8425196850394 212.5984251968504 80.31496062992126 une
2188.9763779527557 2659.8425196850394 274.01574803149606 80.31496062992126 fosse
2371.6535433070867 2659.8425196850394 335.43307086614175 80.31496062992126 remplie
2585.8267716535433 2659.8425196850394 121.25984251968504 80.31496062992126 de

1061.4173228346456 2714.9606299212596 333.8582677165354 77.16535433070867 vipères,
1311.8110236220473 2714.9606299212596 166.9291338582677 77.16535433070867 et
1395.275590551181 2714.9606299212596 305.51181102362204 77.16535433070867 pendant
1617.3228346456692 2714.9606299212596 193.70078740157481 77.16535433070867 son
1729.1338582677165 2714.9606299212596 305.51181102362204 77.16535433070867 agonie,
1951.1811023622047 2714.9606299212596 166.9291338582677 77.16535433070867 il
2034.6456692913387 2714.9606299212596 277.1653543307087 77.16535433070867 jetait
2228.3464566929133 2714.9606299212596 388.9763779527559 77.16535433070867 fièrement,
2533.8582677165355 2714.9606299212596 138.58267716535434 77.16535433070867 à
2562.2047244094488 2714.9606299212596 138.58267716535434 77.16535433070867 ses

1059.8425196850394 2759.0551181102364 360.62992125984255 69.29133858267717 ennemis,
1330.708661417323 2759.0551181102364 211.0236220472441 69.29133858267717 ces
1420.4724409448818 2759.0551181102364 300.78740157480314 69.29133858267717 paroles:

1118.1102362204724 2817.3228346456694 267.7165354330709 78.74015748031496 «Nous
1297.6377952755906 2817.3228346456694 267.7165354330709 78.74015748031496 avons
1475.5905511811025 2817.3228346456694 297.6377952755906 78.74015748031496 frappé
1685.0393700787401 2817.3228346456694 237.79527559055117 78.74015748031496 avec
1833.0708661417323 2817.3228346456694 327.5590551181102 78.74015748031496 l’épée!
2072.4409448818897 2817.3228346456694 327.5590551181102 78.74015748031496 J’étais
2310.236220472441 2817.3228346456694 267.7165354330709 78.74015748031496 jeune
2459.8425196850394 2817.3228346456694 237.79527559055117 78.74015748031496 encore

1059.8425196850394 2880.314960629921 141.73228346456693 74.01574803149606 »
1116.5354330708662 2880.314960629921 281.8897637795276 74.01574803149606 quand,
1313.3858267716535 2880.314960629921 141.73228346456693 74.01574803149606 à
1370.0787401574803 2880.314960629921 366.92913385826773 74.01574803149606 l’Orient,
1653.5433070866143 2880.314960629921 225.1968503937008 74.01574803149606 dans
1793.7007874015749 2880.314960629921 198.4251968503937 74.01574803149606 les
1907.0866141732283 2880.314960629921 310.23622047244095 74.01574803149606 étoiles
2132.283464566929 2880.314960629921 338.5826771653543 74.01574803149606 d’Eirar,
2387.4015748031497 2880.314960629921 225.1968503937008 74.01574803149606 nous
2499.212598425197 2880.314960629921 198.4251968503937 74.01574803149606 avons

1056.6929133858268 2935.433070866142 185.82677165354332 72.44094488188976 «»
1149.6062992125985 2935.433070866142 310.23622047244095 72.44094488188976 creusé
1366.9291338582677 2935.433070866142 185.82677165354332 72.44094488188976 un
1459.8425196850394 2935.433070866142 310.23622047244095 72.44094488188976 fleuve
1675.5905511811025 2935.433070866142 185.82677165354332 72.44094488188976 de
1768.5039370078741 2935.433070866142 247.24409448818898 72.44094488188976 sang
1924.4094488188975 2935.433070866142 247.24409448818898 72.44094488188976 pour
2078.740157480315 2935.433070866142 217.3228346456693 72.44094488188976 les
2203.149606299213 2935.433070866142 278.74015748031496 72.44094488188976 loups
2387.4015748031497 2935.433070866142 185.82677165354332 72.44094488188976 et
2450.3937007874015 2935.433070866142 247.24409448818898 72.44094488188976 convié

1055.1181102362204 2982.6771653543306 163.7795275590551 107.08661417322834 «
1121.259842519685 2982.6771653543306 393.7007874015748 107.08661417322834 l’oiseau
1415.748031496063 2982.6771653543306 229.92125984251967 107.08661417322834 aux
1548.0314960629921 2982.6771653543306 296.06299212598424 107.08661417322834 pieds
1744.8818897637796 2982.6771653543306 327.5590551181102 107.08661417322834 jaunes
1974.8031496062993 2982.6771653543306 163.7795275590551 107.08661417322834 à
2039.3700787401574 2982.6771653543306 196.8503937007874 107.08661417322834 un
2138.582677165354 2982.6771653543306 296.06299212598424 107.08661417322834 large
2335.433070866142 2982.6771653543306 360.62992125984255 107.08661417322834 banquet
2565.3543307086616 2982.6771653543306 130.70866141732284 107.08661417322834 de

1061.4173228346456 3037.7952755905512 137.00787401574803 72.44094488188976 »
1088.1889763779527 3037.7952755905512 409.4488188976378 72.44094488188976 cadavres.....

1110.236220472441 3102.3622047244094 170.07874015748033 86.61417322834646 b«
1195.275590551181 3102.3622047244094 226.77165354330708 86.61417322834646 Nous
1337.007874015748 3102.3622047244094 255.11811023622047 86.61417322834646 avons
1507.0866141732283 3102.3622047244094 283.46456692913387 86.61417322834646 frappé
1703.9370078740158 3102.3622047244094 226.77165354330708 86.61417322834646 avec
1845.6692913385828 3102.3622047244094 311.81102362204723 86.61417322834646 l’épée!
2072.4409448818897 3102.3622047244094 170.07874015748033 86.61417322834646 La
2157.48031496063 3102.3622047244094 226.77165354330708 86.61417322834646 mort
2299.212598425197 3102.3622047244094 170.07874015748033 86.61417322834646 me
2382.6771653543306 3102.3622047244094 311.81102362204723 86.61417322834646 saisit,
2581.1023622047246 3102.3622047244094 113.38582677165354 86.61417322834646 la

1056.6929133858268 3149.6062992125985 140.15748031496062 75.59055118110236 »
1113.3858267716535 3149.6062992125985 307.0866141732283 75.59055118110236 morsure
1335.4330708661416 3149.6062992125985 195.2755905511811 75.59055118110236 des
1447.244094488189 3149.6062992125985 307.0866141732283 75.59055118110236 vipères
1670.8661417322835 3149.6062992125985 140.15748031496062 75.59055118110236 a
1725.984251968504 3149.6062992125985 195.2755905511811 75.59055118110236 été
1809.4488188976377 3149.6062992125985 418.8976377952756 75.59055118110236 profonde.....

1110.236220472441 3203.149606299213 141.73228346456693 96.06299212598425 »
1166.9291338582677 3203.149606299213 310.23622047244095 96.06299212598425 Bientôt
1392.1259842519685 3203.149606299213 196.8503937007874 96.06299212598425 mes
1505.5118110236222 3203.149606299213 225.1968503937008 96.06299212598425 fils
1645.6692913385828 3203.149606299213 168.50393700787401 96.06299212598425 me
1730.708661417323 3203.149606299213 366.92913385826773 96.06299212598425 vengeront
2012.5984251968505 3203.149606299213 225.1968503937008 96.06299212598425 dans
2154.3307086614172 3203.149606299213 168.50393700787401 96.06299212598425 le
2237.7952755905512 3203.149606299213 225.1968503937008 96.06299212598425 sang
2351.181102362205 3203.149606299213 338.5826771653543 96.06299212598425 d’Aella...

1050.3937007874015 3251.968503937008 154.33070866141733 121.25984251968504 »
1113.3858267716535 3251.968503937008 340.15748031496065 121.25984251968504 D’aussi
1360.6299212598426 3251.968503937008 310.23622047244095 121.25984251968504 hardis
1576.3779527559054 3251.968503937008 403.1496062992126 121.25984251968504 guerriers
1886.6141732283465 3251.968503937008 185.82677165354332 121.25984251968504 ne
1979.5275590551182 3251.968503937008 403.1496062992126 121.25984251968504 prendront
2289.763779527559 3251.968503937008 217.3228346456693 121.25984251968504 pas
2412.5984251968503 3251.968503937008 185.82677165354332 121.25984251968504 de
2474.015748031496 3251.968503937008 217.3228346456693 121.25984251968504 repos

1055.1181102362204 3316.535433070866 141.73228346456693 83.46456692913385 »
1111.8110236220473 3316.535433070866 255.11811023622047 83.46456692913385 avant
1281.8897637795276 3316.535433070866 170.07874015748033 83.46456692913385 de
1366.9291338582677 3316.535433070866 311.81102362204723 83.46456692913385 m’avoir
1566.9291338582677 3316.535433070866 368.503937007874 83.46456692913385 vengé.....»

1955.9055118110236 3376.3779527559054 407.87401574803147 116.53543307086615 (Augustin
2237.7952755905512 3376.3779527559054 344.88188976377955 116.53543307086615 THIERRY.)

930.7086614173228 3447.244094488189 292.9133858267717 125.98425196850394 RUGA
1113.3858267716535 3447.244094488189 585.8267716535433 125.98425196850394 (Alexandre),
1588.976377952756 3447.244094488189 220.4724409448819 125.98425196850394 né
1699.2125984251968 3447.244094488189 182.6771653543307 125.98425196850394 à
1773.2283464566929 3447.244094488189 439.37007874015745 125.98425196850394 Capolago
2102.3622047244094 3447.244094488189 475.59055118110234 125.98425196850394 (Suisse),
2431.496062992126 3447.244094488189 256.6929133858268 125.98425196850394 élève

996.8503937007874 3535.433070866142 211.0236220472441 121.25984251968504 de
1102.3622047244094 3535.433070866142 211.0236220472441 121.25984251968504 M.
1207.8740157480315 3535.433070866142 316.53543307086613 121.25984251968504 Véla;
1418.8976377952756 3535.433070866142 245.66929133858267 121.25984251968504 Ex.
1559.0551181102362 3535.433070866142 245.66929133858267 121.25984251968504 des
1699.2125984251968 3535.433070866142 422.0472440944882 121.25984251968504 Sciences
2015.748031496063 3535.433070866142 527.5590551181102 121.25984251968504 appliquées,
2401.5748031496064 3535.433070866142 281.8897637795276 121.25984251968504 Paris,

1001.5748031496063 3604.7244094488187 286.61417322834643 86.61417322834646 1879,
1192.1259842519685 3604.7244094488187 445.6692913385827 86.61417322834646 Perpignan,
1541.732283464567 3604.7244094488187 286.61417322834643 86.61417322834646 1886.
1732.283464566929 3604.7244094488187 159.0551181102362 86.61417322834646 —
1796.8503937007874 3604.7244094488187 286.61417322834643 86.61417322834646 Bast.
1987.4015748031495 3604.7244094488187 190.5511811023622 86.61417322834646 P.
2081.8897637795276 3604.7244094488187 318.1102362204724 86.61417322834646 volta,
2305.511811023622 3604.7244094488187 190.5511811023622 86.61417322834646 15
2368.503937007874 3604.7244094488187 318.1102362204724 86.61417322834646 (Milan).

738.5826771653543 3666.1417322834645 425.1968503937008 143.30708661417322 964
1078.740157480315 3666.1417322834645 311.81102362204723 143.30708661417322 L’hiver
1303.9370078740158 3666.1417322834645 283.46456692913387 143.30708661417322 (buste
1474.015748031496 3666.1417322834645 283.46456692913387 143.30708661417322 marbre).

925.9842519685039 3795.2755905511813 535.4330708661417 118.11023622047244 SORTAMBOSC
1346.4566929133857 3795.2755905511813 803.1496062992126 118.11023622047244 (Alphonse-Emile),
2034.6456692913387 3795.2755905511813 229.92125984251967 118.11023622047244 né
2149.6062992125985 3795.2755905511813 190.5511811023622 118.11023622047244 à
2187.4015748031497 3795.2755905511813 497.6377952755906 118.11023622047244 Angerville-

992.1259842519685 3866.1417322834645 485.03937007874015 105.51181102362204 la-Martel.
1373.2283464566929 3866.1417322834645 173.22834645669292 105.51181102362204 —
1442.5196850393702 3866.1417322834645 519.6850393700787 105.51181102362204 Grand-Quai,
1859.8425196850394 3866.1417322834645 242.51968503937007 105.51181102362204 71,
1998.4251968503936 3866.1417322834645 207.8740157480315 105.51181102362204 Le
2067.716535433071 3866.1417322834645 277.1653543307087 105.51181102362204 Havre.

738.5826771653543 3929.1338582677167 428.34645669291336 138.58267716535434 965
1080.3149606299212 3929.1338582677167 343.3070866141732 138.58267716535434 Portrait
1338.5826771653544 3929.1338582677167 228.3464566929134 138.58267716535434 d’un
1480.3149606299212 3929.1338582677167 313.38582677165357 138.58267716535434 Havrais
1708.6614173228347 3929.1338582677167 428.34645669291336 138.58267716535434 (bas-relief
2051.968503937008 3929.1338582677167 228.3464566929134 138.58267716535434 bois
2166.9291338582675 3929.1338582677167 313.38582677165357 138.58267716535434 sculpté).
