<alto xmlns:xsi="http://www.w3.org/2001/XMLSchema-instance" xmlns="http://www.loc.gov/standards/alto/ns-v2#" xmlns:page="http://schema.primaresearch.org/PAGE/gts/pagecontent/2013-07-15" xsi:schemaLocation="http://www.loc.gov/standards/alto/ns-v2# http://www.loc.gov/standards/alto/alto.xsd">
  <Description>
    <MeasurementUnit>pixel</MeasurementUnit>
    <sourceImageInformation>
         <fileName>121.xml</fileName>
      </sourceImageInformation>
    <OCRProcessing ID="IdOcr">
      <ocrProcessingStep>
        <processingDateTime>2020-07-01T12:20:14.189+02:00</processingDateTime>
        <processingSoftware>
               <softwareCreator>CONTRIBUTORS</softwareCreator>
               <softwareName>pdfalto</softwareName>
               <softwareVersion>0.1</softwareVersion>
            </processingSoftware>
      </ocrProcessingStep>
    </OCRProcessing>
  </Description>
  <Styles>
     <TextStyle ID="FONT0" FONTFAMILY="unknown" FONTSIZE="unknown" FONTTYPE="unknown" FONTWIDTH="unknown" FONTCOLOR="unknown" FONTSTYLE=""/>
     <TextStyle ID="FONT1" FONTFAMILY="unknown" FONTSIZE="unknown" FONTTYPE="unknown" FONTWIDTH="unknown" FONTCOLOR="unknown" FONTSTYLE="bold"/>
     <TextStyle ID="FONT2" FONTFAMILY="unknown" FONTSIZE="unknown" FONTTYPE="unknown" FONTWIDTH="unknown" FONTCOLOR="unknown" FONTSTYLE="italics"/>
</Styles>
  <Tags/>
  <Layout>
    <Page ID="Page1" PHYSICAL_IMG_NR="1" HEIGHT="4959.055118110236" WIDTH="3146.4566929133857">
      <PrintSpace HEIGHT="4762.204724409449" WIDTH="2746.4566929133857" VPOS="0.0" HPOS="59.84251968503937">
        <TextBlock ID="r_1_1" HEIGHT="89.76377952755905" WIDTH="1103.9370078740158" VPOS="1137.007874015748" HPOS="741.7322834645669">
          <TextLine ID="tl_1" BASELINE="808" HEIGHT="155.90551181102362" WIDTH="1124.4094488188975" VPOS="1116.5354330708662" HPOS="732.2834645669292">
            <String HEIGHT="155.90551181102362" WIDTH="1297.6377952755906" VPOS="1116.5354330708662" HPOS="559.0551181102362" CONTENT="ARCHITECTURE." ID="tl_1_1" STYLEREFS="FONT0"/>
          </TextLine>
        </TextBlock>
        <TextBlock ID="r_2_1" HEIGHT="250.39370078740157" WIDTH="1716.5354330708662" VPOS="1508.6614173228347" HPOS="535.4330708661417">
          <TextLine ID="tl_2" BASELINE="1015" HEIGHT="110.23622047244095" WIDTH="1735.4330708661416" VPOS="1488.1889763779527" HPOS="524.4094488188977">
            <String HEIGHT="110.23622047244095" WIDTH="423.62204724409446" VPOS="1488.1889763779527" HPOS="486.61417322834643" CONTENT="BESNARD" ID="tl_2_1" STYLEREFS="FONT0"/>
            <SP HEIGHT="110.23622047244095" WIDTH="37.79527559055118" VPOS="1488.1889763779527" HPOS="910.2362204724409"/>
            <String HEIGHT="110.23622047244095" WIDTH="462.99212598425197" VPOS="1488.1889763779527" HPOS="793.7007874015748" CONTENT="(Emile)," ID="tl_2_2" STYLEREFS="FONT0"/>
            <SP HEIGHT="110.23622047244095" WIDTH="37.79527559055118" VPOS="1488.1889763779527" HPOS="1256.6929133858268"/>
            <String HEIGHT="110.23622047244095" WIDTH="231.49606299212599" VPOS="1488.1889763779527" HPOS="1141.732283464567" CONTENT="né" ID="tl_2_3" STYLEREFS="FONT0"/>
            <SP HEIGHT="110.23622047244095" WIDTH="37.79527559055118" VPOS="1488.1889763779527" HPOS="1373.2283464566929"/>
            <String HEIGHT="110.23622047244095" WIDTH="192.1259842519685" VPOS="1488.1889763779527" HPOS="1256.6929133858268" CONTENT="à" ID="tl_2_4" STYLEREFS="FONT0"/>
            <SP HEIGHT="110.23622047244095" WIDTH="37.79527559055118" VPOS="1488.1889763779527" HPOS="1450.3937007874015"/>
            <String HEIGHT="110.23622047244095" WIDTH="963.7795275590552" VPOS="1488.1889763779527" HPOS="1296.0629921259842" CONTENT="Blosseville" ID="tl_2_5" STYLEREFS="FONT0"/>
          </TextLine>
          <TextLine ID="tl_3" BASELINE="1044" HEIGHT="70.86614173228347" WIDTH="1669.291338582677" VPOS="1573.2283464566929" HPOS="593.7007874015748">
            <String HEIGHT="70.86614173228347" WIDTH="325.98425196850394" VPOS="1573.2283464566929" HPOS="557.4803149606299" CONTENT="élève" ID="tl_3_1" STYLEREFS="FONT0"/>
            <SP HEIGHT="70.86614173228347" WIDTH="36.22047244094488" VPOS="1573.2283464566929" HPOS="883.4645669291339"/>
            <String HEIGHT="70.86614173228347" WIDTH="217.3228346456693" VPOS="1573.2283464566929" HPOS="774.8031496062993" CONTENT="de" ID="tl_3_2" STYLEREFS="FONT0"/>
            <SP HEIGHT="70.86614173228347" WIDTH="36.22047244094488" VPOS="1573.2283464566929" HPOS="992.1259842519685"/>
            <String HEIGHT="70.86614173228347" WIDTH="398.4251968503937" VPOS="1573.2283464566929" HPOS="883.4645669291339" CONTENT="l’Ecole" ID="tl_3_3" STYLEREFS="FONT0"/>
            <SP HEIGHT="70.86614173228347" WIDTH="36.22047244094488" VPOS="1573.2283464566929" HPOS="1283.4645669291338"/>
            <String HEIGHT="70.86614173228347" WIDTH="253.54330708661416" VPOS="1573.2283464566929" HPOS="1174.8031496062993" CONTENT="des" ID="tl_3_4" STYLEREFS="FONT0"/>
            <SP HEIGHT="70.86614173228347" WIDTH="36.22047244094488" VPOS="1573.2283464566929" HPOS="1428.3464566929133"/>
            <String HEIGHT="70.86614173228347" WIDTH="508.66141732283467" VPOS="1573.2283464566929" HPOS="1319.6850393700788" CONTENT="Beaux-Arts" ID="tl_3_5" STYLEREFS="FONT0"/>
            <SP HEIGHT="70.86614173228347" WIDTH="36.22047244094488" VPOS="1573.2283464566929" HPOS="1826.7716535433071"/>
            <String HEIGHT="70.86614173228347" WIDTH="217.3228346456693" VPOS="1573.2283464566929" HPOS="1718.1102362204724" CONTENT="de" ID="tl_3_6" STYLEREFS="FONT0"/>
            <SP HEIGHT="70.86614173228347" WIDTH="36.22047244094488" VPOS="1573.2283464566929" HPOS="1937.007874015748"/>
            <String HEIGHT="70.86614173228347" WIDTH="325.98425196850394" VPOS="1573.2283464566929" HPOS="1826.7716535433071" CONTENT="Rouen" ID="tl_3_7" STYLEREFS="FONT0"/>
            <SP HEIGHT="70.86614173228347" WIDTH="36.22047244094488" VPOS="1573.2283464566929" HPOS="2154.3307086614172"/>
            <String HEIGHT="70.86614173228347" WIDTH="217.3228346456693" VPOS="1573.2283464566929" HPOS="2045.6692913385828" CONTENT="et" ID="tl_3_8" STYLEREFS="FONT0"/>
            <SP HEIGHT="70.86614173228347" WIDTH="36.22047244094488" VPOS="1573.2283464566929" HPOS="2262.9921259842517"/>
            <String HEIGHT="70.86614173228347" WIDTH="144.88188976377953" VPOS="1573.2283464566929" HPOS="2118.1102362204724" CONTENT="de" ID="tl_3_9" STYLEREFS="FONT0"/>
          </TextLine>
          <TextLine ID="tl_4" BASELINE="1118" HEIGHT="132.28346456692913" WIDTH="1667.716535433071" VPOS="1628.3464566929133" HPOS="592.1259842519685">
            <String HEIGHT="132.28346456692913" WIDTH="233.0708661417323" VPOS="1628.3464566929133" HPOS="552.7559055118111" CONTENT="M." ID="tl_4_1" STYLEREFS="FONT0"/>
            <SP HEIGHT="132.28346456692913" WIDTH="39.37007874015748" VPOS="1628.3464566929133" HPOS="785.8267716535433"/>
            <String HEIGHT="132.28346456692913" WIDTH="310.23622047244095" VPOS="1628.3464566929133" HPOS="669.2913385826772" CONTENT="Léon" ID="tl_4_2" STYLEREFS="FONT0"/>
            <SP HEIGHT="132.28346456692913" WIDTH="39.37007874015748" VPOS="1628.3464566929133" HPOS="979.5275590551181"/>
            <String HEIGHT="132.28346456692913" WIDTH="233.0708661417323" VPOS="1628.3464566929133" HPOS="862.992125984252" CONTENT="de" ID="tl_4_3" STYLEREFS="FONT0"/>
            <SP HEIGHT="132.28346456692913" WIDTH="39.37007874015748" VPOS="1628.3464566929133" HPOS="1096.0629921259842"/>
            <String HEIGHT="132.28346456692913" WIDTH="387.40157480314963" VPOS="1628.3464566929133" HPOS="979.5275590551181" CONTENT="Vesly." ID="tl_4_4" STYLEREFS="FONT0"/>
            <SP HEIGHT="132.28346456692913" WIDTH="39.37007874015748" VPOS="1628.3464566929133" HPOS="1368.5039370078741"/>
            <String HEIGHT="132.28346456692913" WIDTH="193.70078740157481" VPOS="1628.3464566929133" HPOS="1251.9685039370079" CONTENT="—" ID="tl_4_5" STYLEREFS="FONT0"/>
            <SP HEIGHT="132.28346456692913" WIDTH="39.37007874015748" VPOS="1628.3464566929133" HPOS="1445.6692913385828"/>
            <String HEIGHT="132.28346456692913" WIDTH="270.86614173228344" VPOS="1628.3464566929133" HPOS="1329.1338582677165" CONTENT="Rue" ID="tl_4_6" STYLEREFS="FONT0"/>
            <SP HEIGHT="132.28346456692913" WIDTH="39.37007874015748" VPOS="1628.3464566929133" HPOS="1600.0"/>
            <String HEIGHT="132.28346456692913" WIDTH="620.4724409448819" VPOS="1628.3464566929133" HPOS="1483.4645669291338" CONTENT="Beauvoisine," ID="tl_4_7" STYLEREFS="FONT0"/>
            <SP HEIGHT="132.28346456692913" WIDTH="39.37007874015748" VPOS="1628.3464566929133" HPOS="2103.9370078740158"/>
            <String HEIGHT="132.28346456692913" WIDTH="310.23622047244095" VPOS="1628.3464566929133" HPOS="1949.6062992125985" CONTENT="32" ID="tl_4_8" STYLEREFS="FONT0"/>
          </TextLine>
          <TextLine ID="tl_5" BASELINE="1141" HEIGHT="99.21259842519684" WIDTH="250.39370078740157" VPOS="1697.6377952755906" HPOS="593.7007874015748">
            <String HEIGHT="99.21259842519684" WIDTH="333.8582677165354" VPOS="1697.6377952755906" HPOS="510.23622047244095" CONTENT="Rouen." ID="tl_5_1" STYLEREFS="FONT0"/>
          </TextLine>
        </TextBlock>
        <TextBlock ID="r_2_2" HEIGHT="74.01574803149606" WIDTH="1911.8110236220473" VPOS="1795.275590551181" HPOS="335.43307086614175">
          <TextLine ID="tl_6" BASELINE="1207" HEIGHT="122.83464566929133" WIDTH="1932.283464566929" VPOS="1777.9527559055118" HPOS="325.98425196850394">
            <String HEIGHT="122.83464566929133" WIDTH="475.59055118110234" VPOS="1777.9527559055118" HPOS="294.48818897637796" CONTENT="979" ID="tl_6_1" STYLEREFS="FONT1"/>
            <SP HEIGHT="122.83464566929133" WIDTH="31.496062992125985" VPOS="1777.9527559055118" HPOS="770.0787401574803"/>
            <String HEIGHT="122.83464566929133" WIDTH="316.53543307086613" VPOS="1777.9527559055118" HPOS="674.0157480314961" CONTENT="Projet" ID="tl_6_2" STYLEREFS="FONT0"/>
            <SP HEIGHT="122.83464566929133" WIDTH="31.496062992125985" VPOS="1777.9527559055118" HPOS="990.5511811023622"/>
            <String HEIGHT="122.83464566929133" WIDTH="348.0314960629921" VPOS="1777.9527559055118" HPOS="896.0629921259842" CONTENT="d’hôtel" ID="tl_6_3" STYLEREFS="FONT0"/>
            <SP HEIGHT="122.83464566929133" WIDTH="31.496062992125985" VPOS="1777.9527559055118" HPOS="1244.0944881889764"/>
            <String HEIGHT="122.83464566929133" WIDTH="253.54330708661416" VPOS="1777.9527559055118" HPOS="1149.6062992125985" CONTENT="pour" ID="tl_6_4" STYLEREFS="FONT0"/>
            <SP HEIGHT="122.83464566929133" WIDTH="31.496062992125985" VPOS="1777.9527559055118" HPOS="1403.1496062992126"/>
            <String HEIGHT="122.83464566929133" WIDTH="222.04724409448818" VPOS="1777.9527559055118" HPOS="1308.6614173228347" CONTENT="les" ID="tl_6_5" STYLEREFS="FONT0"/>
            <SP HEIGHT="122.83464566929133" WIDTH="31.496062992125985" VPOS="1777.9527559055118" HPOS="1529.1338582677165"/>
            <String HEIGHT="122.83464566929133" WIDTH="697.6377952755905" VPOS="1777.9527559055118" HPOS="1434.6456692913387" CONTENT="Ponts-et-Chaussées" ID="tl_6_6" STYLEREFS="FONT0"/>
            <SP HEIGHT="122.83464566929133" WIDTH="31.496062992125985" VPOS="1777.9527559055118" HPOS="2132.283464566929"/>
            <String HEIGHT="122.83464566929133" WIDTH="190.5511811023622" VPOS="1777.9527559055118" HPOS="2036.2204724409448" CONTENT="et" ID="tl_6_7" STYLEREFS="FONT0"/>
            <SP HEIGHT="122.83464566929133" WIDTH="31.496062992125985" VPOS="1777.9527559055118" HPOS="2226.771653543307"/>
            <String HEIGHT="122.83464566929133" WIDTH="159.0551181102362" VPOS="1777.9527559055118" HPOS="2099.212598425197" CONTENT="les" ID="tl_6_8" STYLEREFS="FONT0"/>
          </TextLine>
        </TextBlock>
        <TextBlock ID="r_2_3" HEIGHT="70.86614173228347" WIDTH="570.0787401574803" VPOS="1861.4173228346456" HPOS="601.5748031496063">
          <TextLine ID="tl_7" BASELINE="1243" HEIGHT="107.08661417322834" WIDTH="590.5511811023622" VPOS="1850.3937007874015" HPOS="592.1259842519685">
            <String HEIGHT="107.08661417322834" WIDTH="296.06299212598424" VPOS="1850.3937007874015" HPOS="559.0551181102362" CONTENT="Mines" ID="tl_7_1" STYLEREFS="FONT0"/>
            <SP HEIGHT="107.08661417322834" WIDTH="33.07086614173228" VPOS="1850.3937007874015" HPOS="855.1181102362204"/>
            <String HEIGHT="107.08661417322834" WIDTH="196.8503937007874" VPOS="1850.3937007874015" HPOS="755.9055118110236" CONTENT="(2" ID="tl_7_2" STYLEREFS="FONT0"/>
            <SP HEIGHT="107.08661417322834" WIDTH="33.07086614173228" VPOS="1850.3937007874015" HPOS="952.7559055118111"/>
            <String HEIGHT="107.08661417322834" WIDTH="360.62992125984255" VPOS="1850.3937007874015" HPOS="822.0472440944882" CONTENT="châssis)." ID="tl_7_3" STYLEREFS="FONT0"/>
          </TextLine>
        </TextBlock>
        <TextBlock ID="r_2_4" HEIGHT="72.44094488188976" WIDTH="1108.6614173228347" VPOS="1954.3307086614172" HPOS="598.4251968503937">
          <TextLine ID="tl_8" BASELINE="1296" HEIGHT="99.21259842519684" WIDTH="1129.1338582677165" VPOS="1941.732283464567" HPOS="588.9763779527559">
            <String HEIGHT="99.21259842519684" WIDTH="193.70078740157481" VPOS="1941.732283464567" HPOS="557.4803149606299" CONTENT="1." ID="tl_8_1" STYLEREFS="FONT0"/>
            <SP HEIGHT="99.21259842519684" WIDTH="31.496062992125985" VPOS="1941.732283464567" HPOS="749.6062992125984"/>
            <String HEIGHT="99.21259842519684" WIDTH="289.76377952755905" VPOS="1941.732283464567" HPOS="653.5433070866142" CONTENT="Plan." ID="tl_8_2" STYLEREFS="FONT0"/>
            <SP HEIGHT="99.21259842519684" WIDTH="31.496062992125985" VPOS="1941.732283464567" HPOS="943.3070866141733"/>
            <String HEIGHT="99.21259842519684" WIDTH="160.62992125984252" VPOS="1941.732283464567" HPOS="847.2440944881889" CONTENT="—" ID="tl_8_3" STYLEREFS="FONT0"/>
            <SP HEIGHT="99.21259842519684" WIDTH="31.496062992125985" VPOS="1941.732283464567" HPOS="1007.8740157480315"/>
            <String HEIGHT="99.21259842519684" WIDTH="193.70078740157481" VPOS="1941.732283464567" HPOS="911.8110236220473" CONTENT="2." ID="tl_8_4" STYLEREFS="FONT0"/>
            <SP HEIGHT="99.21259842519684" WIDTH="31.496062992125985" VPOS="1941.732283464567" HPOS="1105.5118110236222"/>
            <String HEIGHT="99.21259842519684" WIDTH="418.8976377952756" VPOS="1941.732283464567" HPOS="1007.8740157480315" CONTENT="Elévation" ID="tl_8_5" STYLEREFS="FONT0"/>
            <SP HEIGHT="99.21259842519684" WIDTH="31.496062992125985" VPOS="1941.732283464567" HPOS="1428.3464566929133"/>
            <String HEIGHT="99.21259842519684" WIDTH="418.8976377952756" VPOS="1941.732283464567" HPOS="1299.2125984251968" CONTENT="principale." ID="tl_8_6" STYLEREFS="FONT0"/>
          </TextLine>
        </TextBlock>
        <TextBlock ID="r_2_5" HEIGHT="204.7244094488189" WIDTH="1711.8110236220473" VPOS="2072.4409448818897" HPOS="538.5826771653543">
          <TextLine ID="tl_9" BASELINE="1366" HEIGHT="114.96062992125984" WIDTH="1729.1338582677165" VPOS="2036.2204724409448" HPOS="530.7086614173228">
            <String HEIGHT="114.96062992125984" WIDTH="414.1732283464567" VPOS="2036.2204724409448" HPOS="492.9133858267717" CONTENT="BOUCHER" ID="tl_9_1" STYLEREFS="FONT0"/>
            <SP HEIGHT="114.96062992125984" WIDTH="37.79527559055118" VPOS="2036.2204724409448" HPOS="907.0866141732283"/>
            <String HEIGHT="114.96062992125984" WIDTH="488.18897637795277" VPOS="2036.2204724409448" HPOS="793.7007874015748" CONTENT="(Eugène)," ID="tl_9_2" STYLEREFS="FONT0"/>
            <SP HEIGHT="114.96062992125984" WIDTH="37.79527559055118" VPOS="2036.2204724409448" HPOS="1281.8897637795276"/>
            <String HEIGHT="114.96062992125984" WIDTH="225.1968503937008" VPOS="2036.2204724409448" HPOS="1170.0787401574803" CONTENT="né" ID="tl_9_3" STYLEREFS="FONT0"/>
            <SP HEIGHT="114.96062992125984" WIDTH="37.79527559055118" VPOS="2036.2204724409448" HPOS="1395.275590551181"/>
            <String HEIGHT="114.96062992125984" WIDTH="187.4015748031496" VPOS="2036.2204724409448" HPOS="1281.8897637795276" CONTENT="à" ID="tl_9_4" STYLEREFS="FONT0"/>
            <SP HEIGHT="114.96062992125984" WIDTH="37.79527559055118" VPOS="2036.2204724409448" HPOS="1470.8661417322835"/>
            <String HEIGHT="114.96062992125984" WIDTH="376.37795275590554" VPOS="2036.2204724409448" HPOS="1357.4803149606298" CONTENT="Rouen," ID="tl_9_5" STYLEREFS="FONT0"/>
            <SP HEIGHT="114.96062992125984" WIDTH="37.79527559055118" VPOS="2036.2204724409448" HPOS="1733.8582677165355"/>
            <String HEIGHT="114.96062992125984" WIDTH="338.5826771653543" VPOS="2036.2204724409448" HPOS="1620.4724409448818" CONTENT="élève" ID="tl_9_6" STYLEREFS="FONT0"/>
            <SP HEIGHT="114.96062992125984" WIDTH="37.79527559055118" VPOS="2036.2204724409448" HPOS="1959.0551181102362"/>
            <String HEIGHT="114.96062992125984" WIDTH="225.1968503937008" VPOS="2036.2204724409448" HPOS="1845.6692913385828" CONTENT="de" ID="tl_9_7" STYLEREFS="FONT0"/>
            <SP HEIGHT="114.96062992125984" WIDTH="37.79527559055118" VPOS="2036.2204724409448" HPOS="2072.4409448818897"/>
            <String HEIGHT="114.96062992125984" WIDTH="338.5826771653543" VPOS="2036.2204724409448" HPOS="1921.259842519685" CONTENT="l’Ecole" ID="tl_9_8" STYLEREFS="FONT0"/>
          </TextLine>
          <TextLine ID="tl_10" BASELINE="1401" HEIGHT="75.59055118110236" WIDTH="1669.291338582677" VPOS="2130.7086614173227" HPOS="585.8267716535433">
            <String HEIGHT="75.59055118110236" WIDTH="461.4173228346457" VPOS="2130.7086614173227" HPOS="549.6062992125984" CONTENT="régionale" ID="tl_10_1" STYLEREFS="FONT0"/>
            <SP HEIGHT="75.59055118110236" WIDTH="36.22047244094488" VPOS="2130.7086614173227" HPOS="1012.5984251968504"/>
            <String HEIGHT="75.59055118110236" WIDTH="248.8188976377953" VPOS="2130.7086614173227" HPOS="905.511811023622" CONTENT="des" ID="tl_10_2" STYLEREFS="FONT0"/>
            <SP HEIGHT="75.59055118110236" WIDTH="36.22047244094488" VPOS="2130.7086614173227" HPOS="1154.3307086614172"/>
            <String HEIGHT="75.59055118110236" WIDTH="497.6377952755906" VPOS="2130.7086614173227" HPOS="1047.244094488189" CONTENT="Beaux-Arts" ID="tl_10_3" STYLEREFS="FONT0"/>
            <SP HEIGHT="75.59055118110236" WIDTH="36.22047244094488" VPOS="2130.7086614173227" HPOS="1544.8818897637796"/>
            <String HEIGHT="75.59055118110236" WIDTH="212.5984251968504" VPOS="2130.7086614173227" HPOS="1437.7952755905512" CONTENT="de" ID="tl_10_4" STYLEREFS="FONT0"/>
            <SP HEIGHT="75.59055118110236" WIDTH="36.22047244094488" VPOS="2130.7086614173227" HPOS="1651.9685039370079"/>
            <String HEIGHT="75.59055118110236" WIDTH="319.68503937007875" VPOS="2130.7086614173227" HPOS="1544.8818897637796" CONTENT="Rouen" ID="tl_10_5" STYLEREFS="FONT0"/>
            <SP HEIGHT="75.59055118110236" WIDTH="36.22047244094488" VPOS="2130.7086614173227" HPOS="1864.5669291338584"/>
            <String HEIGHT="75.59055118110236" WIDTH="212.5984251968504" VPOS="2130.7086614173227" HPOS="1757.4803149606298" CONTENT="et" ID="tl_10_6" STYLEREFS="FONT0"/>
            <SP HEIGHT="75.59055118110236" WIDTH="36.22047244094488" VPOS="2130.7086614173227" HPOS="1971.6535433070867"/>
            <String HEIGHT="75.59055118110236" WIDTH="212.5984251968504" VPOS="2130.7086614173227" HPOS="1864.5669291338584" CONTENT="de" ID="tl_10_7" STYLEREFS="FONT0"/>
            <SP HEIGHT="75.59055118110236" WIDTH="36.22047244094488" VPOS="2130.7086614173227" HPOS="2077.165354330709"/>
            <String HEIGHT="75.59055118110236" WIDTH="248.8188976377953" VPOS="2130.7086614173227" HPOS="1971.6535433070867" CONTENT="MM." ID="tl_10_8" STYLEREFS="FONT0"/>
            <SP HEIGHT="75.59055118110236" WIDTH="36.22047244094488" VPOS="2130.7086614173227" HPOS="2218.8976377952754"/>
            <String HEIGHT="75.59055118110236" WIDTH="177.95275590551182" VPOS="2130.7086614173227" HPOS="2077.165354330709" CONTENT="Ch." ID="tl_10_9" STYLEREFS="FONT0"/>
          </TextLine>
          <TextLine ID="tl_11" BASELINE="1461" HEIGHT="102.36220472440945" WIDTH="1662.992125984252" VPOS="2198.4251968503936" HPOS="590.5511811023622">
            <String HEIGHT="102.36220472440945" WIDTH="346.45669291338584" VPOS="2198.4251968503936" HPOS="555.9055118110236" CONTENT="Fleury" ID="tl_11_1" STYLEREFS="FONT0"/>
            <SP HEIGHT="102.36220472440945" WIDTH="34.645669291338585" VPOS="2198.4251968503936" HPOS="902.3622047244095"/>
            <String HEIGHT="102.36220472440945" WIDTH="207.8740157480315" VPOS="2198.4251968503936" HPOS="798.4251968503937" CONTENT="et" ID="tl_11_2" STYLEREFS="FONT0"/>
            <SP HEIGHT="102.36220472440945" WIDTH="34.645669291338585" VPOS="2198.4251968503936" HPOS="1006.2992125984252"/>
            <String HEIGHT="102.36220472440945" WIDTH="207.8740157480315" VPOS="2198.4251968503936" HPOS="902.3622047244095" CONTENT="E." ID="tl_11_3" STYLEREFS="FONT0"/>
            <SP HEIGHT="102.36220472440945" WIDTH="34.645669291338585" VPOS="2198.4251968503936" HPOS="1110.236220472441"/>
            <String HEIGHT="102.36220472440945" WIDTH="346.45669291338584" VPOS="2198.4251968503936" HPOS="1006.2992125984252" CONTENT="Janet." ID="tl_11_4" STYLEREFS="FONT0"/>
            <SP HEIGHT="102.36220472440945" WIDTH="34.645669291338585" VPOS="2198.4251968503936" HPOS="1352.755905511811"/>
            <String HEIGHT="102.36220472440945" WIDTH="173.22834645669292" VPOS="2198.4251968503936" HPOS="1248.8188976377953" CONTENT="—" ID="tl_11_5" STYLEREFS="FONT0"/>
            <SP HEIGHT="102.36220472440945" WIDTH="34.645669291338585" VPOS="2198.4251968503936" HPOS="1422.0472440944882"/>
            <String HEIGHT="102.36220472440945" WIDTH="242.51968503937007" VPOS="2198.4251968503936" HPOS="1318.1102362204724" CONTENT="Rue" ID="tl_11_6" STYLEREFS="FONT0"/>
            <SP HEIGHT="102.36220472440945" WIDTH="34.645669291338585" VPOS="2198.4251968503936" HPOS="1560.6299212598426"/>
            <String HEIGHT="102.36220472440945" WIDTH="519.6850393700787" VPOS="2198.4251968503936" HPOS="1456.6929133858268" CONTENT="Parmentier," ID="tl_11_7" STYLEREFS="FONT0"/>
            <SP HEIGHT="102.36220472440945" WIDTH="34.645669291338585" VPOS="2198.4251968503936" HPOS="1976.3779527559054"/>
            <String HEIGHT="102.36220472440945" WIDTH="242.51968503937007" VPOS="2198.4251968503936" HPOS="1872.4409448818897" CONTENT="20," ID="tl_11_8" STYLEREFS="FONT0"/>
            <SP HEIGHT="102.36220472440945" WIDTH="34.645669291338585" VPOS="2198.4251968503936" HPOS="2114.9606299212596"/>
            <String HEIGHT="102.36220472440945" WIDTH="277.1653543307087" VPOS="2198.4251968503936" HPOS="1976.3779527559054" CONTENT="Rouen." ID="tl_11_9" STYLEREFS="FONT0"/>
          </TextLine>
        </TextBlock>
        <TextBlock ID="r_2_6" HEIGHT="77.16535433070867" WIDTH="1571.6535433070867" VPOS="2292.9133858267714" HPOS="332.2834645669291">
          <TextLine ID="tl_12" BASELINE="1513" HEIGHT="143.30708661417322" WIDTH="1590.5511811023623" VPOS="2239.3700787401576" HPOS="322.8346456692913">
            <String HEIGHT="143.30708661417322" WIDTH="433.07086614173227" VPOS="2239.3700787401576" HPOS="294.48818897637796" CONTENT="980" ID="tl_12_1" STYLEREFS="FONT1"/>
            <SP HEIGHT="143.30708661417322" WIDTH="28.346456692913385" VPOS="2239.3700787401576" HPOS="727.5590551181102"/>
            <String HEIGHT="143.30708661417322" WIDTH="318.1102362204724" VPOS="2239.3700787401576" HPOS="640.9448818897638" CONTENT="Relevés" ID="tl_12_2" STYLEREFS="FONT0"/>
            <SP HEIGHT="143.30708661417322" WIDTH="28.346456692913385" VPOS="2239.3700787401576" HPOS="959.0551181102362"/>
            <String HEIGHT="143.30708661417322" WIDTH="521.2598425196851" VPOS="2239.3700787401576" HPOS="872.4409448818898" CONTENT="d'architecture" ID="tl_12_3" STYLEREFS="FONT0"/>
            <SP HEIGHT="143.30708661417322" WIDTH="28.346456692913385" VPOS="2239.3700787401576" HPOS="1392.1259842519685"/>
            <String HEIGHT="143.30708661417322" WIDTH="289.76377952755905" VPOS="2239.3700787401576" HPOS="1305.5118110236222" CONTENT="(style" ID="tl_12_4" STYLEREFS="FONT0"/>
            <SP HEIGHT="143.30708661417322" WIDTH="28.346456692913385" VPOS="2239.3700787401576" HPOS="1595.275590551181"/>
            <String HEIGHT="143.30708661417322" WIDTH="259.84251968503935" VPOS="2239.3700787401576" HPOS="1508.6614173228347" CONTENT="Louis" ID="tl_12_5" STYLEREFS="FONT0"/>
            <SP HEIGHT="143.30708661417322" WIDTH="28.346456692913385" VPOS="2239.3700787401576" HPOS="1768.5039370078741"/>
            <String HEIGHT="143.30708661417322" WIDTH="259.84251968503935" VPOS="2239.3700787401576" HPOS="1681.8897637795276" CONTENT="XIII)" ID="tl_12_6" STYLEREFS="FONT0"/>
            <SP HEIGHT="143.30708661417322" WIDTH="28.346456692913385" VPOS="2239.3700787401576" HPOS="1941.732283464567"/>
            <String HEIGHT="143.30708661417322" WIDTH="86.61417322834646" VPOS="2239.3700787401576" HPOS="1826.7716535433071" CONTENT=":" ID="tl_12_7" STYLEREFS="FONT0"/>
          </TextLine>
        </TextBlock>
        <TextBlock ID="r_2_7" HEIGHT="203.1496062992126" WIDTH="1718.1102362204724" VPOS="2387.4015748031497" HPOS="530.7086614173228">
          <TextLine ID="tl_13" BASELINE="1560" HEIGHT="94.48818897637796" WIDTH="1669.291338582677" VPOS="2362.2047244094488" HPOS="587.4015748031496">
            <String HEIGHT="94.48818897637796" WIDTH="340.15748031496065" VPOS="2362.2047244094488" HPOS="552.7559055118111" CONTENT="Portes" ID="tl_13_1" STYLEREFS="FONT0"/>
            <SP HEIGHT="94.48818897637796" WIDTH="34.645669291338585" VPOS="2362.2047244094488" HPOS="894.488188976378"/>
            <String HEIGHT="94.48818897637796" WIDTH="170.07874015748033" VPOS="2362.2047244094488" HPOS="792.1259842519685" CONTENT="à" ID="tl_13_2" STYLEREFS="FONT0"/>
            <SP HEIGHT="94.48818897637796" WIDTH="34.645669291338585" VPOS="2362.2047244094488" HPOS="962.2047244094488"/>
            <String HEIGHT="94.48818897637796" WIDTH="647.2440944881889" VPOS="2362.2047244094488" HPOS="859.8425196850394" CONTENT="Petit-Quevilly," ID="tl_13_3" STYLEREFS="FONT0"/>
            <SP HEIGHT="94.48818897637796" WIDTH="34.645669291338585" VPOS="2362.2047244094488" HPOS="1507.0866141732283"/>
            <String HEIGHT="94.48818897637796" WIDTH="340.15748031496065" VPOS="2362.2047244094488" HPOS="1404.724409448819" CONTENT="manoir" ID="tl_13_4" STYLEREFS="FONT0"/>
            <SP HEIGHT="94.48818897637796" WIDTH="34.645669291338585" VPOS="2362.2047244094488" HPOS="1746.4566929133857"/>
            <String HEIGHT="94.48818897637796" WIDTH="340.15748031496065" VPOS="2362.2047244094488" HPOS="1644.0944881889764" CONTENT="Queval" ID="tl_13_5" STYLEREFS="FONT0"/>
            <SP HEIGHT="94.48818897637796" WIDTH="34.645669291338585" VPOS="2362.2047244094488" HPOS="1984.251968503937"/>
            <String HEIGHT="94.48818897637796" WIDTH="409.4488188976378" VPOS="2362.2047244094488" HPOS="1847.244094488189" CONTENT="(restaura" SUBS_TYPE="HypPart1" SUBS_CONTENT="(restauration);" ID="tl_13_6" STYLEREFS="FONT0"/>
            <HYP CONTENT="-"/>
          </TextLine>
          <TextLine ID="tl_14" BASELINE="1600" HEIGHT="94.48818897637796" WIDTH="1738.5826771653544" VPOS="2425.196850393701" HPOS="519.6850393700787">
            <String HEIGHT="94.48818897637796" WIDTH="321.25984251968504" VPOS="2425.196850393701" HPOS="488.18897637795277" CONTENT="tion);" SUBS_TYPE="HypPart2" SUBS_CONTENT="(restauration);" ID="tl_14_1" STYLEREFS="FONT0"/>
            <SP HEIGHT="94.48818897637796" WIDTH="31.496062992125985" VPOS="2425.196850393701" HPOS="809.4488188976378"/>
            <String HEIGHT="94.48818897637796" WIDTH="483.46456692913387" VPOS="2425.196850393701" HPOS="713.3858267716536" CONTENT="rendez-vous" ID="tl_14_2" STYLEREFS="FONT0"/>
            <SP HEIGHT="94.48818897637796" WIDTH="31.496062992125985" VPOS="2425.196850393701" HPOS="1195.275590551181"/>
            <String HEIGHT="94.48818897637796" WIDTH="193.70078740157481" VPOS="2425.196850393701" HPOS="1099.2125984251968" CONTENT="de" ID="tl_14_3" STYLEREFS="FONT0"/>
            <SP HEIGHT="94.48818897637796" WIDTH="31.496062992125985" VPOS="2425.196850393701" HPOS="1292.9133858267717"/>
            <String HEIGHT="94.48818897637796" WIDTH="321.25984251968504" VPOS="2425.196850393701" HPOS="1195.275590551181" CONTENT="chasse" ID="tl_14_4" STYLEREFS="FONT0"/>
            <SP HEIGHT="94.48818897637796" WIDTH="31.496062992125985" VPOS="2425.196850393701" HPOS="1518.1102362204724"/>
            <String HEIGHT="94.48818897637796" WIDTH="289.76377952755905" VPOS="2425.196850393701" HPOS="1420.4724409448818" CONTENT="(état" ID="tl_14_5" STYLEREFS="FONT0"/>
            <SP HEIGHT="94.48818897637796" WIDTH="31.496062992125985" VPOS="2425.196850393701" HPOS="1710.236220472441"/>
            <String HEIGHT="94.48818897637796" WIDTH="321.25984251968504" VPOS="2425.196850393701" HPOS="1614.1732283464567" CONTENT="actuel" ID="tl_14_6" STYLEREFS="FONT0"/>
            <SP HEIGHT="94.48818897637796" WIDTH="31.496062992125985" VPOS="2425.196850393701" HPOS="1937.007874015748"/>
            <String HEIGHT="94.48818897637796" WIDTH="193.70078740157481" VPOS="2425.196850393701" HPOS="1839.3700787401574" CONTENT="et" ID="tl_14_7" STYLEREFS="FONT0"/>
            <SP HEIGHT="94.48818897637796" WIDTH="31.496062992125985" VPOS="2425.196850393701" HPOS="2033.0708661417323"/>
            <String HEIGHT="94.48818897637796" WIDTH="354.3307086614173" VPOS="2425.196850393701" HPOS="1903.9370078740158" CONTENT="restaura" SUBS_TYPE="HypPart1" SUBS_CONTENT="restauration," ID="tl_14_8" STYLEREFS="FONT0"/>
            <HYP CONTENT="-"/>
          </TextLine>
          <TextLine ID="tl_15" BASELINE="1649" HEIGHT="88.18897637795276" WIDTH="1373.2283464566929" VPOS="2508.6614173228345" HPOS="521.2598425196851">
            <String HEIGHT="88.18897637795276" WIDTH="280.31496062992125" VPOS="2508.6614173228345" HPOS="489.76377952755905" CONTENT="tion," SUBS_TYPE="HypPart2" SUBS_CONTENT="restauration," ID="tl_15_1" STYLEREFS="FONT0"/>
            <SP HEIGHT="88.18897637795276" WIDTH="31.496062992125985" VPOS="2508.6614173228345" HPOS="771.6535433070866"/>
            <String HEIGHT="88.18897637795276" WIDTH="374.8031496062992" VPOS="2508.6614173228345" HPOS="677.1653543307086" CONTENT="détails," ID="tl_15_2" STYLEREFS="FONT0"/>
            <SP HEIGHT="88.18897637795276" WIDTH="31.496062992125985" VPOS="2508.6614173228345" HPOS="1051.9685039370079"/>
            <String HEIGHT="88.18897637795276" WIDTH="218.89763779527559" VPOS="2508.6614173228345" HPOS="957.4803149606299" CONTENT="rue" ID="tl_15_3" STYLEREFS="FONT0"/>
            <SP HEIGHT="88.18897637795276" WIDTH="31.496062992125985" VPOS="2508.6614173228345" HPOS="1176.3779527559054"/>
            <String HEIGHT="88.18897637795276" WIDTH="311.81102362204723" VPOS="2508.6614173228345" HPOS="1083.4645669291338" CONTENT="Verte," ID="tl_15_4" STYLEREFS="FONT0"/>
            <SP HEIGHT="88.18897637795276" WIDTH="31.496062992125985" VPOS="2508.6614173228345" HPOS="1395.275590551181"/>
            <String HEIGHT="88.18897637795276" WIDTH="155.90551181102362" VPOS="2508.6614173228345" HPOS="1300.7874015748032" CONTENT="à" ID="tl_15_5" STYLEREFS="FONT0"/>
            <SP HEIGHT="88.18897637795276" WIDTH="31.496062992125985" VPOS="2508.6614173228345" HPOS="1458.267716535433"/>
            <String HEIGHT="88.18897637795276" WIDTH="562.2047244094488" VPOS="2508.6614173228345" HPOS="1332.283464566929" CONTENT="Petit" ID="tl_15_6" STYLEREFS="FONT0"/>
          </TextLine>
        </TextBlock>
        <TextBlock ID="r_2_8" HEIGHT="129.13385826771653" WIDTH="1711.8110236220473" VPOS="2636.220472440945" HPOS="530.7086614173228">
          <TextLine ID="tl_16" BASELINE="1731" HEIGHT="138.58267716535434" WIDTH="1732.283464566929" VPOS="2587.4015748031497" HPOS="519.6850393700787">
            <String HEIGHT="138.58267716535434" WIDTH="459.84251968503935" VPOS="2587.4015748031497" HPOS="485.03937007874015" CONTENT="BOURIENNE" ID="tl_16_1" STYLEREFS="FONT0"/>
            <SP HEIGHT="138.58267716535434" WIDTH="34.645669291338585" VPOS="2587.4015748031497" HPOS="943.3070866141733"/>
            <String HEIGHT="138.58267716535434" WIDTH="494.48818897637796" VPOS="2587.4015748031497" HPOS="837.7952755905512" CONTENT="(Georges)," ID="tl_16_2" STYLEREFS="FONT0"/>
            <SP HEIGHT="138.58267716535434" WIDTH="34.645669291338585" VPOS="2587.4015748031497" HPOS="1332.283464566929"/>
            <String HEIGHT="138.58267716535434" WIDTH="212.5984251968504" VPOS="2587.4015748031497" HPOS="1226.7716535433071" CONTENT="né" ID="tl_16_3" STYLEREFS="FONT0"/>
            <SP HEIGHT="138.58267716535434" WIDTH="34.645669291338585" VPOS="2587.4015748031497" HPOS="1439.3700787401574"/>
            <String HEIGHT="138.58267716535434" WIDTH="176.3779527559055" VPOS="2587.4015748031497" HPOS="1332.283464566929" CONTENT="à" ID="tl_16_4" STYLEREFS="FONT0"/>
            <SP HEIGHT="138.58267716535434" WIDTH="34.645669291338585" VPOS="2587.4015748031497" HPOS="1510.236220472441"/>
            <String HEIGHT="138.58267716535434" WIDTH="352.755905511811" VPOS="2587.4015748031497" HPOS="1403.1496062992126" CONTENT="Rouen." ID="tl_16_5" STYLEREFS="FONT0"/>
            <SP HEIGHT="138.58267716535434" WIDTH="34.645669291338585" VPOS="2587.4015748031497" HPOS="1757.4803149606298"/>
            <String HEIGHT="138.58267716535434" WIDTH="176.3779527559055" VPOS="2587.4015748031497" HPOS="1650.3937007874015" CONTENT="—" ID="tl_16_6" STYLEREFS="FONT0"/>
            <SP HEIGHT="138.58267716535434" WIDTH="34.645669291338585" VPOS="2587.4015748031497" HPOS="1828.3464566929133"/>
            <String HEIGHT="138.58267716535434" WIDTH="247.24409448818898" VPOS="2587.4015748031497" HPOS="1721.259842519685" CONTENT="Rue" ID="tl_16_7" STYLEREFS="FONT0"/>
            <SP HEIGHT="138.58267716535434" WIDTH="34.645669291338585" VPOS="2587.4015748031497" HPOS="1968.5039370078741"/>
            <String HEIGHT="138.58267716535434" WIDTH="423.62204724409446" VPOS="2587.4015748031497" HPOS="1828.3464566929133" CONTENT="Lafayette," ID="tl_16_8" STYLEREFS="FONT0"/>
          </TextLine>
          <TextLine ID="tl_17" BASELINE="1772" HEIGHT="96.06299212598425" WIDTH="371.65354330708664" VPOS="2694.488188976378" HPOS="585.8267716535433">
            <String HEIGHT="96.06299212598425" WIDTH="259.84251968503935" VPOS="2694.488188976378" HPOS="548.0314960629921" CONTENT="81," ID="tl_17_1" STYLEREFS="FONT0"/>
            <SP HEIGHT="96.06299212598425" WIDTH="37.79527559055118" VPOS="2694.488188976378" HPOS="809.4488188976378"/>
            <String HEIGHT="96.06299212598425" WIDTH="297.6377952755906" VPOS="2694.488188976378" HPOS="659.8425196850394" CONTENT="Rouen." ID="tl_17_2" STYLEREFS="FONT0"/>
          </TextLine>
        </TextBlock>
        <TextBlock ID="r_2_9" HEIGHT="77.16535433070867" WIDTH="1754.3307086614172" VPOS="2793.700787401575" HPOS="330.70866141732284">
          <TextLine ID="tl_18" BASELINE="1844" HEIGHT="143.30708661417322" WIDTH="1774.8031496062993" VPOS="2760.6299212598424" HPOS="319.68503937007875">
            <String HEIGHT="143.30708661417322" WIDTH="444.09448818897636" VPOS="2760.6299212598424" HPOS="289.76377952755905" CONTENT="981" ID="tl_18_1" STYLEREFS="FONT1"/>
            <SP HEIGHT="143.30708661417322" WIDTH="29.921259842519685" VPOS="2760.6299212598424" HPOS="733.8582677165355"/>
            <String HEIGHT="143.30708661417322" WIDTH="296.06299212598424" VPOS="2760.6299212598424" HPOS="645.6692913385826" CONTENT="Entrée" ID="tl_18_2" STYLEREFS="FONT0"/>
            <SP HEIGHT="143.30708661417322" WIDTH="29.921259842519685" VPOS="2760.6299212598424" HPOS="940.1574803149606"/>
            <String HEIGHT="143.30708661417322" WIDTH="414.1732283464567" VPOS="2760.6299212598424" HPOS="851.9685039370079" CONTENT="principale" ID="tl_18_3" STYLEREFS="FONT0"/>
            <SP HEIGHT="143.30708661417322" WIDTH="29.921259842519685" VPOS="2760.6299212598424" HPOS="1266.1417322834645"/>
            <String HEIGHT="143.30708661417322" WIDTH="236.2204724409449" VPOS="2760.6299212598424" HPOS="1177.9527559055118" CONTENT="d’un" ID="tl_18_4" STYLEREFS="FONT0"/>
            <SP HEIGHT="143.30708661417322" WIDTH="29.921259842519685" VPOS="2760.6299212598424" HPOS="1414.1732283464567"/>
            <String HEIGHT="143.30708661417322" WIDTH="384.251968503937" VPOS="2760.6299212598424" HPOS="1325.984251968504" CONTENT="cimetière" ID="tl_18_5" STYLEREFS="FONT0"/>
            <SP HEIGHT="143.30708661417322" WIDTH="29.921259842519685" VPOS="2760.6299212598424" HPOS="1710.236220472441"/>
            <String HEIGHT="143.30708661417322" WIDTH="266.1417322834646" VPOS="2760.6299212598424" HPOS="1620.4724409448818" CONTENT="(deux" ID="tl_18_6" STYLEREFS="FONT0"/>
            <SP HEIGHT="143.30708661417322" WIDTH="29.921259842519685" VPOS="2760.6299212598424" HPOS="1888.1889763779527"/>
            <String HEIGHT="143.30708661417322" WIDTH="325.98425196850394" VPOS="2760.6299212598424" HPOS="1768.5039370078741" CONTENT="châssis)." ID="tl_18_7" STYLEREFS="FONT0"/>
          </TextLine>
        </TextBlock>
        <TextBlock ID="r_2_10" HEIGHT="72.44094488188976" WIDTH="1129.1338582677165" VPOS="2888.1889763779527" HPOS="1048.8188976377953">
          <TextLine ID="tl_19" BASELINE="1890" HEIGHT="97.63779527559055" WIDTH="1151.1811023622047" VPOS="2878.740157480315" HPOS="1037.7952755905512">
            <String HEIGHT="97.63779527559055" WIDTH="229.92125984251967" VPOS="2878.740157480315" HPOS="1004.7244094488188" CONTENT="(En" ID="tl_19_1" STYLEREFS="FONT0"/>
            <SP HEIGHT="97.63779527559055" WIDTH="33.07086614173228" VPOS="2878.740157480315" HPOS="1234.6456692913387"/>
            <String HEIGHT="97.63779527559055" WIDTH="559.0551181102362" VPOS="2878.740157480315" HPOS="1137.007874015748" CONTENT="collaboration" ID="tl_19_2" STYLEREFS="FONT0"/>
            <SP HEIGHT="97.63779527559055" WIDTH="33.07086614173228" VPOS="2878.740157480315" HPOS="1696.0629921259842"/>
            <String HEIGHT="97.63779527559055" WIDTH="262.99212598425197" VPOS="2878.740157480315" HPOS="1596.8503937007874" CONTENT="avec" ID="tl_19_3" STYLEREFS="FONT0"/>
            <SP HEIGHT="97.63779527559055" WIDTH="33.07086614173228" VPOS="2878.740157480315" HPOS="1859.8425196850394"/>
            <String HEIGHT="97.63779527559055" WIDTH="196.8503937007874" VPOS="2878.740157480315" HPOS="1760.6299212598426" CONTENT="M." ID="tl_19_4" STYLEREFS="FONT0"/>
            <SP HEIGHT="97.63779527559055" WIDTH="33.07086614173228" VPOS="2878.740157480315" HPOS="1959.0551181102362"/>
            <String HEIGHT="97.63779527559055" WIDTH="196.8503937007874" VPOS="2878.740157480315" HPOS="1859.8425196850394" CONTENT="J." ID="tl_19_5" STYLEREFS="FONT0"/>
            <SP HEIGHT="97.63779527559055" WIDTH="33.07086614173228" VPOS="2878.740157480315" HPOS="2056.6929133858266"/>
            <String HEIGHT="97.63779527559055" WIDTH="262.99212598425197" VPOS="2878.740157480315" HPOS="1925.984251968504" CONTENT="DÉIS.)" ID="tl_19_6" STYLEREFS="FONT0"/>
          </TextLine>
        </TextBlock>
        <TextBlock ID="r_2_11" HEIGHT="211.0236220472441" WIDTH="1718.1102362204724" VPOS="2993.700787401575" HPOS="527.5590551181102">
          <TextLine ID="tl_20" BASELINE="1957" HEIGHT="100.78740157480316" WIDTH="1738.5826771653544" VPOS="2981.1023622047246" HPOS="518.1102362204724">
            <String HEIGHT="100.78740157480316" WIDTH="496.06299212598424" VPOS="2981.1023622047246" HPOS="477.1653543307087" CONTENT="CHÉDANNE" ID="tl_20_1" STYLEREFS="FONT0"/>
            <SP HEIGHT="100.78740157480316" WIDTH="40.94488188976378" VPOS="2981.1023622047246" HPOS="973.2283464566929"/>
            <String HEIGHT="100.78740157480316" WIDTH="579.5275590551181" VPOS="2981.1023622047246" HPOS="848.8188976377953" CONTENT="(Georges)," ID="tl_20_2" STYLEREFS="FONT0"/>
            <SP HEIGHT="100.78740157480316" WIDTH="40.94488188976378" VPOS="2981.1023622047246" HPOS="1428.3464566929133"/>
            <String HEIGHT="100.78740157480316" WIDTH="248.8188976377953" VPOS="2981.1023622047246" HPOS="1303.9370078740158" CONTENT="né" ID="tl_20_3" STYLEREFS="FONT0"/>
            <SP HEIGHT="100.78740157480316" WIDTH="40.94488188976378" VPOS="2981.1023622047246" HPOS="1552.755905511811"/>
            <String HEIGHT="100.78740157480316" WIDTH="206.29921259842519" VPOS="2981.1023622047246" HPOS="1428.3464566929133" CONTENT="à" ID="tl_20_4" STYLEREFS="FONT0"/>
            <SP HEIGHT="100.78740157480316" WIDTH="40.94488188976378" VPOS="2981.1023622047246" HPOS="1636.2204724409448"/>
            <String HEIGHT="100.78740157480316" WIDTH="496.06299212598424" VPOS="2981.1023622047246" HPOS="1511.8110236220473" CONTENT="Maromme," ID="tl_20_5" STYLEREFS="FONT0"/>
            <SP HEIGHT="100.78740157480316" WIDTH="40.94488188976378" VPOS="2981.1023622047246" HPOS="2007.8740157480315"/>
            <String HEIGHT="100.78740157480316" WIDTH="373.2283464566929" VPOS="2981.1023622047246" HPOS="1883.4645669291338" CONTENT="élève" ID="tl_20_6" STYLEREFS="FONT0"/>
            <SP HEIGHT="100.78740157480316" WIDTH="40.94488188976378" VPOS="2981.1023622047246" HPOS="2256.6929133858266"/>
            <String HEIGHT="100.78740157480316" WIDTH="165.35433070866142" VPOS="2981.1023622047246" HPOS="2091.3385826771655" CONTENT="de" ID="tl_20_7" STYLEREFS="FONT0"/>
          </TextLine>
          <TextLine ID="tl_21" BASELINE="1997" HEIGHT="78.74015748031496" WIDTH="1664.5669291338584" VPOS="3066.1417322834645" HPOS="587.4015748031496">
            <String HEIGHT="78.74015748031496" WIDTH="233.0708661417323" VPOS="3066.1417322834645" HPOS="554.3307086614174" CONTENT="MM." ID="tl_21_1" STYLEREFS="FONT0"/>
            <SP HEIGHT="78.74015748031496" WIDTH="33.07086614173228" VPOS="3066.1417322834645" HPOS="787.4015748031496"/>
            <String HEIGHT="78.74015748031496" WIDTH="233.0708661417323" VPOS="3066.1417322834645" HPOS="686.6141732283464" CONTENT="Ch." ID="tl_21_2" STYLEREFS="FONT0"/>
            <SP HEIGHT="78.74015748031496" WIDTH="33.07086614173228" VPOS="3066.1417322834645" HPOS="919.6850393700787"/>
            <String HEIGHT="78.74015748031496" WIDTH="332.2834645669291" VPOS="3066.1417322834645" HPOS="820.4724409448819" CONTENT="Fleury" ID="tl_21_3" STYLEREFS="FONT0"/>
            <SP HEIGHT="78.74015748031496" WIDTH="33.07086614173228" VPOS="3066.1417322834645" HPOS="1152.755905511811"/>
            <String HEIGHT="78.74015748031496" WIDTH="200.0" VPOS="3066.1417322834645" HPOS="1053.5433070866143" CONTENT="et" ID="tl_21_4" STYLEREFS="FONT0"/>
            <SP HEIGHT="78.74015748031496" WIDTH="33.07086614173228" VPOS="3066.1417322834645" HPOS="1253.5433070866143"/>
            <String HEIGHT="78.74015748031496" WIDTH="366.92913385826773" VPOS="3066.1417322834645" HPOS="1152.755905511811" CONTENT="Guadet;" ID="tl_21_5" STYLEREFS="FONT0"/>
            <SP HEIGHT="78.74015748031496" WIDTH="33.07086614173228" VPOS="3066.1417322834645" HPOS="1519.6850393700788"/>
            <String HEIGHT="78.74015748031496" WIDTH="299.21259842519686" VPOS="3066.1417322834645" HPOS="1420.4724409448818" CONTENT="grand" ID="tl_21_6" STYLEREFS="FONT0"/>
            <SP HEIGHT="78.74015748031496" WIDTH="33.07086614173228" VPOS="3066.1417322834645" HPOS="1719.6850393700788"/>
            <String HEIGHT="78.74015748031496" WIDTH="266.1417322834646" VPOS="3066.1417322834645" HPOS="1618.8976377952756" CONTENT="prix" ID="tl_21_7" STYLEREFS="FONT0"/>
            <SP HEIGHT="78.74015748031496" WIDTH="33.07086614173228" VPOS="3066.1417322834645" HPOS="1885.0393700787401"/>
            <String HEIGHT="78.74015748031496" WIDTH="200.0" VPOS="3066.1417322834645" HPOS="1785.8267716535433" CONTENT="de" ID="tl_21_8" STYLEREFS="FONT0"/>
            <SP HEIGHT="78.74015748031496" WIDTH="33.07086614173228" VPOS="3066.1417322834645" HPOS="1985.8267716535433"/>
            <String HEIGHT="78.74015748031496" WIDTH="266.1417322834646" VPOS="3066.1417322834645" HPOS="1885.0393700787401" CONTENT="Rome" ID="tl_21_9" STYLEREFS="FONT0"/>
            <SP HEIGHT="78.74015748031496" WIDTH="33.07086614173228" VPOS="3066.1417322834645" HPOS="2152.755905511811"/>
            <String HEIGHT="78.74015748031496" WIDTH="233.0708661417323" VPOS="3066.1417322834645" HPOS="2018.8976377952756" CONTENT="1887." ID="tl_21_10" STYLEREFS="FONT0"/>
          </TextLine>
          <TextLine ID="tl_22" BASELINE="2041" HEIGHT="94.48818897637796" WIDTH="784.2519685039371" VPOS="3119.685039370079" HPOS="585.8267716535433">
            <String HEIGHT="94.48818897637796" WIDTH="177.95275590551182" VPOS="3119.685039370079" HPOS="549.6062992125984" CONTENT="—" ID="tl_22_1" STYLEREFS="FONT0"/>
            <SP HEIGHT="94.48818897637796" WIDTH="36.22047244094488" VPOS="3119.685039370079" HPOS="729.1338582677165"/>
            <String HEIGHT="94.48818897637796" WIDTH="321.25984251968504" VPOS="3119.685039370079" HPOS="622.0472440944882" CONTENT="Villa" ID="tl_22_2" STYLEREFS="FONT0"/>
            <SP HEIGHT="94.48818897637796" WIDTH="36.22047244094488" VPOS="3119.685039370079" HPOS="941.7322834645669"/>
            <String HEIGHT="94.48818897637796" WIDTH="428.34645669291336" VPOS="3119.685039370079" HPOS="834.6456692913385" CONTENT="Médicis," ID="tl_22_3" STYLEREFS="FONT0"/>
            <SP HEIGHT="94.48818897637796" WIDTH="36.22047244094488" VPOS="3119.685039370079" HPOS="1262.992125984252"/>
            <String HEIGHT="94.48818897637796" WIDTH="248.8188976377953" VPOS="3119.685039370079" HPOS="1121.259842519685" CONTENT="Rome." ID="tl_22_4" STYLEREFS="FONT0"/>
          </TextLine>
        </TextBlock>
        <TextBlock ID="r_2_12" HEIGHT="137.00787401574803" WIDTH="1914.9606299212599" VPOS="3226.771653543307" HPOS="330.70866141732284">
          <TextLine ID="tl_23" BASELINE="2091" HEIGHT="85.03937007874016" WIDTH="1937.007874015748" VPOS="3207.8740157480315" HPOS="319.68503937007875">
            <String HEIGHT="85.03937007874016" WIDTH="469.29133858267716" VPOS="3207.8740157480315" HPOS="288.18897637795277" CONTENT="982" ID="tl_23_1" STYLEREFS="FONT1"/>
            <SP HEIGHT="85.03937007874016" WIDTH="31.496062992125985" VPOS="3207.8740157480315" HPOS="757.4803149606299"/>
            <String HEIGHT="85.03937007874016" WIDTH="311.81102362204723" VPOS="3207.8740157480315" HPOS="662.992125984252" CONTENT="Projet" ID="tl_23_2" STYLEREFS="FONT0"/>
            <SP HEIGHT="85.03937007874016" WIDTH="31.496062992125985" VPOS="3207.8740157480315" HPOS="976.3779527559055"/>
            <String HEIGHT="85.03937007874016" WIDTH="187.4015748031496" VPOS="3207.8740157480315" HPOS="881.8897637795276" CONTENT="de" ID="tl_23_3" STYLEREFS="FONT0"/>
            <SP HEIGHT="85.03937007874016" WIDTH="31.496062992125985" VPOS="3207.8740157480315" HPOS="1069.291338582677"/>
            <String HEIGHT="85.03937007874016" WIDTH="343.3070866141732" VPOS="3207.8740157480315" HPOS="976.3779527559055" CONTENT="gymnase" ID="tl_23_4" STYLEREFS="FONT0"/>
            <SP HEIGHT="85.03937007874016" WIDTH="31.496062992125985" VPOS="3207.8740157480315" HPOS="1319.6850393700788"/>
            <String HEIGHT="85.03937007874016" WIDTH="406.2992125984252" VPOS="3207.8740157480315" HPOS="1225.1968503937007" CONTENT="(concours" ID="tl_23_5" STYLEREFS="FONT0"/>
            <SP HEIGHT="85.03937007874016" WIDTH="31.496062992125985" VPOS="3207.8740157480315" HPOS="1631.4960629921259"/>
            <String HEIGHT="85.03937007874016" WIDTH="187.4015748031496" VPOS="3207.8740157480315" HPOS="1538.5826771653544" CONTENT="du" ID="tl_23_6" STYLEREFS="FONT0"/>
            <SP HEIGHT="85.03937007874016" WIDTH="31.496062992125985" VPOS="3207.8740157480315" HPOS="1725.984251968504"/>
            <String HEIGHT="85.03937007874016" WIDTH="281.8897637795276" VPOS="3207.8740157480315" HPOS="1631.4960629921259" CONTENT="grand" ID="tl_23_7" STYLEREFS="FONT0"/>
            <SP HEIGHT="85.03937007874016" WIDTH="31.496062992125985" VPOS="3207.8740157480315" HPOS="1913.3858267716535"/>
            <String HEIGHT="85.03937007874016" WIDTH="250.39370078740157" VPOS="3207.8740157480315" HPOS="1818.8976377952756" CONTENT="prix" ID="tl_23_8" STYLEREFS="FONT0"/>
            <SP HEIGHT="85.03937007874016" WIDTH="31.496062992125985" VPOS="3207.8740157480315" HPOS="2069.2913385826773"/>
            <String HEIGHT="85.03937007874016" WIDTH="311.81102362204723" VPOS="3207.8740157480315" HPOS="1944.8818897637796" CONTENT="d’archi" SUBS_TYPE="HypPart1" SUBS_CONTENT="d’architecture" ID="tl_23_9" STYLEREFS="FONT0"/>
            <HYP CONTENT="-"/>
          </TextLine>
          <TextLine ID="tl_24" BASELINE="2146" HEIGHT="92.91338582677166" WIDTH="451.9685039370079" VPOS="3286.6141732283463" HPOS="587.4015748031496">
            <String HEIGHT="92.91338582677166" WIDTH="355.90551181102364" VPOS="3286.6141732283463" HPOS="555.9055118110236" CONTENT="tecture" SUBS_TYPE="HypPart2" SUBS_CONTENT="d’architecture" ID="tl_24_1" STYLEREFS="FONT0"/>
            <SP HEIGHT="92.91338582677166" WIDTH="33.07086614173228" VPOS="3286.6141732283463" HPOS="910.2362204724409"/>
            <String HEIGHT="92.91338582677166" WIDTH="258.26771653543307" VPOS="3286.6141732283463" HPOS="781.1023622047244" CONTENT="1887)." ID="tl_24_2" STYLEREFS="FONT0"/>
          </TextLine>
        </TextBlock>
        <TextBlock ID="r_2_13" HEIGHT="103.93700787401575" WIDTH="1551.1811023622047" VPOS="3387.4015748031497" HPOS="692.9133858267717">
          <TextLine ID="tl_25" BASELINE="2195" HEIGHT="89.76377952755905" WIDTH="1571.6535433070867" VPOS="3366.9291338582675" HPOS="681.8897637795276">
            <String HEIGHT="89.76377952755905" WIDTH="393.7007874015748" VPOS="3366.9291338582675" HPOS="653.5433070866142" CONTENT="Appartient" ID="tl_25_1" STYLEREFS="FONT0"/>
            <SP HEIGHT="89.76377952755905" WIDTH="28.346456692913385" VPOS="3366.9291338582675" HPOS="1047.244094488189"/>
            <String HEIGHT="89.76377952755905" WIDTH="168.50393700787401" VPOS="3366.9291338582675" HPOS="962.2047244094488" CONTENT="au" ID="tl_25_2" STYLEREFS="FONT0"/>
            <SP HEIGHT="89.76377952755905" WIDTH="28.346456692913385" VPOS="3366.9291338582675" HPOS="1130.708661417323"/>
            <String HEIGHT="89.76377952755905" WIDTH="365.3543307086614" VPOS="3366.9291338582675" HPOS="1047.244094488189" CONTENT="Ministère" ID="tl_25_3" STYLEREFS="FONT0"/>
            <SP HEIGHT="89.76377952755905" WIDTH="28.346456692913385" VPOS="3366.9291338582675" HPOS="1411.023622047244"/>
            <String HEIGHT="89.76377952755905" WIDTH="168.50393700787401" VPOS="3366.9291338582675" HPOS="1327.5590551181103" CONTENT="de" ID="tl_25_4" STYLEREFS="FONT0"/>
            <SP HEIGHT="89.76377952755905" WIDTH="28.346456692913385" VPOS="3366.9291338582675" HPOS="1496.0629921259842"/>
            <String HEIGHT="89.76377952755905" WIDTH="477.1653543307087" VPOS="3366.9291338582675" HPOS="1411.023622047244" CONTENT="l’Instruction" ID="tl_25_5" STYLEREFS="FONT0"/>
            <SP HEIGHT="89.76377952755905" WIDTH="28.346456692913385" VPOS="3366.9291338582675" HPOS="1888.1889763779527"/>
            <String HEIGHT="89.76377952755905" WIDTH="337.00787401574803" VPOS="3366.9291338582675" HPOS="1804.724409448819" CONTENT="publique" ID="tl_25_6" STYLEREFS="FONT0"/>
            <SP HEIGHT="89.76377952755905" WIDTH="28.346456692913385" VPOS="3366.9291338582675" HPOS="2141.732283464567"/>
            <String HEIGHT="89.76377952755905" WIDTH="168.50393700787401" VPOS="3366.9291338582675" HPOS="2056.6929133858266" CONTENT="et" ID="tl_25_7" STYLEREFS="FONT0"/>
            <SP HEIGHT="89.76377952755905" WIDTH="28.346456692913385" VPOS="3366.9291338582675" HPOS="2225.196850393701"/>
            <String HEIGHT="89.76377952755905" WIDTH="140.15748031496062" VPOS="3366.9291338582675" HPOS="2113.3858267716537" CONTENT="des" ID="tl_25_8" STYLEREFS="FONT0"/>
          </TextLine>
          <TextLine ID="tl_26" BASELINE="2238" HEIGHT="88.18897637795276" WIDTH="355.90551181102364" VPOS="3436.220472440945" HPOS="748.0314960629921">
            <String HEIGHT="88.18897637795276" WIDTH="420.4724409448819" VPOS="3436.220472440945" HPOS="683.4645669291339" CONTENT="Beaux" ID="tl_26_1" STYLEREFS="FONT0"/>
          </TextLine>
        </TextBlock>
        <TextBlock ID="r_2_14" HEIGHT="137.00787401574803" WIDTH="1910.236220472441" VPOS="3522.834645669291" HPOS="330.70866141732284">
          <TextLine ID="tl_27" BASELINE="2288" HEIGHT="105.51181102362204" WIDTH="1930.708661417323" VPOS="3497.6377952755906" HPOS="319.68503937007875">
            <String HEIGHT="105.51181102362204" WIDTH="459.84251968503935" VPOS="3497.6377952755906" HPOS="289.76377952755905" CONTENT="983" ID="tl_27_1" STYLEREFS="FONT1"/>
            <SP HEIGHT="105.51181102362204" WIDTH="29.921259842519685" VPOS="3497.6377952755906" HPOS="748.0314960629921"/>
            <String HEIGHT="105.51181102362204" WIDTH="245.66929133858267" VPOS="3497.6377952755906" HPOS="656.6929133858267" CONTENT="Loge" ID="tl_27_2" STYLEREFS="FONT0"/>
            <SP HEIGHT="105.51181102362204" WIDTH="29.921259842519685" VPOS="3497.6377952755906" HPOS="902.3622047244095"/>
            <String HEIGHT="105.51181102362204" WIDTH="214.17322834645668" VPOS="3497.6377952755906" HPOS="809.4488188976378" CONTENT="des" ID="tl_27_3" STYLEREFS="FONT0"/>
            <SP HEIGHT="105.51181102362204" WIDTH="29.921259842519685" VPOS="3497.6377952755906" HPOS="1025.1968503937007"/>
            <String HEIGHT="105.51181102362204" WIDTH="307.0866141732283" VPOS="3497.6377952755906" HPOS="932.2834645669292" CONTENT="Lances" ID="tl_27_4" STYLEREFS="FONT0"/>
            <SP HEIGHT="105.51181102362204" WIDTH="29.921259842519685" VPOS="3497.6377952755906" HPOS="1239.3700787401574"/>
            <String HEIGHT="105.51181102362204" WIDTH="152.75590551181102" VPOS="3497.6377952755906" HPOS="1146.4566929133857" CONTENT="à" ID="tl_27_5" STYLEREFS="FONT0"/>
            <SP HEIGHT="105.51181102362204" WIDTH="29.921259842519685" VPOS="3497.6377952755906" HPOS="1300.7874015748032"/>
            <String HEIGHT="105.51181102362204" WIDTH="368.503937007874" VPOS="3497.6377952755906" HPOS="1207.8740157480315" CONTENT="Florence" ID="tl_27_6" STYLEREFS="FONT0"/>
            <SP HEIGHT="105.51181102362204" WIDTH="29.921259842519685" VPOS="3497.6377952755906" HPOS="1576.3779527559054"/>
            <String HEIGHT="105.51181102362204" WIDTH="368.503937007874" VPOS="3497.6377952755906" HPOS="1483.4645669291338" CONTENT="(croquis" ID="tl_27_7" STYLEREFS="FONT0"/>
            <SP HEIGHT="105.51181102362204" WIDTH="29.921259842519685" VPOS="3497.6377952755906" HPOS="1851.9685039370079"/>
            <String HEIGHT="105.51181102362204" WIDTH="337.00787401574803" VPOS="3497.6377952755906" HPOS="1760.6299212598426" CONTENT="relevés" ID="tl_27_8" STYLEREFS="FONT0"/>
            <SP HEIGHT="105.51181102362204" WIDTH="29.921259842519685" VPOS="3497.6377952755906" HPOS="2097.6377952755906"/>
            <String HEIGHT="105.51181102362204" WIDTH="245.66929133858267" VPOS="3497.6377952755906" HPOS="2004.724409448819" CONTENT="pour" ID="tl_27_9" STYLEREFS="FONT0"/>
            <SP HEIGHT="105.51181102362204" WIDTH="29.921259842519685" VPOS="3497.6377952755906" HPOS="2250.3937007874015"/>
            <String HEIGHT="105.51181102362204" WIDTH="122.83464566929133" VPOS="3497.6377952755906" HPOS="2127.5590551181103" CONTENT="un" ID="tl_27_10" STYLEREFS="FONT0"/>
          </TextLine>
          <TextLine ID="tl_28" BASELINE="2345" HEIGHT="108.66141732283465" WIDTH="741.7322834645669" VPOS="3584.251968503937" HPOS="585.8267716535433">
            <String HEIGHT="108.66141732283465" WIDTH="289.76377952755905" VPOS="3584.251968503937" HPOS="554.3307086614174" CONTENT="essai" ID="tl_28_1" STYLEREFS="FONT0"/>
            <SP HEIGHT="108.66141732283465" WIDTH="31.496062992125985" VPOS="3584.251968503937" HPOS="844.0944881889764"/>
            <String HEIGHT="108.66141732283465" WIDTH="193.70078740157481" VPOS="3584.251968503937" HPOS="746.4566929133858" CONTENT="de" ID="tl_28_2" STYLEREFS="FONT0"/>
            <SP HEIGHT="108.66141732283465" WIDTH="31.496062992125985" VPOS="3584.251968503937" HPOS="940.1574803149606"/>
            <String HEIGHT="108.66141732283465" WIDTH="516.5354330708661" VPOS="3584.251968503937" HPOS="811.0236220472441" CONTENT="restauration)." ID="tl_28_3" STYLEREFS="FONT0"/>
          </TextLine>
        </TextBlock>
        <TextBlock ID="r_2_15" HEIGHT="72.44094488188976" WIDTH="669.2913385826772" VPOS="3656.6929133858266" HPOS="1507.0866141732283">
          <TextLine ID="tl_29" BASELINE="2382" HEIGHT="133.85826771653544" WIDTH="689.7637795275591" VPOS="3617.3228346456694" HPOS="1497.6377952755906">
            <String HEIGHT="133.85826771653544" WIDTH="318.1102362204724" VPOS="3617.3228346456694" HPOS="1470.8661417322835" CONTENT="(Voir" ID="tl_29_1" STYLEREFS="FONT2"/>
            <SP HEIGHT="133.85826771653544" WIDTH="26.771653543307085" VPOS="3617.3228346456694" HPOS="1788.976377952756"/>
            <String HEIGHT="133.85826771653544" WIDTH="185.82677165354332" VPOS="3617.3228346456694" HPOS="1710.236220472441" CONTENT="aux" ID="tl_29_2" STYLEREFS="FONT2"/>
            <SP HEIGHT="133.85826771653544" WIDTH="26.771653543307085" VPOS="3617.3228346456694" HPOS="1896.0629921259842"/>
            <String HEIGHT="133.85826771653544" WIDTH="398.4251968503937" VPOS="3617.3228346456694" HPOS="1788.976377952756" CONTENT="Dessins)" ID="tl_29_3" STYLEREFS="FONT2"/>
          </TextLine>
        </TextBlock>
        <TextBlock ID="r_2_16" HEIGHT="146.45669291338584" WIDTH="1714.9606299212599" VPOS="3760.6299212598424" HPOS="527.5590551181102">
          <TextLine ID="tl_30" BASELINE="2445" HEIGHT="124.40944881889764" WIDTH="1737.007874015748" VPOS="3725.984251968504" HPOS="516.5354330708661">
            <String HEIGHT="124.40944881889764" WIDTH="272.4409448818898" VPOS="3725.984251968504" HPOS="481.8897637795276" CONTENT="DÉIS" ID="tl_30_1" STYLEREFS="FONT0"/>
            <SP HEIGHT="124.40944881889764" WIDTH="34.645669291338585" VPOS="3725.984251968504" HPOS="754.3307086614174"/>
            <String HEIGHT="124.40944881889764" WIDTH="409.4488188976378" VPOS="3725.984251968504" HPOS="653.5433070866142" CONTENT="(Jules)," ID="tl_30_2" STYLEREFS="FONT0"/>
            <SP HEIGHT="124.40944881889764" WIDTH="34.645669291338585" VPOS="3725.984251968504" HPOS="1061.4173228346456"/>
            <String HEIGHT="124.40944881889764" WIDTH="204.7244094488189" VPOS="3725.984251968504" HPOS="959.0551181102362" CONTENT="né" ID="tl_30_3" STYLEREFS="FONT0"/>
            <SP HEIGHT="124.40944881889764" WIDTH="34.645669291338585" VPOS="3725.984251968504" HPOS="1163.7795275590552"/>
            <String HEIGHT="124.40944881889764" WIDTH="170.07874015748033" VPOS="3725.984251968504" HPOS="1061.4173228346456" CONTENT="à" ID="tl_30_4" STYLEREFS="FONT0"/>
            <SP HEIGHT="124.40944881889764" WIDTH="34.645669291338585" VPOS="3725.984251968504" HPOS="1231.4960629921259"/>
            <String HEIGHT="124.40944881889764" WIDTH="442.5196850393701" VPOS="3725.984251968504" HPOS="1129.1338582677165" CONTENT="Besançon," ID="tl_30_5" STYLEREFS="FONT0"/>
            <SP HEIGHT="124.40944881889764" WIDTH="34.645669291338585" VPOS="3725.984251968504" HPOS="1571.6535433070867"/>
            <String HEIGHT="124.40944881889764" WIDTH="307.0866141732283" VPOS="3725.984251968504" HPOS="1470.8661417322835" CONTENT="élève" ID="tl_30_6" STYLEREFS="FONT0"/>
            <SP HEIGHT="124.40944881889764" WIDTH="34.645669291338585" VPOS="3725.984251968504" HPOS="1776.3779527559054"/>
            <String HEIGHT="124.40944881889764" WIDTH="204.7244094488189" VPOS="3725.984251968504" HPOS="1674.015748031496" CONTENT="de" ID="tl_30_7" STYLEREFS="FONT0"/>
            <SP HEIGHT="124.40944881889764" WIDTH="34.645669291338585" VPOS="3725.984251968504" HPOS="1878.740157480315"/>
            <String HEIGHT="124.40944881889764" WIDTH="204.7244094488189" VPOS="3725.984251968504" HPOS="1776.3779527559054" CONTENT="H." ID="tl_30_8" STYLEREFS="FONT0"/>
            <SP HEIGHT="124.40944881889764" WIDTH="34.645669291338585" VPOS="3725.984251968504" HPOS="1981.1023622047244"/>
            <String HEIGHT="124.40944881889764" WIDTH="409.4488188976378" VPOS="3725.984251968504" HPOS="1844.0944881889764" CONTENT="Labrouste." ID="tl_30_9" STYLEREFS="FONT0"/>
          </TextLine>
          <TextLine ID="tl_31" BASELINE="2499" HEIGHT="99.21259842519684" WIDTH="1244.0944881889764" VPOS="3836.220472440945" HPOS="587.4015748031496">
            <String HEIGHT="99.21259842519684" WIDTH="144.88188976377953" VPOS="3836.220472440945" HPOS="559.0551181102362" CONTENT="—" ID="tl_31_1" STYLEREFS="FONT0"/>
            <SP HEIGHT="99.21259842519684" WIDTH="28.346456692913385" VPOS="3836.220472440945" HPOS="702.3622047244095"/>
            <String HEIGHT="99.21259842519684" WIDTH="259.84251968503935" VPOS="3836.220472440945" HPOS="615.7480314960629" CONTENT="Route" ID="tl_31_2" STYLEREFS="FONT0"/>
            <SP HEIGHT="99.21259842519684" WIDTH="28.346456692913385" VPOS="3836.220472440945" HPOS="877.1653543307086"/>
            <String HEIGHT="99.21259842519684" WIDTH="173.22834645669292" VPOS="3836.220472440945" HPOS="790.5511811023622" CONTENT="de" ID="tl_31_3" STYLEREFS="FONT0"/>
            <SP HEIGHT="99.21259842519684" WIDTH="28.346456692913385" VPOS="3836.220472440945" HPOS="963.7795275590552"/>
            <String HEIGHT="99.21259842519684" WIDTH="434.6456692913386" VPOS="3836.220472440945" HPOS="877.1653543307086" CONTENT="Neufchâtel," ID="tl_31_4" STYLEREFS="FONT0"/>
            <SP HEIGHT="99.21259842519684" WIDTH="28.346456692913385" VPOS="3836.220472440945" HPOS="1310.236220472441"/>
            <String HEIGHT="99.21259842519684" WIDTH="144.88188976377953" VPOS="3836.220472440945" HPOS="1223.6220472440946" CONTENT="5" ID="tl_31_5" STYLEREFS="FONT0"/>
            <SP HEIGHT="99.21259842519684" WIDTH="28.346456692913385" VPOS="3836.220472440945" HPOS="1368.5039370078741"/>
            <String HEIGHT="99.21259842519684" WIDTH="434.6456692913386" VPOS="3836.220472440945" HPOS="1281.8897637795276" CONTENT="bis" ID="tl_31_6" STYLEREFS="FONT2"/>
            <SP HEIGHT="99.21259842519684" WIDTH="28.346456692913385" VPOS="3836.220472440945" HPOS="1716.5354330708662"/>
            <String HEIGHT="99.21259842519684" WIDTH="231.49606299212599" VPOS="3836.220472440945" HPOS="1600.0" CONTENT="Rouen." ID="tl_31_7" STYLEREFS="FONT0"/>
          </TextLine>
        </TextBlock>
        <TextBlock ID="r_2_17" HEIGHT="70.86614173228347" WIDTH="626.7716535433071" VPOS="3933.8582677165355" HPOS="1059.8425196850394">
          <TextLine ID="tl_32" BASELINE="2552" HEIGHT="124.40944881889764" WIDTH="647.2440944881889" VPOS="3894.488188976378" HPOS="1050.3937007874015">
            <String HEIGHT="124.40944881889764" WIDTH="431.496062992126" VPOS="3894.488188976378" HPOS="1023.6220472440945" CONTENT="(Voir" ID="tl_32_1" STYLEREFS="FONT2"/>
            <SP HEIGHT="124.40944881889764" WIDTH="26.771653543307085" VPOS="3894.488188976378" HPOS="1455.1181102362204"/>
            <String HEIGHT="124.40944881889764" WIDTH="351.18110236220474" VPOS="3894.488188976378" HPOS="1346.4566929133857" CONTENT="BOURIENNE.)" ID="tl_32_2" STYLEREFS="FONT0"/>
          </TextLine>
        </TextBlock>
        <TextBlock ID="r_2_18" HEIGHT="72.44094488188976" WIDTH="645.6692913385826" VPOS="4025.196850393701" HPOS="1533.8582677165355">
          <TextLine ID="tl_33" BASELINE="2612" HEIGHT="133.85826771653544" WIDTH="664.5669291338583" VPOS="3979.527559055118" HPOS="1524.4094488188975">
            <String HEIGHT="133.85826771653544" WIDTH="307.0866141732283" VPOS="3979.527559055118" HPOS="1499.2125984251968" CONTENT="(Voir" ID="tl_33_1" STYLEREFS="FONT2"/>
            <SP HEIGHT="133.85826771653544" WIDTH="25.19685039370079" VPOS="3979.527559055118" HPOS="1806.2992125984251"/>
            <String HEIGHT="133.85826771653544" WIDTH="179.5275590551181" VPOS="3979.527559055118" HPOS="1729.1338582677165" CONTENT="aux" ID="tl_33_2" STYLEREFS="FONT2"/>
            <SP HEIGHT="133.85826771653544" WIDTH="25.19685039370079" VPOS="3979.527559055118" HPOS="1907.0866141732283"/>
            <String HEIGHT="133.85826771653544" WIDTH="382.6771653543307" VPOS="3979.527559055118" HPOS="1806.2992125984251" CONTENT="Dessins)" ID="tl_33_3" STYLEREFS="FONT2"/>
          </TextLine>
        </TextBlock>
        <GraphicalElement ID="r_3" HEIGHT="9.448818897637794" WIDTH="544.8818897637796" VPOS="1362.2047244094488" HPOS="1020.4724409448819"/>
        <GraphicalElement ID="r_4" HEIGHT="47.24409448818898" WIDTH="2559.0551181102364" VPOS="4714.96062992126" HPOS="102.36220472440945"/>
        <GraphicalElement ID="r_5" HEIGHT="2121.259842519685" WIDTH="85.03937007874016" VPOS="2606.299212598425" HPOS="59.84251968503937"/>
        <GraphicalElement ID="r_6" HEIGHT="225.1968503937008" WIDTH="15.748031496062993" VPOS="0.0" HPOS="137.00787401574803"/>
        <GraphicalElement ID="r_7" HEIGHT="1559.0551181102362" WIDTH="92.91338582677166" VPOS="508.66141732283467" HPOS="2713.3858267716537"/>
      </PrintSpace>
    </Page>
  </Layout>
</alto>
