3078.740157480315 4959.055118110236
1458.267716535433 829.9212598425197 352.755905511811 155.90551181102362 TITRE
1655.1181102362204 829.9212598425197 234.64566929133858 155.90551181102362 III.

792.1259842519685 970.0787401574803 581.1023622047244 155.90551181102362 Récompenses
1275.5905511811025 970.0787401574803 193.70078740157481 155.90551181102362 et
1373.2283464566929 970.0787401574803 420.4724409448819 155.90551181102362 avantages
1696.0629921259842 970.0787401574803 355.90551181102364 155.90551181102362 offerts
1954.3307086614172 970.0787401574803 226.77165354330708 155.90551181102362 aux
2050.3937007874015 970.0787401574803 516.5354330708661 155.90551181102362 Exposants

763.7795275590552 1103.9370078740158 289.76377952755905 107.08661417322834 ART.
944.8818897637796 1103.9370078740158 217.3228346456693 107.08661417322834 6.
1053.5433070866143 1103.9370078740158 181.10236220472441 107.08661417322834 —
1125.984251968504 1103.9370078740158 253.54330708661416 107.08661417322834 Une
1270.8661417322835 1103.9370078740158 362.20472440944883 107.08661417322834 grande
1524.4094488188975 1103.9370078740158 434.6456692913386 107.08661417322834 médaille
1850.3937007874015 1103.9370078740158 325.98425196850394 107.08661417322834 d’or,
2067.716535433071 1103.9370078740158 217.3228346456693 107.08661417322834 de
2176.3779527559054 1103.9370078740158 217.3228346456693 107.08661417322834 la
2285.0393700787404 1103.9370078740158 362.20472440944883 107.08661417322834 valeur
2502.3622047244094 1103.9370078740158 144.88188976377953 107.08661417322834 de

700.7874015748032 1187.4015748031495 311.81102362204723 108.66141732283465 1,000
908.6614173228346 1187.4015748031495 382.6771653543307 108.66141732283465 francs,
1187.4015748031495 1187.4015748031495 277.1653543307087 108.66141732283465 pour
1360.6299212598426 1187.4015748031495 277.1653543307087 108.66141732283465 être
1533.8582677165355 1187.4015748031495 451.9685039370079 108.66141732283465 accordée,
1881.8897637795276 1187.4015748031495 207.8740157480315 108.66141732283465 au
1985.8267716535433 1187.4015748031495 242.51968503937007 108.66141732283465 nom
2124.4094488188975 1187.4015748031495 207.8740157480315 108.66141732283465 de
2228.3464566929133 1187.4015748031495 207.8740157480315 108.66141732283465 la
2333.8582677165355 1187.4015748031495 348.0314960629921 108.66141732283465 Ville,
2541.732283464567 1187.4015748031495 103.93700787401575 108.66141732283465 à

703.9370078740158 1288.1889763779527 362.20472440944883 121.25984251968504 l’œuvre
966.9291338582677 1288.1889763779527 296.06299212598424 121.25984251968504 d’art
1165.3543307086613 1288.1889763779527 229.92125984251967 121.25984251968504 qui
1296.0629921259842 1288.1889763779527 262.99212598425197 121.25984251968504 sera
1461.4173228346456 1288.1889763779527 296.06299212598424 121.25984251968504 jugée
1658.267716535433 1288.1889763779527 296.06299212598424 121.25984251968504 digne
1855.1181102362204 1288.1889763779527 196.8503937007874 121.25984251968504 de
1954.3307086614172 1288.1889763779527 296.06299212598424 121.25984251968504 cette
2118.1102362204724 1288.1889763779527 428.34645669291336 121.25984251968504 récompense.

762.2047244094488 1385.8267716535433 217.3228346456693 88.18897637795276 Il
870.8661417322835 1385.8267716535433 325.98425196850394 88.18897637795276 sera,
1088.1889763779527 1385.8267716535433 217.3228346456693 88.18897637795276 en
1196.8503937007874 1385.8267716535433 362.20472440944883 88.18897637795276 outre,
1450.3937007874015 1385.8267716535433 398.4251968503937 88.18897637795276 décerné
1740.1574803149606 1385.8267716535433 362.20472440944883 88.18897637795276 quatre
1993.7007874015749 1385.8267716535433 470.86614173228344 88.18897637795276 médailles
2355.9055118110236 1385.8267716535433 289.76377952755905 88.18897637795276 d’or
2500.787401574803 1385.8267716535433 144.88188976377953 88.18897637795276 de

699.2125984251968 1480.3149606299212 229.92125984251967 86.61417322834646 125
831.496062992126 1480.3149606299212 329.13385826771656 86.61417322834646 francs
1061.4173228346456 1480.3149606299212 395.2755905511811 86.61417322834646 chacune,
1357.4803149606298 1480.3149606299212 525.9842519685039 86.61417322834646 pareillement
1785.8267716535433 1480.3149606299212 196.8503937007874 86.61417322834646 au
1885.0393700787401 1480.3149606299212 229.92125984251967 86.61417322834646 nom
2015.748031496063 1480.3149606299212 196.8503937007874 86.61417322834646 de
2114.9606299212596 1480.3149606299212 196.8503937007874 86.61417322834646 la
2181.1023622047246 1480.3149606299212 262.99212598425197 86.61417322834646 Ville.

760.6299212598425 1565.3543307086613 174.8031496062992 92.91338582677166 A
829.9212598425197 1565.3543307086613 245.66929133858267 92.91338582677166 ces
970.0787401574803 1565.3543307086613 525.9842519685039 92.91338582677166 récompenses
1390.5511811023623 1565.3543307086613 525.9842519685039 92.91338582677166 municipales
1776.3779527559054 1565.3543307086613 560.6299212598425 92.91338582677166 s’adjoindront:

766.9291338582677 1672.4409448818897 212.5984251968504 130.70866141732284 Un
872.4409448818898 1672.4409448818897 283.46456692913387 130.70866141732284 prix
1048.8188976377953 1672.4409448818897 388.9763779527559 130.70866141732284 accordé
1332.283464566929 1672.4409448818897 247.24409448818898 130.70866141732284 par
1474.015748031496 1672.4409448818897 212.5984251968504 130.70866141732284 le
1581.1023622047244 1672.4409448818897 566.9291338582677 130.70866141732284 Gouvernement
2040.9448818897638 1672.4409448818897 212.5984251968504 130.70866141732284 et
2146.4566929133857 1672.4409448818897 496.06299212598424 130.70866141732284 consistant
2500.787401574803 1672.4409448818897 141.73228346456693 130.70866141732284 en

697.6377952755905 1754.3307086614172 198.4251968503937 110.23622047244095 un
796.8503937007874 1754.3307086614172 299.21259842519686 110.23622047244095 objet
962.2047244094488 1754.3307086614172 266.1417322834646 110.23622047244095 d’art;

765.3543307086615 1806.2992125984251 258.26771653543307 129.13385826771653 Une
911.8110236220473 1806.2992125984251 442.5196850393701 129.13385826771653 médaille
1244.0944881889764 1806.2992125984251 294.48818897637796 129.13385826771653 d’or
1428.3464566929133 1806.2992125984251 442.5196850393701 129.13385826771653 décernée
1759.0551181102362 1806.2992125984251 220.4724409448819 129.13385826771653 au
1870.8661417322835 1806.2992125984251 258.26771653543307 129.13385826771653 nom
2017.3228346456692 1806.2992125984251 220.4724409448819 129.13385826771653 du
2127.5590551181103 1806.2992125984251 552.7559055118111 129.13385826771653 Département
2533.8582677165355 1806.2992125984251 110.23622047244095 129.13385826771653 à

700.7874015748032 1932.283464566929 242.51968503937007 107.08661417322834 une
839.3700787401575 1932.283464566929 311.81102362204723 107.08661417322834 œuvre
1047.244094488189 1932.283464566929 311.81102362204723 107.08661417322834 jugée
1256.6929133858268 1932.283464566929 311.81102362204723 107.08661417322834 digne
1464.5669291338584 1932.283464566929 207.8740157480315 107.08661417322834 de
1568.5039370078741 1932.283464566929 311.81102362204723 107.08661417322834 cette
1741.732283464567 1932.283464566929 451.9685039370079 107.08661417322834 récompense;

765.3543307086615 2028.3464566929133 198.4251968503937 97.63779527559055 Un
864.5669291338583 2028.3464566929133 264.56692913385825 97.63779527559055 prix
1029.9212598425197 2028.3464566929133 198.4251968503937 97.63779527559055 de
1129.1338582677165 2028.3464566929133 231.49606299212599 97.63779527559055 500
1259.8425196850394 2028.3464566929133 363.7795275590551 97.63779527559055 francs,
1524.4094488188975 2028.3464566929133 231.49606299212599 97.63779527559055 dit
1656.6929133858268 2028.3464566929133 264.56692913385825 97.63779527559055 prix
1822.0472440944882 2028.3464566929133 396.8503937007874 97.63779527559055 Bouctot,
2119.685039370079 2028.3464566929133 165.35433070866142 97.63779527559055 à
2185.8267716535433 2028.3464566929133 429.9212598425197 97.63779527559055 attribuer
2481.8897637795276 2028.3464566929133 165.35433070866142 97.63779527559055 par

702.3622047244095 2105.511811023622 507.0866141732283 116.53543307086615 l'Académie
1119.6850393700788 2105.511811023622 207.8740157480315 116.53543307086615 des
1239.3700787401574 2105.511811023622 387.40157480314963 116.53543307086615 Sciences,
1537.007874015748 2105.511811023622 537.007874015748 116.53543307086615 Belles-Lettres
1984.251968503937 2105.511811023622 179.5275590551181 116.53543307086615 et
2072.4409448818897 2105.511811023622 237.79527559055117 116.53543307086615 Arts
2222.047244094488 2105.511811023622 179.5275590551181 116.53543307086615 de
2281.8897637795276 2105.511811023622 357.4803149606299 116.53543307086615 Rouen

697.6377952755905 2223.6220472440946 176.3779527559055 130.70866141732284 à
766.9291338582677 2223.6220472440946 247.24409448818898 130.70866141732284 une
908.6614173228346 2223.6220472440946 318.1102362204724 130.70866141732284 œuvre
1121.259842519685 2223.6220472440946 283.46456692913387 130.70866141732284 dont
1297.6377952755906 2223.6220472440946 425.1968503937008 130.70866141732284 l’auteur
1617.3228346456692 2223.6220472440946 283.46456692913387 130.70866141732284 sera
1793.7007874015749 2223.6220472440946 212.5984251968504 130.70866141732284 né
1899.2125984251968 2223.6220472440946 212.5984251968504 130.70866141732284 ou
2006.2992125984251 2223.6220472440946 459.84251968503935 130.70866141732284 domicilié
2359.0551181102364 2223.6220472440946 212.5984251968504 130.70866141732284 en
2429.9212598425197 2223.6220472440946 212.5984251968504 130.70866141732284 Nor

653.5433070866142 2308.6614173228345 362.20472440944883 105.51181102362204 mandie;

770.0787401574803 2395.2755905511813 179.5275590551181 108.66141732283465 Un
859.8425196850394 2395.2755905511813 237.79527559055117 108.66141732283465 prix
1007.8740157480315 2395.2755905511813 179.5275590551181 108.66141732283465 de
1097.6377952755906 2395.2755905511813 207.8740157480315 108.66141732283465 500
1217.3228346456692 2395.2755905511813 327.5590551181102 108.66141732283465 francs,
1455.1181102362204 2395.2755905511813 179.5275590551181 108.66141732283465 en
1544.8818897637796 2395.2755905511813 357.4803149606299 108.66141732283465 espèces,
1812.5984251968505 2395.2755905511813 267.7165354330709 108.66141732283465 donné
1992.1259842519685 2395.2755905511813 207.8740157480315 108.66141732283465 par
2110.236220472441 2395.2755905511813 179.5275590551181 108.66141732283465 la
2170.0787401574803 2395.2755905511813 477.1653543307087 108.66141732283465 Société

700.7874015748032 2489.763779527559 294.48818897637796 116.53543307086615 des
907.0866141732283 2489.763779527559 236.2204724409449 116.53543307086615 Amis
1055.1181102362204 2489.763779527559 206.29921259842519 116.53543307086615 des
1173.2283464566929 2489.763779527559 382.6771653543307 116.53543307086615 Arts
1467.716535433071 2489.763779527559 236.2204724409449 116.53543307086615 pour
1614.1732283464567 2489.763779527559 236.2204724409449 116.53543307086615 être
1762.2047244094488 2489.763779527559 352.755905511811 116.53543307086615 attribué
2026.7716535433071 2489.763779527559 148.03149606299212 116.53543307086615 à
2086.6141732283463 2489.763779527559 176.3779527559055 116.53543307086615 la
2174.803149606299 2489.763779527559 382.6771653543307 116.53543307086615 meilleure
2439.3700787401576 2489.763779527559 206.29921259842519 116.53543307086615 œuvre

697.6377952755905 2576.3779527559054 411.0236220472441 118.11023622047244 produite
1006.2992125984252 2576.3779527559054 239.37007874015748 118.11023622047244 par
1143.3070866141732 2576.3779527559054 204.7244094488189 118.11023622047244 un
1245.6692913385828 2576.3779527559054 376.37795275590554 118.11023622047244 artiste
1485.0393700787401 2576.3779527559054 341.73228346456693 118.11023622047244 normand;

763.7795275590552 2664.566929133858 244.09448818897638 102.36220472440945 Et,
902.3622047244095 2664.566929133858 349.6062992125984 102.36220472440945 enfin,
1148.0314960629921 2664.566929133858 244.09448818897638 102.36220472440945 des
1286.6141732283465 2664.566929133858 453.54330708661416 102.36220472440945 médailles
1636.2204724409448 2664.566929133858 313.38582677165357 102.36220472440945 d’or,
1845.6692913385828 2664.566929133858 209.4488188976378 102.36220472440945 de
1949.6062992125985 2664.566929133858 384.251968503937 102.36220472440945 vermeil
2228.3464566929133 2664.566929133858 209.4488188976378 102.36220472440945 et
2297.6377952755906 2664.566929133858 349.6062992125984 102.36220472440945 d’argent

700.7874015748032 2757.48031496063 387.40157480314963 107.08661417322834 offertes
992.1259842519685 2757.48031496063 226.77165354330708 107.08661417322834 par
1121.259842519685 2757.48031496063 226.77165354330708 107.08661417322834 les
1250.3937007874015 2757.48031496063 387.40157480314963 107.08661417322834 Sociétés
1541.732283464567 2757.48031496063 485.03937007874015 107.08661417322834 artistiques
1929.1338582677165 2757.48031496063 193.70078740157481 107.08661417322834 et
2026.7716535433071 2757.48031496063 387.40157480314963 107.08661417322834 savantes
2318.1102362204724 2757.48031496063 193.70078740157481 107.08661417322834 de
2382.6771653543306 2757.48031496063 258.26771653543307 107.08661417322834 Rouen.

762.2047244094488 2886.6141732283463 278.74015748031496 102.36220472440945 ART.
937.007874015748 2886.6141732283463 209.4488188976378 102.36220472440945 7.
1040.9448818897638 2886.6141732283463 174.8031496062992 102.36220472440945 —
1110.236220472441 2886.6141732283463 244.09448818897638 102.36220472440945 Une
1250.3937007874015 2886.6141732283463 209.4488188976378 102.36220472440945 ou
1354.3307086614172 2886.6141732283463 453.54330708661416 102.36220472440945 plusieurs
1703.9370078740158 2886.6141732283463 244.09448818897638 102.36220472440945 des
1844.0944881889764 2886.6141732283463 349.6062992125984 102.36220472440945 œuvres
2088.1889763779527 2886.6141732283463 418.8976377952756 102.36220472440945 exposées
2366.9291338582675 2886.6141732283463 278.74015748031496 102.36220472440945 seront

697.6377952755905 2982.6771653543306 425.1968503937008 80.31496062992126 acquises
1015.7480314960629 2982.6771653543306 566.9291338582677 80.31496062992126 spécialement
1475.5905511811025 2982.6771653543306 283.46456692913387 80.31496062992126 pour
1653.5433070866143 2982.6771653543306 283.46456692913387 80.31496062992126 être
1829.9212598425197 2982.6771653543306 388.9763779527559 80.31496062992126 placées
2113.3858267716537 2982.6771653543306 212.5984251968504 80.31496062992126 au
2218.8976377952754 2982.6771653543306 318.1102362204724 80.31496062992126 Musée
2431.496062992126 2982.6771653543306 212.5984251968504 80.31496062992126 de
2502.3622047244094 2982.6771653543306 141.73228346456693 80.31496062992126 la

675.5905511811023 3061.417322834646 245.66929133858267 125.98425196850394 Ville.

760.6299212598425 3159.0551181102364 274.01574803149606 133.85826771653544 ART.
932.2834645669292 3159.0551181102364 206.29921259842519 133.85826771653544 8.
1034.6456692913387 3159.0551181102364 171.6535433070866 133.85826771653544 —
1103.9370078740158 3159.0551181102364 206.29921259842519 133.85826771653544 En
1206.2992125984251 3159.0551181102364 343.3070866141732 133.85826771653544 outre,
1445.6692913385828 3159.0551181102364 206.29921259842519 133.85826771653544 le
1549.6062992125985 3159.0551181102364 376.37795275590554 133.85826771653544 produit
1823.6220472440946 3159.0551181102364 239.37007874015748 133.85826771653544 net
1960.6299212598426 3159.0551181102364 239.37007874015748 133.85826771653544 des
2097.6377952755906 3159.0551181102364 343.3070866141732 133.85826771653544 droits
2302.3622047244094 3159.0551181102364 343.3070866141732 133.85826771653544 d’entrée

699.2125984251968 3296.0629921259842 277.1653543307087 86.61417322834646 sera
872.4409448818898 3296.0629921259842 382.6771653543307 86.61417322834646 affecté
1151.1811023622047 3296.0629921259842 173.22834645669292 86.61417322834646 à
1220.4724409448818 3296.0629921259842 242.51968503937007 86.61417322834646 des
1359.0551181102362 3296.0629921259842 382.6771653543307 86.61417322834646 achats,
1636.2204724409448 3296.0629921259842 277.1653543307087 86.61417322834646 soit
1811.023622047244 3296.0629921259842 242.51968503937007 86.61417322834646 par
1949.6062992125985 3296.0629921259842 659.8425196850394 86.61417322834646 l’intermédiaire
2470.8661417322833 3296.0629921259842 173.22834645669292 86.61417322834646 des

702.3622047244095 3381.1023622047246 403.1496062992126 116.53543307086615 Sociétés
1004.7244094488188 3381.1023622047246 637.7952755905512 116.53543307086615 d’encouragement
1541.732283464567 3381.1023622047246 234.64566929133858 116.53543307086615 des
1675.5905511811025 3381.1023622047246 503.93700787401576 116.53543307086615 Beaux-Arts,
2078.740157480315 3381.1023622047246 269.29133858267716 116.53543307086615 soit
2212.5984251968503 3381.1023622047246 436.2204724409449 116.53543307086615 directement

700.7874015748032 3461.417322834646 209.4488188976378 125.98425196850394 par
820.4724409448819 3461.417322834646 179.5275590551181 125.98425196850394 la
910.2362204724409 3461.417322834646 300.78740157480314 125.98425196850394 Ville,
1121.259842519685 3461.417322834646 270.86614173228344 125.98425196850394 ainsi
1300.7874015748032 3461.417322834646 270.86614173228344 125.98425196850394 qu’il
1481.8897637795276 3461.417322834646 240.9448818897638 125.98425196850394 sera
1631.4960629921259 3461.417322834646 209.4488188976378 125.98425196850394 dit
1721.259842519685 3461.417322834646 330.70866141732284 125.98425196850394 ci

1448.8188976377953 3612.5984251968503 381.1023622047244 113.38582677165354 TITRE
1661.4173228346456 3612.5984251968503 211.0236220472441 113.38582677165354 IV.

1267.716535433071 3721.259842519685 352.755905511811 133.85826771653544 Entrée
1538.5826771653544 3721.259842519685 135.43307086614172 133.85826771653544 à
1565.3543307086613 3721.259842519685 516.5354330708661 133.85826771653544 l’Exposition

763.7795275590552 3815.748031496063 269.29133858267716 157.48031496062993 ART.
930.7086614173228 3815.748031496063 201.5748031496063 157.48031496062993 9.
1031.4960629921259 3815.748031496063 168.50393700787401 157.48031496062993 —
1099.2125984251968 3815.748031496063 403.1496062992126 157.48031496062993 L’entrée
1401.5748031496064 3815.748031496063 168.50393700787401 157.48031496062993 à
1469.291338582677 3815.748031496063 538.5826771653543 157.48031496062993 l’Exposition
1905.5118110236222 3815.748031496063 269.29133858267716 157.48031496062993 sera
2074.015748031496 3815.748031496063 302.3622047244094 157.48031496062993 libre
2275.5905511811025 3815.748031496063 234.64566929133858 157.48031496062993 les
2376.3779527559054 3815.748031496063 269.29133858267716 157.48031496062993 diman-

703.9370078740158 3959.0551181102364 248.8188976377953 94.48818897637796 ches
859.8425196850394 3959.0551181102364 185.82677165354332 94.48818897637796 et
952.7559055118111 3959.0551181102364 278.74015748031496 94.48818897637796 jours
1138.5826771653544 3959.0551181102364 185.82677165354332 94.48818897637796 de
1231.4960629921259 3959.0551181102364 278.74015748031496 94.48818897637796 fêtes
1387.4015748031495 3959.0551181102364 310.23622047244095 94.48818897637796 légales.
