1998 3149
288 569 145 77 Les
371 569 207 77 autres
516 569 207 77 jours,
661 569 124 77 il
723 569 166 77 sera
827 569 186 77 perçu
951 569 124 77 un
1013 569 186 77 droit
1137 569 269 77 d’entrée,
1344 569 166 77 fixé
1427 569 62 77 à

248 635 126 53 25
311 635 252 53 centimes
500 635 147 53 par
584 635 273 53 personne,
794 635 231 53 excepté
963 635 126 53 le
1026 635 189 53 jeudi
1152 635 126 53 où
1215 635 189 53 cette
1320 635 168 53 rétri-

250 693 203 60 bution
392 693 162 60 sera
493 693 122 60 de
554 693 122 60 50
615 693 264 60 centimes,
818 693 122 60 et
879 693 305 60 représentée
1123 693 142 60 par
1204 693 162 60 deux
1285 693 203 60 billets.

287 754 150 74 Les
372 754 236 74 enfants
544 754 301 74 au-dessous
780 754 129 74 de
845 754 150 74 six
931 754 172 74 ans,
1038 754 322 74 accompagnés
1296 754 129 74 de
1339 754 150 74 leurs

246 805 241 86 parents,
426 805 241 86 jouiront
607 805 120 86 de
667 805 241 86 l’entrée
827 805 221 86 gratuite.

289 878 168 72 ART.
394 878 147 72 10.
478 878 105 72 —
520 878 126 72 Le
583 878 231 72 produit
750 878 147 72 net
834 878 147 72 des
918 878 210 72 droits
1065 878 252 72 d’entrée
1253 878 168 72 est,
1358 878 147 72 dès
1421 878 63 72 à

250 940 229 55 présent,
421 940 229 55 affecté,
593 940 171 55 ainsi
707 940 171 55 qu’il
821 940 133 55 est
898 940 133 55 dit
974 940 248 55 ci-dessus
1164 940 95 55 à
1202 940 248 55 l’article
1393 940 114 55 8,
1431 940 57 55 à

246 1000 227 59 l’achat
412 1000 248 59 d’œuvres
598 1000 269 59 destinées
804 1000 103 59 à
846 1000 186 59 faire
969 1000 207 59 partie
1114 1000 124 59 du
1176 1000 207 59 Musée,
1321 1000 165 59 sauf
1403 1000 83 59 ce

247 1048 147 68 qui
331 1048 168 68 sera
436 1048 273 68 attribué,
646 1048 147 68 sur
730 1048 126 68 ce
793 1048 252 68 produit,
982 1048 147 68 aux
1066 1048 168 68 deux
1171 1048 252 68 Sociétés
1339 1048 147 68 d’en

218 1118 335 71 couragement.

287 1183 177 60 ART.
398 1183 155 60 11.
486 1183 111 60 —
531 1183 133 60 Il
597 1183 177 60 sera
708 1183 266 60 prélevé,
908 1183 155 60 sur
996 1183 133 60 la
1063 1183 244 60 recette
1240 1183 155 60 des
1307 1183 177 60 droits

245 1245 278 53 d’entrée,
458 1245 150 53 une
544 1245 192 53 somme
672 1245 128 53 de
736 1245 192 53 1,500
864 1245 235 53 francs,
1035 1245 128 53 ou
1099 1245 128 53 la
1163 1245 214 53 moitié
1313 1245 128 53 du
1356 1245 128 53 pro-

248 1303 154 68 duit
344 1303 135 68 net
421 1303 154 68 s’il
518 1303 174 68 était
634 1303 251 68 inférieur
827 1303 97 68 à
865 1303 174 68 3,000
981 1303 212 68 francs,
1136 1303 154 68 pour
1232 1303 154 68 être
1309 1303 174 68 remise,

245 1360 135 58 par
322 1360 174 58 parts
438 1360 212 58 égales,
592 1360 97 58 à
631 1360 116 58 la
689 1360 270 58 <i>Société
901 1360 135 58 des
978 1360 154 58 Amis
1075 1360 135 58 des
1152 1360 232 58 Arts</i>
1326 1360 116 58 et
1383 1360 97 58 à
1403 1360 77 58 la

245 1421 284 72 <i>Société
468 1421 284 72 artistique
691 1421 122 72 de
751 1421 365 72 Normandie</i>,
1055 1421 122 72 en
1116 1421 223 72 échange
1278 1421 162 72 d’un
1359 1421 122 72 nom-

243 1475 140 68 bre
323 1475 341 68 correspondant
604 1475 120 68 de
664 1475 181 68 leurs
785 1475 221 68 billets
945 1475 120 68 de
985 1475 201 68 loterie.

285 1533 139 72 Ces
365 1533 219 72 billets
524 1533 199 72 seront
663 1533 278 72 attribués,
882 1533 119 72 au
941 1533 179 72 moyen
1060 1533 159 72 d’un
1160 1533 199 72 tirage
1279 1533 199 72 spécial,

240 1593 141 59 aux
321 1593 242 59 porteurs
502 1593 141 59 des
583 1593 222 59 billets
745 1593 242 59 d’entrée
927 1593 121 59 de
967 1593 303 59 l’Exposition.

282 1643 160 94 ART.
382 1643 140 94 12.
462 1643 100 94 —
502 1643 120 94 Au
562 1643 200 94 billet
702 1643 240 94 d’entrée
882 1643 160 94 sera
981 1643 200 94 joint,
1121 1643 160 94 pour
1221 1643 160 94 être
1301 1643 180 94 détaché

242 1721 133 66 et
308 1721 265 66 conservé
507 1721 155 66 par
596 1721 133 66 le
662 1721 265 66 porteur,
861 1721 133 66 un
927 1721 221 66 coupon
1082 1721 243 66 portant
1259 1721 133 66 un
1303 1721 177 66 numéro

241 1778 128 62 et
305 1778 150 62 qui
390 1778 321 62 participera
647 1778 128 62 au
711 1778 214 62 tirage
861 1778 278 62 mentionné
1075 1778 128 62 au
1139 1778 257 62 deuxième
1310 1778 171 62 alinéa

239 1839 118 67 de
298 1839 257 67 l’article
476 1839 237 67 précédent.

278 1885 181 97 ART,
392 1885 159 97 13.
482 1885 113 97 —
528 1885 136 97 Le
596 1885 227 97 billet
754 1885 272 97 d’entrée
959 1885 181 97 sera
1072 1885 227 97 séparé
1231 1885 136 97 du
1276 1885 204 97 coupon,

243 1971 155 66 mais
339 1971 116 66 en
398 1971 232 66 laissant
572 1971 194 66 intact
707 1971 116 66 le
765 1971 155 66 côté
862 1971 116 66 du
920 1971 232 66 registre
1095 1971 97 66 à
1133 1971 213 66 souche.
1288 1971 116 66 Le
1327 1971 155 66 billet

241 2023 252 73 d’entrée
430 2023 168 73 sera
535 2023 189 73 remis
661 2023 105 73 à
703 2023 126 73 la
766 2023 189 73 porte
891 2023 126 73 de
954 2023 336 73 l’Exposition
1227 2023 126 73 et
1269 2023 210 73 immédia-

240 2086 212 67 tement
367 2086 191 67 lacéré.

276 2161 169 70 ART.
382 2161 148 70 14.
466 2161 106 70 —
508 2161 169 70 Pour
614 2161 275 70 accélérer
826 2161 127 70 le
889 2161 254 70 service,
1079 2161 148 70 les
1164 2161 275 70 visiteurs
1354 2161 127 70 sont

237 2224 301 59 instamment
473 2224 193 59 priés
602 2224 129 59 de
666 2224 129 59 se
730 2224 279 59 pourvoir,
945 2224 129 59 au
1010 2224 301 59 préalable,
1246 2224 129 59 du
1289 2224 193 59 montant

237 2270 122 69 de
298 2270 122 69 la
359 2270 305 69 rétribution
602 2270 203 69 qu’ils
744 2270 203 69 auront
886 2270 102 69 à
907 2270 162 69 payer.

274 2351 189 59 ART.
392 2351 165 59 15.
487 2351 118 59 —
534 2351 165 59 Les
629 2351 260 59 Membres
818 2351 307 59 composant
1054 2351 165 59 les
1148 2351 260 59 bureaux
1337 2351 142 59 de
1385 2351 94 59 la

240 2414 248 69 <i>Société
435 2414 124 69 des
506 2414 142 69 Amis
595 2414 124 69 des
666 2414 213 69 Arts</i>
826 2414 106 69 et
879 2414 106 69 de
932 2414 106 69 la
985 2414 231 69 i>Société
1163 2414 248 69 artistique
1340 2414 142 69 de</i>

234 2469 394 62 <i>Normandie</i>
569 2469 256 62 recevront
766 2469 138 62 une
845 2469 177 62 carte
963 2469 295 62 personnelle
1199 2469 236 62 d’entrée
1357 2469 118 62 pour

233 2531 186 82 toute
357 2531 124 82 la
419 2531 186 82 durée
543 2531 124 82 de
584 2531 310 82 l’Exposition.
