3146.4566929133857 4959.055118110236
453.54330708661416 896.0629921259842 228.3464566929134 121.25984251968504 Les
584.2519685039371 896.0629921259842 325.98425196850394 121.25984251968504 autres
812.5984251968504 896.0629921259842 325.98425196850394 121.25984251968504 jours,
1040.9448818897638 896.0629921259842 195.2755905511811 121.25984251968504 il
1138.5826771653544 896.0629921259842 261.4173228346457 121.25984251968504 sera
1302.3622047244094 896.0629921259842 292.9133858267717 121.25984251968504 perçu
1497.6377952755906 896.0629921259842 195.2755905511811 121.25984251968504 un
1595.275590551181 896.0629921259842 292.9133858267717 121.25984251968504 droit
1790.5511811023623 896.0629921259842 423.62204724409446 121.25984251968504 d’entrée,
2116.535433070866 896.0629921259842 261.4173228346457 121.25984251968504 fixé
2247.244094488189 896.0629921259842 97.63779527559055 121.25984251968504 à

390.5511811023622 1000.0 198.4251968503937 83.46456692913385 25
489.76377952755905 1000.0 396.8503937007874 83.46456692913385 centimes
787.4015748031496 1000.0 231.49606299212599 83.46456692913385 par
919.6850393700787 1000.0 429.9212598425197 83.46456692913385 personne,
1250.3937007874015 1000.0 363.7795275590551 83.46456692913385 excepté
1516.5354330708662 1000.0 198.4251968503937 83.46456692913385 le
1615.748031496063 1000.0 297.6377952755906 83.46456692913385 jeudi
1814.1732283464567 1000.0 198.4251968503937 83.46456692913385 où
1913.3858267716535 1000.0 297.6377952755906 83.46456692913385 cette
2078.740157480315 1000.0 264.56692913385825 83.46456692913385 rétri-

393.7007874015748 1091.3385826771653 319.68503937007875 94.48818897637796 bution
617.3228346456693 1091.3385826771653 255.11811023622047 94.48818897637796 sera
776.3779527559055 1091.3385826771653 192.1259842519685 94.48818897637796 de
872.4409448818898 1091.3385826771653 192.1259842519685 94.48818897637796 50
968.503937007874 1091.3385826771653 415.748031496063 94.48818897637796 centimes,
1288.1889763779527 1091.3385826771653 192.1259842519685 94.48818897637796 et
1384.251968503937 1091.3385826771653 480.31496062992125 94.48818897637796 représentée
1768.5039370078741 1091.3385826771653 223.6220472440945 94.48818897637796 par
1896.0629921259842 1091.3385826771653 255.11811023622047 94.48818897637796 deux
2023.6220472440946 1091.3385826771653 319.68503937007875 94.48818897637796 billets.

451.9685039370079 1187.4015748031495 236.2204724409449 116.53543307086615 Les
585.8267716535433 1187.4015748031495 371.65354330708664 116.53543307086615 enfants
856.6929133858267 1187.4015748031495 474.01574803149606 116.53543307086615 au-dessous
1228.3464566929133 1187.4015748031495 203.1496062992126 116.53543307086615 de
1330.708661417323 1187.4015748031495 236.2204724409449 116.53543307086615 six
1466.1417322834645 1187.4015748031495 270.86614173228344 116.53543307086615 ans,
1634.6456692913387 1187.4015748031495 507.0866141732283 116.53543307086615 accompagnés
2040.9448818897638 1187.4015748031495 203.1496062992126 116.53543307086615 de
2108.6614173228345 1187.4015748031495 236.2204724409449 116.53543307086615 leurs

387.40157480314963 1267.716535433071 379.5275590551181 135.43307086614172 parents,
670.8661417322835 1267.716535433071 379.5275590551181 135.43307086614172 jouiront
955.9055118110236 1267.716535433071 188.9763779527559 135.43307086614172 de
1050.3937007874015 1267.716535433071 379.5275590551181 135.43307086614172 l’entrée
1302.3622047244094 1267.716535433071 348.0314960629921 135.43307086614172 gratuite.

455.11811023622045 1382.6771653543308 264.56692913385825 113.38582677165354 ART.
620.4724409448819 1382.6771653543308 231.49606299212599 113.38582677165354 10.
752.7559055118111 1382.6771653543308 165.35433070866142 113.38582677165354 —
818.8976377952756 1382.6771653543308 198.4251968503937 113.38582677165354 Le
918.1102362204724 1382.6771653543308 363.7795275590551 113.38582677165354 produit
1181.1023622047244 1382.6771653543308 231.49606299212599 113.38582677165354 net
1313.3858267716535 1382.6771653543308 231.49606299212599 113.38582677165354 des
1445.6692913385828 1382.6771653543308 330.70866141732284 113.38582677165354 droits
1677.1653543307086 1382.6771653543308 396.8503937007874 113.38582677165354 d’entrée
1973.2283464566929 1382.6771653543308 264.56692913385825 113.38582677165354 est,
2138.582677165354 1382.6771653543308 231.49606299212599 113.38582677165354 dès
2237.7952755905512 1382.6771653543308 99.21259842519684 113.38582677165354 à

393.7007874015748 1480.3149606299212 360.62992125984255 86.61417322834646 présent,
662.992125984252 1480.3149606299212 360.62992125984255 86.61417322834646 affecté,
933.8582677165355 1480.3149606299212 269.29133858267716 86.61417322834646 ainsi
1113.3858267716535 1480.3149606299212 269.29133858267716 86.61417322834646 qu’il
1292.9133858267717 1480.3149606299212 209.4488188976378 86.61417322834646 est
1414.1732283464567 1480.3149606299212 209.4488188976378 86.61417322834646 dit
1533.8582677165355 1480.3149606299212 390.5511811023622 86.61417322834646 ci-dessus
1833.0708661417323 1480.3149606299212 149.60629921259843 86.61417322834646 à
1892.9133858267717 1480.3149606299212 390.5511811023622 86.61417322834646 l’article
2193.700787401575 1480.3149606299212 179.5275590551181 86.61417322834646 8,
2253.5433070866143 1480.3149606299212 89.76377952755905 86.61417322834646 à

387.40157480314963 1574.8031496062993 357.4803149606299 92.91338582677166 l’achat
648.8188976377953 1574.8031496062993 390.5511811023622 92.91338582677166 d’œuvres
941.7322834645669 1574.8031496062993 423.62204724409446 92.91338582677166 destinées
1266.1417322834645 1574.8031496062993 162.20472440944883 92.91338582677166 à
1332.283464566929 1574.8031496062993 292.9133858267717 92.91338582677166 faire
1525.984251968504 1574.8031496062993 325.98425196850394 92.91338582677166 partie
1754.3307086614172 1574.8031496062993 195.2755905511811 92.91338582677166 du
1851.9685039370079 1574.8031496062993 325.98425196850394 92.91338582677166 Musée,
2080.314960629921 1574.8031496062993 259.84251968503935 92.91338582677166 sauf
2209.448818897638 1574.8031496062993 130.70866141732284 92.91338582677166 ce

388.9763779527559 1650.3937007874015 231.49606299212599 107.08661417322834 qui
521.2598425196851 1650.3937007874015 264.56692913385825 107.08661417322834 sera
686.6141732283464 1650.3937007874015 429.9212598425197 107.08661417322834 attribué,
1017.3228346456693 1650.3937007874015 231.49606299212599 107.08661417322834 sur
1149.6062992125985 1650.3937007874015 198.4251968503937 107.08661417322834 ce
1248.8188976377953 1650.3937007874015 396.8503937007874 107.08661417322834 produit,
1546.4566929133857 1650.3937007874015 231.49606299212599 107.08661417322834 aux
1678.740157480315 1650.3937007874015 264.56692913385825 107.08661417322834 deux
1844.0944881889764 1650.3937007874015 396.8503937007874 107.08661417322834 Sociétés
2108.6614173228345 1650.3937007874015 231.49606299212599 107.08661417322834 d’en

343.3070866141732 1760.6299212598426 527.5590551181102 111.81102362204724 couragement.

451.9685039370079 1862.992125984252 278.74015748031496 94.48818897637796 ART.
626.7716535433071 1862.992125984252 244.09448818897638 94.48818897637796 11.
765.3543307086615 1862.992125984252 174.8031496062992 94.48818897637796 —
836.2204724409448 1862.992125984252 209.4488188976378 94.48818897637796 Il
940.1574803149606 1862.992125984252 278.74015748031496 94.48818897637796 sera
1114.9606299212599 1862.992125984252 418.8976377952756 94.48818897637796 prélevé,
1429.9212598425197 1862.992125984252 244.09448818897638 94.48818897637796 sur
1568.5039370078741 1862.992125984252 209.4488188976378 94.48818897637796 la
1674.015748031496 1862.992125984252 384.251968503937 94.48818897637796 recette
1952.755905511811 1862.992125984252 244.09448818897638 94.48818897637796 des
2058.267716535433 1862.992125984252 278.74015748031496 94.48818897637796 droits

385.8267716535433 1960.6299212598426 437.79527559055117 83.46456692913385 d’entrée,
721.2598425196851 1960.6299212598426 236.2204724409449 83.46456692913385 une
856.6929133858267 1960.6299212598426 302.3622047244094 83.46456692913385 somme
1058.267716535433 1960.6299212598426 201.5748031496063 83.46456692913385 de
1159.0551181102362 1960.6299212598426 302.3622047244094 83.46456692913385 1,500
1360.6299212598426 1960.6299212598426 370.0787401574803 83.46456692913385 francs,
1629.9212598425197 1960.6299212598426 201.5748031496063 83.46456692913385 ou
1730.708661417323 1960.6299212598426 201.5748031496063 83.46456692913385 la
1831.4960629921259 1960.6299212598426 337.00787401574803 83.46456692913385 moitié
2067.716535433071 1960.6299212598426 201.5748031496063 83.46456692913385 du
2135.433070866142 1960.6299212598426 201.5748031496063 83.46456692913385 pro-

390.5511811023622 2051.968503937008 242.51968503937007 107.08661417322834 duit
541.7322834645669 2051.968503937008 212.5984251968504 107.08661417322834 net
662.992125984252 2051.968503937008 242.51968503937007 107.08661417322834 s’il
815.7480314960629 2051.968503937008 274.01574803149606 107.08661417322834 était
998.4251968503937 2051.968503937008 395.2755905511811 107.08661417322834 inférieur
1302.3622047244094 2051.968503937008 152.75590551181102 107.08661417322834 à
1362.2047244094488 2051.968503937008 274.01574803149606 107.08661417322834 3,000
1544.8818897637796 2051.968503937008 333.8582677165354 107.08661417322834 francs,
1788.976377952756 2051.968503937008 242.51968503937007 107.08661417322834 pour
1940.1574803149606 2051.968503937008 242.51968503937007 107.08661417322834 être
2061.417322834646 2051.968503937008 274.01574803149606 107.08661417322834 remise,

385.8267716535433 2141.732283464567 212.5984251968504 91.33858267716535 par
507.0866141732283 2141.732283464567 274.01574803149606 91.33858267716535 parts
689.7637795275591 2141.732283464567 333.8582677165354 91.33858267716535 égales,
932.2834645669292 2141.732283464567 152.75590551181102 91.33858267716535 à
993.7007874015748 2141.732283464567 182.6771653543307 91.33858267716535 la
1085.0393700787401 2141.732283464567 425.1968503937008 91.33858267716535 <i>Société
1418.8976377952756 2141.732283464567 212.5984251968504 91.33858267716535 des
1540.1574803149606 2141.732283464567 242.51968503937007 91.33858267716535 Amis
1692.9133858267717 2141.732283464567 212.5984251968504 91.33858267716535 des
1814.1732283464567 2141.732283464567 365.3543307086614 91.33858267716535 Arts</i>
2088.1889763779527 2141.732283464567 182.6771653543307 91.33858267716535 et
2177.952755905512 2141.732283464567 152.75590551181102 91.33858267716535 à
2209.448818897638 2141.732283464567 121.25984251968504 91.33858267716535 la

385.8267716535433 2237.7952755905512 447.244094488189 113.38582677165354 <i>Société
737.007874015748 2237.7952755905512 447.244094488189 113.38582677165354 artistique
1088.1889763779527 2237.7952755905512 192.1259842519685 113.38582677165354 de
1182.6771653543308 2237.7952755905512 574.8031496062993 113.38582677165354 Normandie</i>
1661.4173228346456 2237.7952755905512 192.1259842519685 113.38582677165354 en
1757.4803149606298 2237.7952755905512 351.18110236220474 113.38582677165354 échange
2012.5984251968505 2237.7952755905512 255.11811023622047 113.38582677165354 d’un
2140.1574803149606 2237.7952755905512 192.1259842519685 113.38582677165354 nom-

382.6771653543307 2322.834645669291 220.4724409448819 107.08661417322834 bre
508.66141732283467 2322.834645669291 537.007874015748 107.08661417322834 correspondant
951.1811023622047 2322.834645669291 188.9763779527559 107.08661417322834 de
1045.6692913385828 2322.834645669291 285.03937007874015 107.08661417322834 leurs
1236.2204724409448 2322.834645669291 348.0314960629921 107.08661417322834 billets
1488.1889763779527 2322.834645669291 188.9763779527559 107.08661417322834 de
1551.1811023622047 2322.834645669291 316.53543307086613 107.08661417322834 loterie.

448.81889763779526 2414.1732283464567 218.89763779527559 113.38582677165354 Ces
574.8031496062993 2414.1732283464567 344.88188976377955 113.38582677165354 billets
825.1968503937007 2414.1732283464567 313.38582677165357 113.38582677165354 seront
1044.0944881889764 2414.1732283464567 437.79527559055117 113.38582677165354 attribués,
1388.976377952756 2414.1732283464567 187.4015748031496 113.38582677165354 au
1481.8897637795276 2414.1732283464567 281.8897637795276 113.38582677165354 moyen
1669.291338582677 2414.1732283464567 250.39370078740157 113.38582677165354 d’un
1826.7716535433071 2414.1732283464567 313.38582677165357 113.38582677165354 tirage
2014.1732283464567 2414.1732283464567 313.38582677165357 113.38582677165354 spécial,

377.9527559055118 2508.6614173228345 222.04724409448818 92.91338582677166 aux
505.51181102362204 2508.6614173228345 381.1023622047244 92.91338582677166 porteurs
790.5511811023622 2508.6614173228345 222.04724409448818 92.91338582677166 des
918.1102362204724 2508.6614173228345 349.6062992125984 92.91338582677166 billets
1173.2283464566929 2508.6614173228345 381.1023622047244 92.91338582677166 d’entrée
1459.8425196850394 2508.6614173228345 190.5511811023622 92.91338582677166 de
1522.8346456692914 2508.6614173228345 477.1653543307087 92.91338582677166 l’Exposition.

444.09448818897636 2587.4015748031497 251.96850393700788 148.03149606299212 ART.
601.5748031496063 2587.4015748031497 220.4724409448819 148.03149606299212 12.
727.5590551181102 2587.4015748031497 157.48031496062993 148.03149606299212 —
790.5511811023622 2587.4015748031497 188.9763779527559 148.03149606299212 Au
885.0393700787401 2587.4015748031497 314.96062992125985 148.03149606299212 billet
1105.5118110236222 2587.4015748031497 377.9527559055118 148.03149606299212 d’entrée
1388.976377952756 2587.4015748031497 251.96850393700788 148.03149606299212 sera
1544.8818897637796 2587.4015748031497 314.96062992125985 148.03149606299212 joint,
1765.3543307086613 2587.4015748031497 251.96850393700788 148.03149606299212 pour
1922.8346456692914 2587.4015748031497 251.96850393700788 148.03149606299212 être
2048.818897637795 2587.4015748031497 283.46456692913387 148.03149606299212 détaché

381.1023622047244 2710.236220472441 209.4488188976378 103.93700787401575 et
485.03937007874015 2710.236220472441 417.3228346456693 103.93700787401575 conservé
798.4251968503937 2710.236220472441 244.09448818897638 103.93700787401575 par
938.5826771653543 2710.236220472441 209.4488188976378 103.93700787401575 le
1042.5196850393702 2710.236220472441 417.3228346456693 103.93700787401575 porteur,
1355.9055118110236 2710.236220472441 209.4488188976378 103.93700787401575 un
1459.8425196850394 2710.236220472441 348.0314960629921 103.93700787401575 coupon
1703.9370078740158 2710.236220472441 382.6771653543307 103.93700787401575 portant
1982.6771653543308 2710.236220472441 209.4488188976378 103.93700787401575 un
2051.968503937008 2710.236220472441 278.74015748031496 103.93700787401575 numéro

379.5275590551181 2800.0 201.5748031496063 97.63779527559055 et
480.31496062992125 2800.0 236.2204724409449 97.63779527559055 qui
614.1732283464567 2800.0 505.51181102362204 97.63779527559055 participera
1018.8976377952756 2800.0 201.5748031496063 97.63779527559055 au
1119.6850393700788 2800.0 337.00787401574803 97.63779527559055 tirage
1355.9055118110236 2800.0 437.79527559055117 97.63779527559055 mentionné
1692.9133858267717 2800.0 201.5748031496063 97.63779527559055 au
1793.7007874015749 2800.0 404.7244094488189 97.63779527559055 deuxième
2062.9921259842517 2800.0 269.29133858267716 97.63779527559055 alinéa

376.37795275590554 2896.0629921259842 185.82677165354332 105.51181102362204 de
469.29133858267716 2896.0629921259842 404.7244094488189 105.51181102362204 l’article
749.6062992125984 2896.0629921259842 373.2283464566929 105.51181102362204 précédent.

437.79527559055117 2968.503937007874 285.03937007874015 152.75590551181102 ART,
617.3228346456693 2968.503937007874 250.39370078740157 152.75590551181102 13.
759.0551181102362 2968.503937007874 177.95275590551182 152.75590551181102 —
831.496062992126 2968.503937007874 214.17322834645668 152.75590551181102 Le
938.5826771653543 2968.503937007874 357.4803149606299 152.75590551181102 billet
1187.4015748031495 2968.503937007874 428.34645669291336 152.75590551181102 d’entrée
1510.236220472441 2968.503937007874 285.03937007874015 152.75590551181102 sera
1688.1889763779527 2968.503937007874 357.4803149606299 152.75590551181102 séparé
1938.5826771653544 2968.503937007874 214.17322834645668 152.75590551181102 du
2009.4488188976377 2968.503937007874 321.25984251968504 152.75590551181102 coupon,

382.6771653543307 3103.9370078740158 244.09448818897638 103.93700787401575 mais
533.8582677165355 3103.9370078740158 182.6771653543307 103.93700787401575 en
626.7716535433071 3103.9370078740158 365.3543307086614 103.93700787401575 laissant
900.7874015748032 3103.9370078740158 305.51181102362204 103.93700787401575 intact
1113.3858267716535 3103.9370078740158 182.6771653543307 103.93700787401575 le
1204.724409448819 3103.9370078740158 244.09448818897638 103.93700787401575 côté
1357.4803149606298 3103.9370078740158 182.6771653543307 103.93700787401575 du
1448.8188976377953 3103.9370078740158 365.3543307086614 103.93700787401575 registre
1724.4094488188975 3103.9370078740158 152.75590551181102 103.93700787401575 à
1784.251968503937 3103.9370078740158 335.43307086614175 103.93700787401575 souche.
2028.3464566929133 3103.9370078740158 182.6771653543307 103.93700787401575 Le
2089.763779527559 3103.9370078740158 244.09448818897638 103.93700787401575 billet

379.5275590551181 3185.8267716535433 396.8503937007874 114.96062992125984 d’entrée
677.1653543307086 3185.8267716535433 264.56692913385825 114.96062992125984 sera
842.5196850393701 3185.8267716535433 297.6377952755906 114.96062992125984 remis
1040.9448818897638 3185.8267716535433 165.35433070866142 114.96062992125984 à
1107.0866141732283 3185.8267716535433 198.4251968503937 114.96062992125984 la
1206.2992125984251 3185.8267716535433 297.6377952755906 114.96062992125984 porte
1403.1496062992126 3185.8267716535433 198.4251968503937 114.96062992125984 de
1502.3622047244094 3185.8267716535433 529.1338582677165 114.96062992125984 l’Exposition
1932.283464566929 3185.8267716535433 198.4251968503937 114.96062992125984 et
1998.4251968503936 3185.8267716535433 330.70866141732284 114.96062992125984 immédia-

377.9527559055118 3285.0393700787404 333.8582677165354 105.51181102362204 tement
577.9527559055118 3285.0393700787404 300.78740157480314 105.51181102362204 lacéré.

434.6456692913386 3403.149606299213 266.1417322834646 110.23622047244095 ART.
601.5748031496063 3403.149606299213 233.0708661417323 110.23622047244095 14.
733.8582677165355 3403.149606299213 166.9291338582677 110.23622047244095 —
800.0 3403.149606299213 266.1417322834646 110.23622047244095 Pour
966.9291338582677 3403.149606299213 433.07086614173227 110.23622047244095 accélérer
1300.7874015748032 3403.149606299213 200.0 110.23622047244095 le
1400.0 3403.149606299213 400.0 110.23622047244095 service,
1699.2125984251968 3403.149606299213 233.0708661417323 110.23622047244095 les
1833.0708661417323 3403.149606299213 433.07086614173227 110.23622047244095 visiteurs
2132.283464566929 3403.149606299213 200.0 110.23622047244095 sont

373.2283464566929 3502.3622047244094 474.01574803149606 92.91338582677166 instamment
744.8818897637796 3502.3622047244094 303.93700787401576 92.91338582677166 priés
948.0314960629921 3502.3622047244094 203.1496062992126 92.91338582677166 de
1048.8188976377953 3502.3622047244094 203.1496062992126 92.91338582677166 se
1149.6062992125985 3502.3622047244094 439.37007874015745 92.91338582677166 pourvoir,
1488.1889763779527 3502.3622047244094 203.1496062992126 92.91338582677166 au
1590.5511811023623 3502.3622047244094 474.01574803149606 92.91338582677166 préalable,
1962.2047244094488 3502.3622047244094 203.1496062992126 92.91338582677166 du
2029.9212598425197 3502.3622047244094 303.93700787401576 92.91338582677166 montant

373.2283464566929 3574.803149606299 192.1259842519685 108.66141732283465 de
469.29133858267716 3574.803149606299 192.1259842519685 108.66141732283465 la
565.3543307086615 3574.803149606299 480.31496062992125 108.66141732283465 rétribution
948.0314960629921 3574.803149606299 319.68503937007875 108.66141732283465 qu’ils
1171.6535433070867 3574.803149606299 319.68503937007875 108.66141732283465 auront
1395.275590551181 3574.803149606299 160.62992125984252 108.66141732283465 à
1428.3464566929133 3574.803149606299 255.11811023622047 108.66141732283465 payer.

431.496062992126 3702.3622047244094 297.6377952755906 92.91338582677166 ART.
617.3228346456693 3702.3622047244094 259.84251968503935 92.91338582677166 15.
766.9291338582677 3702.3622047244094 185.82677165354332 92.91338582677166 —
840.9448818897638 3702.3622047244094 259.84251968503935 92.91338582677166 Les
990.5511811023622 3702.3622047244094 409.4488188976378 92.91338582677166 Membres
1288.1889763779527 3702.3622047244094 483.46456692913387 92.91338582677166 composant
1659.8425196850394 3702.3622047244094 259.84251968503935 92.91338582677166 les
1807.8740157480315 3702.3622047244094 409.4488188976378 92.91338582677166 bureaux
2105.511811023622 3702.3622047244094 223.6220472440945 92.91338582677166 de
2181.1023622047246 3702.3622047244094 148.03149606299212 92.91338582677166 la

377.9527559055118 3801.5748031496064 390.5511811023622 108.66141732283465 <i>Société
685.0393700787401 3801.5748031496064 195.2755905511811 108.66141732283465 des
796.8503937007874 3801.5748031496064 223.6220472440945 108.66141732283465 Amis
937.007874015748 3801.5748031496064 195.2755905511811 108.66141732283465 des
1048.8188976377953 3801.5748031496064 335.43307086614175 108.66141732283465 Arts</i>
1300.7874015748032 3801.5748031496064 166.9291338582677 108.66141732283465 et
1384.251968503937 3801.5748031496064 166.9291338582677 108.66141732283465 de
1467.716535433071 3801.5748031496064 166.9291338582677 108.66141732283465 la
1551.1811023622047 3801.5748031496064 363.7795275590551 108.66141732283465 <i>Société
1831.4960629921259 3801.5748031496064 390.5511811023622 108.66141732283465 artistique
2110.236220472441 3801.5748031496064 223.6220472440945 108.66141732283465 de</i>

368.503937007874 3888.1889763779527 620.4724409448819 97.63779527559055 <i>Normandie</i>
896.0629921259842 3888.1889763779527 403.1496062992126 97.63779527559055 recevront
1206.2992125984251 3888.1889763779527 217.3228346456693 97.63779527559055 une
1330.708661417323 3888.1889763779527 278.74015748031496 97.63779527559055 carte
1516.5354330708662 3888.1889763779527 464.56692913385825 97.63779527559055 personnelle
1888.1889763779527 3888.1889763779527 371.65354330708664 97.63779527559055 d’entrée
2137.0078740157483 3888.1889763779527 185.82677165354332 97.63779527559055 pour

366.92913385826773 3985.8267716535433 292.9133858267717 129.13385826771653 toute
562.2047244094488 3985.8267716535433 195.2755905511811 129.13385826771653 la
659.8425196850394 3985.8267716535433 292.9133858267717 129.13385826771653 durée
855.1181102362204 3985.8267716535433 195.2755905511811 129.13385826771653 de
919.6850393700787 3985.8267716535433 488.18897637795277 129.13385826771653 l’Exposition.
