3078.740157480315 4959.055118110236
759.0551181102362 892.9133858267717 259.84251968503935 119.68503937007874 Les
908.6614173228346 892.9133858267717 407.87401574803147 119.68503937007874 Membres
1204.724409448819 892.9133858267717 519.6850393700787 119.68503937007874 titulaires
1612.5984251968505 892.9133858267717 259.84251968503935 119.68503937007874 des
1762.2047244094488 892.9133858267717 333.8582677165354 119.68503937007874 dites
1984.251968503937 892.9133858267717 445.6692913385827 119.68503937007874 Sociétés
2280.314960629921 892.9133858267717 371.65354330708664 119.68503937007874 pourront

700.7874015748032 1011.0236220472441 374.8031496062992 89.76377952755905 prendre
974.8031496062993 1011.0236220472441 239.37007874015748 89.76377952755905 une
1110.236220472441 1011.0236220472441 307.0866141732283 89.76377952755905 carte
1316.5354330708662 1011.0236220472441 511.81102362204723 89.76377952755905 personnelle
1725.984251968504 1011.0236220472441 581.1023622047244 89.76377952755905 d’abonnement,
2203.149606299213 1011.0236220472441 444.09448818897636 89.76377952755905 moyennant
2510.236220472441 1011.0236220472441 137.00787401574803 89.76377952755905 le

703.9370078740158 1102.3622047244094 415.748031496063 96.06299212598425 versement
1023.6220472440945 1102.3622047244094 192.1259842519685 96.06299212598425 de
1118.1102362204724 1102.3622047244094 159.0551181102362 96.06299212598425 1
1182.6771653543308 1102.3622047244094 319.68503937007875 96.06299212598425 franc,
1406.2992125984251 1102.3622047244094 255.11811023622047 96.06299212598425 prix
1565.3543307086613 1102.3622047244094 192.1259842519685 96.06299212598425 de
1661.4173228346456 1102.3622047244094 319.68503937007875 96.06299212598425 quatre
1885.0393700787401 1102.3622047244094 351.18110236220474 96.06299212598425 billets
2140.1574803149606 1102.3622047244094 415.748031496063 96.06299212598425 d’entrée,
2459.8425196850394 1102.3622047244094 192.1259842519685 96.06299212598425 et
2524.4094488188975 1102.3622047244094 127.55905511811024 96.06299212598425 de

703.9370078740158 1192.1259842519685 365.3543307086614 116.53543307086615 coupons
968.503937007874 1192.1259842519685 231.49606299212599 116.53543307086615 qui
1102.3622047244094 1192.1259842519685 264.56692913385825 116.53543307086615 leur
1267.716535433071 1192.1259842519685 332.2834645669291 116.53543307086615 seront
1466.1417322834645 1192.1259842519685 365.3543307086614 116.53543307086615 délivrés.

765.3543307086615 1289.763779527559 264.56692913385825 110.23622047244095 ART.
930.7086614173228 1289.763779527559 231.49606299212599 110.23622047244095 16.
1062.992125984252 1289.763779527559 165.35433070866142 110.23622047244095 —
1130.708661417323 1289.763779527559 198.4251968503937 110.23622047244095 Il
1229.9212598425197 1289.763779527559 264.56692913385825 110.23622047244095 sera
1395.275590551181 1289.763779527559 464.56692913385825 110.23622047244095 facultatif
1760.6299212598426 1289.763779527559 165.35433070866142 110.23622047244095 à
1826.7716535433071 1289.763779527559 264.56692913385825 110.23622047244095 tout
1992.1259842519685 1289.763779527559 365.3543307086614 110.23622047244095 porteur
2256.6929133858266 1289.763779527559 198.4251968503937 110.23622047244095 de
2322.834645669291 1289.763779527559 332.2834645669291 110.23622047244095 quarante

700.7874015748032 1407.8740157480315 363.7795275590551 105.51181102362204 billets
965.3543307086615 1407.8740157480315 429.9212598425197 105.51181102362204 d’entrée,
1296.0629921259842 1407.8740157480315 231.49606299212599 105.51181102362204 non
1428.3464566929133 1407.8740157480315 396.8503937007874 105.51181102362204 détachés
1724.4094488188975 1407.8740157480315 198.4251968503937 105.51181102362204 du
1823.6220472440946 1407.8740157480315 330.70866141732284 105.51181102362204 coupon
2055.1181102362207 1407.8740157480315 198.4251968503937 105.51181102362204 de
2154.3307086614172 1407.8740157480315 396.8503937007874 105.51181102362204 loterie,
2418.8976377952754 1407.8740157480315 231.49606299212599 105.51181102362204 d’ob-

703.9370078740158 1499.2125984251968 281.8897637795276 88.18897637795276 tenir
892.9133858267717 1499.2125984251968 313.38582677165357 88.18897637795276 aussi,
1111.8110236220473 1499.2125984251968 218.89763779527559 88.18897637795276 sur
1237.7952755905512 1499.2125984251968 188.9763779527559 88.18897637795276 la
1330.708661417323 1499.2125984251968 502.3622047244094 88.18897637795276 présentation
1738.5826771653544 1499.2125984251968 188.9763779527559 88.18897637795276 et
1833.0708661417323 1499.2125984251968 188.9763779527559 88.18897637795276 la
1927.5590551181103 1499.2125984251968 313.38582677165357 88.18897637795276 remise
2146.4566929133857 1499.2125984251968 188.9763779527559 88.18897637795276 de
2240.9448818897636 1499.2125984251968 218.89763779527559 88.18897637795276 ces
2335.433070866142 1499.2125984251968 313.38582677165357 88.18897637795276 billets,

702.3622047244095 1588.976377952756 234.64566929133858 92.91338582677166 une
836.2204724409448 1588.976377952756 300.78740157480314 92.91338582677166 carte
1036.2204724409448 1588.976377952756 401.5748031496063 92.91338582677166 d’entrée
1337.007874015748 1588.976377952756 467.7165354330709 92.91338582677166 permanente
1703.9370078740158 1588.976377952756 200.0 92.91338582677166 et
1771.6535433070867 1588.976377952756 467.7165354330709 92.91338582677166 personnelle.

768.503937007874 1677.1653543307086 192.1259842519685 108.66141732283465 Le
864.5669291338583 1677.1653543307086 510.23622047244095 108.66141732283465 propriétaire
1278.740157480315 1677.1653543307086 286.61417322834643 108.66141732283465 d’une
1470.8661417322835 1677.1653543307086 286.61417322834643 108.66141732283465 carte
1661.4173228346456 1677.1653543307086 382.6771653543307 108.66141732283465 d’entrée
1949.6062992125985 1677.1653543307086 478.74015748031496 108.66141732283465 personnelle
2332.283464566929 1677.1653543307086 192.1259842519685 108.66141732283465 ne
2396.850393700787 1677.1653543307086 255.11811023622047 108.66141732283465 pourra

702.3622047244095 1784.251968503937 195.2755905511811 107.08661417322834 la
800.0 1784.251968503937 325.98425196850394 107.08661417322834 prêter
1028.3464566929133 1784.251968503937 195.2755905511811 107.08661417322834 ou
1125.984251968504 1784.251968503937 195.2755905511811 107.08661417322834 la
1223.6220472440946 1784.251968503937 325.98425196850394 107.08661417322834 céder,
1451.9685039370079 1784.251968503937 261.4173228346457 107.08661417322834 sous
1615.748031496063 1784.251968503937 292.9133858267717 107.08661417322834 peine
1811.023622047244 1784.251968503937 195.2755905511811 107.08661417322834 de
1908.6614173228347 1784.251968503937 325.98425196850394 107.08661417322834 perdre
2137.0078740157483 1784.251968503937 228.3464566929134 107.08661417322834 son
2267.716535433071 1784.251968503937 325.98425196850394 107.08661417322834 droit,
2462.9921259842517 1784.251968503937 195.2755905511811 107.08661417322834 tant

703.9370078740158 1861.4173228346456 148.03149606299212 110.23622047244095 à
763.7795275590552 1861.4173228346456 354.3307086614173 110.23622047244095 l’entrée
1028.3464566929133 1861.4173228346456 236.2204724409449 110.23622047244095 qu’à
1176.3779527559054 1861.4173228346456 176.3779527559055 110.23622047244095 la
1236.2204724409448 1861.4173228346456 294.48818897637796 110.23622047244095 loterie.

765.3543307086615 1966.9291338582677 248.8188976377953 92.91338582677166 Les
908.6614173228346 1966.9291338582677 355.90551181102364 92.91338582677166 cartes
1157.4803149606298 1966.9291338582677 428.34645669291336 92.91338582677166 d’entrée
1478.740157480315 1966.9291338582677 570.0787401574803 92.91338582677166 personnelles
1941.732283464567 1966.9291338582677 355.90551181102364 92.91338582677166 seront
2192.1259842519685 1966.9291338582677 462.99212598425197 92.91338582677166 délivrées
2511.8110236220473 1966.9291338582677 143.30708661417322 92.91338582677166 au

705.511811023622 2051.968503937008 478.74015748031496 89.76377952755905 Secrétariat
1088.1889763779527 2051.968503937008 190.5511811023622 89.76377952755905 de
1182.6771653543308 2051.968503937008 190.5511811023622 89.76377952755905 la
1278.740157480315 2051.968503937008 351.18110236220474 89.76377952755905 Mairie,
1533.8582677165355 2051.968503937008 351.18110236220474 89.76377952755905 galerie
1788.976377952756 2051.968503937008 190.5511811023622 89.76377952755905 du
1885.0393700787401 2051.968503937008 351.18110236220474 89.76377952755905 premier
2140.1574803149606 2051.968503937008 318.1102362204724 89.76377952755905 étage,
2363.779527559055 2051.968503937008 190.5511811023622 89.76377952755905 n°
2426.771653543307 2051.968503937008 127.55905511811024 89.76377952755905 9.

762.2047244094488 2163.779527559055 291.33858267716533 116.53543307086615 ART.
943.3070866141733 2163.779527559055 255.11811023622047 116.53543307086615 17.
1089.763779527559 2163.779527559055 182.6771653543307 116.53543307086615 —
1162.2047244094488 2163.779527559055 255.11811023622047 116.53543307086615 Les
1308.6614173228347 2163.779527559055 400.0 116.53543307086615 jeudis,
1600.0 2163.779527559055 327.5590551181102 116.53543307086615 toute
1817.3228346456692 2163.779527559055 363.7795275590551 116.53543307086615 entrée
2072.4409448818897 2163.779527559055 474.01574803149606 116.53543307086615 gratuite,
2436.220472440945 2163.779527559055 218.89763779527559 116.53543307086615 ou
2510.236220472441 2163.779527559055 144.88188976377953 116.53543307086615 au

702.3622047244095 2259.8425196850394 303.93700787401576 113.38582677165354 moyen
903.9370078740158 2259.8425196850394 236.2204724409449 113.38582677165354 des
1039.3700787401574 2259.8425196850394 337.00787401574803 113.38582677165354 cartes
1274.015748031496 2259.8425196850394 505.51181102362204 113.38582677165354 mentionnées
1678.740157480315 2259.8425196850394 269.29133858267716 113.38582677165354 sous
1847.244094488189 2259.8425196850394 236.2204724409449 113.38582677165354 les
1982.6771653543308 2259.8425196850394 404.7244094488189 113.38582677165354 articles
2251.968503937008 2259.8425196850394 404.7244094488189 113.38582677165354 ci

699.2125984251968 2346.4566929133857 481.8897637795276 124.40944881889764 demeurera
1031.4960629921259 2346.4566929133857 444.09448818897636 124.40944881889764 suspendue.

765.3543307086615 2481.8897637795276 275.59055118110234 121.25984251968504 ART.
937.007874015748 2481.8897637795276 240.9448818897638 121.25984251968504 18.
1075.5905511811025 2481.8897637795276 171.6535433070866 121.25984251968504 —
1144.8818897637796 2481.8897637795276 206.29921259842519 121.25984251968504 Le
1247.244094488189 2481.8897637795276 344.88188976377955 121.25984251968504 tirage
1488.1889763779527 2481.8897637795276 344.88188976377955 121.25984251968504 auquel
1729.1338582677165 2481.8897637795276 344.88188976377955 121.25984251968504 auront
1970.0787401574803 2481.8897637795276 310.23622047244095 121.25984251968504 droit
2176.3779527559054 2481.8897637795276 206.29921259842519 121.25984251968504 de
2245.6692913385828 2481.8897637795276 412.59842519685037 121.25984251968504 participer

699.2125984251968 2573.228346456693 248.8188976377953 108.66141732283465 les
842.5196850393701 2573.228346456693 426.7716535433071 108.66141732283465 porteurs
1162.2047244094488 2573.228346456693 214.17322834645668 108.66141732283465 de
1269.291338582677 2573.228346456693 392.12598425196853 108.66141732283465 coupons
1554.3307086614172 2573.228346456693 426.7716535433071 108.66141732283465 détachés
1875.5905511811025 2573.228346456693 214.17322834645668 108.66141732283465 du
1981.1023622047244 2573.228346456693 355.90551181102364 108.66141732283465 billet
2231.496062992126 2573.228346456693 426.7716535433071 108.66141732283465 d’entrée
2516.535433070866 2573.228346456693 141.73228346456693 108.66141732283465 de

699.2125984251968 2666.1417322834645 198.4251968503937 97.63779527559055 25
798.4251968503937 2666.1417322834645 431.496062992126 97.63779527559055 centimes,
1130.708661417323 2666.1417322834645 264.56692913385825 97.63779527559055 aura
1296.0629921259842 2666.1417322834645 264.56692913385825 97.63779527559055 lieu
1461.4173228346456 2666.1417322834645 297.6377952755906 97.63779527559055 après
1659.8425196850394 2666.1417322834645 198.4251968503937 97.63779527559055 la
1760.6299212598426 2666.1417322834645 365.3543307086614 97.63779527559055 clôture
2025.1968503937007 2666.1417322834645 198.4251968503937 97.63779527559055 de
2124.4094488188975 2666.1417322834645 530.7086614173228 97.63779527559055 l’Exposition
2522.834645669291 2666.1417322834645 132.28346456692913 97.63779527559055 et

702.3622047244095 2765.3543307086616 269.29133858267716 89.76377952755905 sous
869.2913385826772 2765.3543307086616 201.5748031496063 89.76377952755905 la
971.6535433070866 2765.3543307086616 538.5826771653543 89.76377952755905 surveillance
1407.8740157480315 2765.3543307086616 470.86614173228344 89.76377952755905 accoutumée
1777.9527559055118 2765.3543307086616 201.5748031496063 89.76377952755905 de
1880.3149606299212 2765.3543307086616 672.4409448818898 89.76377952755905 l’Administration
2417.3228346456694 2765.3543307086616 236.2204724409449 89.76377952755905 muni

669.2913385826772 2844.0944881889764 291.33858267716533 119.68503937007874 cipale.

765.3543307086615 2962.2047244094488 280.31496062992125 110.23622047244095 ART.
940.1574803149606 2962.2047244094488 245.66929133858267 110.23622047244095 19.
1080.3149606299212 2962.2047244094488 174.8031496062992 110.23622047244095 —
1151.1811023622047 2962.2047244094488 245.66929133858267 110.23622047244095 Les
1291.3385826771653 2962.2047244094488 385.8267716535433 110.23622047244095 numéros
1571.6535433070867 2962.2047244094488 351.18110236220474 110.23622047244095 sortis
1817.3228346456692 2962.2047244094488 351.18110236220474 110.23622047244095 seront
2062.9921259842517 2962.2047244094488 385.8267716535433 110.23622047244095 publiés
2307.0866141732286 2962.2047244094488 351.18110236220474 110.23622047244095 immédia-

699.2125984251968 3062.9921259842517 338.5826771653543 97.63779527559055 tement
935.4330708661417 3062.9921259842517 303.93700787401576 97.63779527559055 après
1137.007874015748 3062.9921259842517 203.1496062992126 97.63779527559055 le
1239.3700787401574 3062.9921259842517 371.65354330708664 97.63779527559055 tirage,
1508.6614173228347 3062.9921259842517 236.2204724409449 97.63779527559055 par
1644.0944881889764 3062.9921259842517 203.1496062992126 97.63779527559055 la
1746.4566929133857 3062.9921259842517 270.86614173228344 97.63779527559055 voie
1914.9606299212599 3062.9921259842517 236.2204724409449 97.63779527559055 des
2050.3937007874015 3062.9921259842517 439.37007874015745 97.63779527559055 journaux,
2387.4015748031497 3062.9921259842517 270.86614173228344 97.63779527559055 afin
2522.834645669291 3062.9921259842517 135.43307086614172 97.63779527559055 de

699.2125984251968 3140.1574803149606 343.3070866141732 129.13385826771653 mettre
940.1574803149606 3140.1574803149606 240.9448818897638 129.13385826771653 les
1077.1653543307086 3140.1574803149606 412.59842519685037 129.13385826771653 porteurs
1385.8267716535433 3140.1574803149606 206.29921259842519 129.13385826771653 de
1489.763779527559 3140.1574803149606 377.9527559055118 129.13385826771653 coupons
1763.7795275590552 3140.1574803149606 206.29921259842519 129.13385826771653 en
1867.716535433071 3140.1574803149606 343.3070866141732 129.13385826771653 mesure
2107.0866141732286 3140.1574803149606 206.29921259842519 129.13385826771653 de
2211.0236220472443 3140.1574803149606 412.59842519685037 129.13385826771653 réclamer
2485.0393700787404 3140.1574803149606 171.6535433070866 129.13385826771653 les

700.7874015748032 3237.7952755905512 338.5826771653543 105.51181102362204 billets
948.0314960629921 3237.7952755905512 184.251968503937 105.51181102362204 de
1040.9448818897638 3237.7952755905512 338.5826771653543 105.51181102362204 loterie
1286.6141732283465 3237.7952755905512 215.748031496063 105.51181102362204 qui
1409.4488188976377 3237.7952755905512 245.66929133858267 105.51181102362204 leur
1563.7795275590552 3237.7952755905512 308.66141732283467 105.51181102362204 auront
1779.5275590551182 3237.7952755905512 215.748031496063 105.51181102362204 été
1870.8661417322835 3237.7952755905512 370.0787401574803 105.51181102362204 attribués.

763.7795275590552 3346.4566929133857 275.59055118110234 114.96062992125984 Tout
935.4330708661417 3346.4566929133857 240.9448818897638 114.96062992125984 lot
1074.015748031496 3346.4566929133857 240.9448818897638 114.96062992125984 nou
1211.023622047244 3346.4566929133857 379.5275590551181 114.96062992125984 réclamé
1486.6141732283465 3346.4566929133857 275.59055118110234 114.96062992125984 dans
1659.8425196850394 3346.4566929133857 412.59842519685037 114.96062992125984 l’année,
1970.0787401574803 3346.4566929133857 171.6535433070866 114.96062992125984 à
2037.7952755905512 3346.4566929133857 344.88188976377955 114.96062992125984 partir
2278.740157480315 3346.4566929133857 206.29921259842519 114.96062992125984 du
2348.031496062992 3346.4566929133857 310.23622047244095 114.96062992125984 tirage,

700.7874015748032 3414.1732283464567 519.6850393700787 140.15748031496062 appartiendra
1124.4094488188975 3414.1732283464567 162.20472440944883 140.15748031496062 à
1188.976377952756 3414.1732283464567 195.2755905511811 140.15748031496062 la
1253.5433070866143 3414.1732283464567 259.84251968503935 140.15748031496062 Ville.

1474.015748031496 3565.3543307086616 392.12598425196853 138.58267716535434 TITRE
1692.9133858267717 3565.3543307086616 174.8031496062992 138.58267716535434 V.

1017.3228346456693 3677.165354330709 412.59842519685037 125.98425196850394 Mesures
1341.732283464567 3677.165354330709 176.3779527559055 125.98425196850394 de
1429.9212598425197 3677.165354330709 472.4409448818898 125.98425196850394 surveillance
1814.1732283464567 3677.165354330709 176.3779527559055 125.98425196850394 et
1902.3622047244094 3677.165354330709 176.3779527559055 125.98425196850394 de
1962.2047244094488 3677.165354330709 382.6771653543307 125.98425196850394 police

765.3543307086615 3811.0236220472443 270.86614173228344 107.08661417322834 ART.
935.4330708661417 3811.0236220472443 237.79527559055117 107.08661417322834 20.
1070.8661417322835 3811.0236220472443 170.07874015748033 107.08661417322834 —
1138.5826771653544 3811.0236220472443 237.79527559055117 107.08661417322834 Les
1274.015748031496 3811.0236220472443 406.2992125984252 107.08661417322834 galeries
1579.5275590551182 3811.0236220472443 203.1496062992126 107.08661417322834 de
1680.3149606299212 3811.0236220472443 541.7322834645669 107.08661417322834 l’Exposition
2121.259842519685 3811.0236220472443 338.5826771653543 107.08661417322834 seront
2324.4094488188975 3811.0236220472443 338.5826771653543 107.08661417322834 ouvertes

694.488188976378 3919.685039370079 188.9763779527559 89.76377952755905 à
770.0787401574803 3919.685039370079 264.56692913385825 89.76377952755905 dix
921.2598425196851 3919.685039370079 377.9527559055118 89.76377952755905 heures
1185.8267716535433 3919.685039370079 226.77165354330708 89.76377952755905 du
1299.2125984251968 3919.685039370079 340.15748031496065 89.76377952755905 matin
1525.984251968504 3919.685039370079 226.77165354330708 89.76377952755905 et
1639.3700787401574 3919.685039370079 415.748031496063 89.76377952755905 fermées
1941.732283464567 3919.685039370079 188.9763779527559 89.76377952755905 à
2017.3228346456692 3919.685039370079 377.9527559055118 89.76377952755905 quatre
2281.8897637795276 3919.685039370079 377.9527559055118 89.76377952755905 heures
2508.6614173228345 3919.685039370079 151.1811023622047 89.76377952755905 de

669.2913385826772 3996.850393700787 496.06299212598424 122.83464566929133 l’après
