1955 3149
482 567 165 76 Les
577 567 259 76 Membres
765 567 330 76 titulaires
1024 567 165 76 des
1119 567 212 76 dites
1260 567 283 76 Sociétés
1448 567 236 76 pourront

445 642 238 57 prendre
619 642 152 57 une
705 642 195 57 carte
836 642 325 57 personnelle
1096 642 369 57 d’abonnement,
1399 642 282 57 moyennant
1594 642 87 57 le

447 700 264 61 versement
650 700 122 61 de
710 700 101 61 1
751 700 203 61 franc,
893 700 162 61 prix
994 700 122 61 de
1055 700 203 61 quatre
1197 700 223 61 billets
1359 700 264 61 d’entrée,
1562 700 122 61 et
1603 700 81 61 de

447 757 232 74 coupons
615 757 147 74 qui
700 757 168 74 leur
805 757 211 74 seront
931 757 232 74 délivrés.

486 819 168 70 ART.
591 819 147 70 16.
675 819 105 70 —
718 819 126 70 Il
781 819 168 70 sera
886 819 295 70 facultatif
1118 819 105 70 à
1160 819 168 70 tout
1265 819 232 70 porteur
1433 819 126 70 de
1475 819 211 70 quarante

445 894 231 67 billets
613 894 273 67 d’entrée,
823 894 147 67 non
907 894 252 67 détachés
1095 894 126 67 du
1158 894 210 67 coupon
1305 894 126 67 de
1368 894 252 67 loterie,
1536 894 147 67 d’ob-

447 952 179 56 tenir
567 952 199 56 aussi,
706 952 139 56 sur
786 952 120 56 la
845 952 319 56 présentation
1104 952 120 56 et
1164 952 120 56 la
1224 952 199 56 remise
1363 952 120 56 de
1423 952 139 56 ces
1483 952 199 56 billets,

446 1009 149 59 une
531 1009 191 59 carte
658 1009 255 59 d’entrée
849 1009 297 59 permanente
1082 1009 127 59 et
1125 1009 297 59 personnelle.

488 1065 122 69 Le
549 1065 324 69 propriétaire
812 1065 182 69 d’une
934 1065 182 69 carte
1055 1065 243 69 d’entrée
1238 1065 304 69 personnelle
1481 1065 122 69 ne
1522 1065 162 69 pourra

446 1133 124 68 la
508 1133 207 68 prêter
653 1133 124 68 ou
715 1133 124 68 la
777 1133 207 68 céder,
922 1133 166 68 sous
1026 1133 186 68 peine
1150 1133 124 68 de
1212 1133 207 68 perdre
1357 1133 145 68 son
1440 1133 207 68 droit,
1564 1133 124 68 tant

447 1182 94 70 à
485 1182 225 70 l’entrée
653 1182 150 70 qu’à
747 1182 112 70 la
785 1182 187 70 loterie.

486 1249 158 59 Les
577 1249 226 59 cartes
735 1249 272 59 d’entrée
939 1249 362 59 personnelles
1233 1249 226 59 seront
1392 1249 294 59 délivrées
1595 1249 91 59 au

448 1303 304 57 Secrétariat
691 1303 121 57 de
751 1303 121 57 la
812 1303 223 57 Mairie,
974 1303 223 57 galerie
1136 1303 121 57 du
1197 1303 223 57 premier
1359 1303 202 57 étage,
1501 1303 121 57 n°
1541 1303 81 57 9.

484 1374 185 74 ART.
599 1374 162 74 17.
692 1374 116 74 —
738 1374 162 74 Les
831 1374 254 74 jeudis,
1016 1374 208 74 toute
1154 1374 231 74 entrée
1316 1374 301 74 gratuite,
1547 1374 139 74 ou
1594 1374 92 74 au

446 1435 193 72 moyen
574 1435 150 72 des
660 1435 214 72 cartes
809 1435 321 72 mentionnées
1066 1435 171 72 sous
1173 1435 150 72 les
1259 1435 257 72 articles
1430 1435 257 72 ci

444 1490 306 79 demeurera
655 1490 282 79 suspendue.

486 1576 175 77 ART.
595 1576 153 77 18.
683 1576 109 77 —
727 1576 131 77 Le
792 1576 219 77 tirage
945 1576 219 77 auquel
1098 1576 219 77 auront
1251 1576 197 77 droit
1382 1576 131 77 de
1426 1576 262 77 participer

444 1634 158 69 les
535 1634 271 69 porteurs
738 1634 136 69 de
806 1634 249 69 coupons
987 1634 271 69 détachés
1191 1634 136 69 du
1258 1634 226 69 billet
1417 1634 271 69 d’entrée
1598 1634 90 69 de

444 1693 126 62 25
507 1693 274 62 centimes,
718 1693 168 62 aura
823 1693 168 62 lieu
928 1693 189 62 après
1054 1693 126 62 la
1118 1693 232 62 clôture
1286 1693 126 62 de
1349 1693 337 62 l’Exposition
1602 1693 84 62 et

446 1756 171 57 sous
552 1756 128 57 la
617 1756 342 57 surveillance
894 1756 299 57 accoutumée
1129 1756 128 57 de
1194 1756 427 57 l’Administration
1535 1756 150 57 muni

425 1806 185 76 cipale.

486 1881 178 70 ART.
597 1881 156 70 19.
686 1881 111 70 —
731 1881 156 70 Les
820 1881 245 70 numéros
998 1881 223 70 sortis
1154 1881 223 70 seront
1310 1881 245 70 publiés
1465 1881 223 70 immédia-

444 1945 215 62 tement
594 1945 193 62 après
722 1945 129 62 le
787 1945 236 62 tirage,
958 1945 150 62 par
1044 1945 129 62 la
1109 1945 172 62 voie
1216 1945 150 62 des
1302 1945 279 62 journaux,
1516 1945 172 62 afin
1602 1945 86 62 de

444 1994 218 82 mettre
597 1994 153 82 les
684 1994 262 82 porteurs
880 1994 131 82 de
946 1994 240 82 coupons
1120 1994 131 82 en
1186 1994 218 82 mesure
1338 1994 131 82 de
1404 1994 262 82 réclamer
1578 1994 109 82 les

445 2056 215 67 billets
602 2056 117 67 de
661 2056 215 67 loterie
817 2056 137 67 qui
895 2056 156 67 leur
993 2056 196 67 auront
1130 2056 137 67 été
1188 2056 235 67 attribués.

485 2125 175 73 Tout
594 2125 153 73 lot
682 2125 153 73 nou
769 2125 241 73 réclamé
944 2125 175 73 dans
1054 2125 262 73 l’année,
1251 2125 109 73 à
1294 2125 219 73 partir
1447 2125 131 73 du
1491 2125 197 73 tirage,

445 2168 330 89 appartiendra
714 2168 103 89 à
755 2168 124 89 la
796 2168 165 89 Ville.

936 2264 249 88 TITRE
1075 2264 111 88 V.

646 2335 262 80 <i>Mesures
852 2335 112 80 de
908 2335 300 80 surveillance
1152 2335 112 80 et
1208 2335 112 80 de
1246 2335 243 80 police</i>.

486 2420 172 68 ART.
594 2420 151 68 20.
680 2420 108 68 —
723 2420 151 68 Les
809 2420 258 68 galeries
1003 2420 129 68 de
1067 2420 344 68 l’Exposition
1347 2420 215 68 seront
1476 2420 215 68 ouvertes

441 2489 120 57 à
489 2489 168 57 dix
585 2489 240 57 heures
753 2489 144 57 du
825 2489 216 57 matin
969 2489 144 57 et
1041 2489 264 57 fermées
1233 2489 120 57 à
1281 2489 240 57 quatre
1449 2489 240 57 heures
1593 2489 96 57 de

425 2538 315 78 l’après
