3146.4566929133857 4959.055118110236
458.26771653543307 921.2598425196851 283.46456692913387 102.36220472440945 ART.
634.6456692913385 921.2598425196851 247.24409448818898 102.36220472440945 21.
776.3779527559055 921.2598425196851 176.3779527559055 102.36220472440945 —
847.2440944881889 921.2598425196851 212.5984251968504 102.36220472440945 Il
952.7559055118111 921.2598425196851 247.24409448818898 102.36220472440945 est
1094.4881889763778 921.2598425196851 565.3543307086615 102.36220472440945 expressément
1554.3307086614172 921.2598425196851 388.9763779527559 102.36220472440945 défendu
1837.7952755905512 921.2598425196851 247.24409448818898 102.36220472440945 aux
1943.3070866141732 921.2598425196851 388.9763779527559 102.36220472440945 visiteurs

398.4251968503937 1006.2992125984252 211.0236220472441 125.98425196850394 de
503.93700787401576 1006.2992125984252 385.8267716535433 125.98425196850394 toucher
784.2519685039371 1006.2992125984252 245.66929133858267 125.98425196850394 aux
924.4094488188977 1006.2992125984252 351.18110236220474 125.98425196850394 œuvres
1170.0787401574803 1006.2992125984252 456.6929133858268 125.98425196850394 exposées,
1521.259842519685 1006.2992125984252 211.0236220472441 125.98425196850394 ou
1626.7716535433071 1006.2992125984252 280.31496062992125 125.98425196850394 d’en
1803.1496062992126 1006.2992125984252 385.8267716535433 125.98425196850394 prendre
2048.818897637795 1006.2992125984252 280.31496062992125 125.98425196850394 copie,

400.0 1119.6850393700788 253.54330708661416 94.48818897637796 sans
557.4803149606299 1119.6850393700788 568.503937007874 94.48818897637796 l’autorisation
1031.4960629921259 1119.6850393700788 188.9763779527559 94.48818897637796 du
1127.5590551181103 1119.6850393700788 285.03937007874015 94.48818897637796 Maire
1316.5354330708662 1119.6850393700788 188.9763779527559 94.48818897637796 et
1411.023622047244 1119.6850393700788 188.9763779527559 94.48818897637796 de
1474.015748031496 1119.6850393700788 348.0314960629921 94.48818897637796 l’auteur.

462.99212598425197 1222.0472440944882 277.1653543307087 100.78740157480316 ART.
636.2204724409448 1222.0472440944882 242.51968503937007 100.78740157480316 22.
774.8031496062993 1222.0472440944882 173.22834645669292 100.78740157480316 —
844.0944881889764 1222.0472440944882 242.51968503937007 100.78740157480316 Les
982.6771653543307 1222.0472440944882 346.45669291338584 100.78740157480316 cannes
1225.1968503937007 1222.0472440944882 207.8740157480315 100.78740157480316 et
1329.1338582677165 1222.0472440944882 485.03937007874015 100.78740157480316 parapluies
1708.6614173228347 1222.0472440944882 346.45669291338584 100.78740157480316 seront
1951.1811023622047 1222.0472440944882 381.1023622047244 100.78740157480316 déposés
2193.700787401575 1222.0472440944882 138.58267716535434 100.78740157480316 au

404.7244094488189 1311.8110236220473 456.6929133858268 89.76377952755905 vestiaire
755.9055118110236 1311.8110236220473 351.18110236220474 89.76377952755905 établi
1001.5748031496063 1311.8110236220473 174.8031496062992 89.76377952755905 à
1070.8661417322835 1311.8110236220473 422.0472440944882 89.76377952755905 l’entrée
1387.4015748031495 1311.8110236220473 211.0236220472441 89.76377952755905 du
1492.9133858267717 1311.8110236220473 351.18110236220474 89.76377952755905 Musée;
1738.5826771653544 1311.8110236220473 211.0236220472441 89.76377952755905 il
1844.0944881889764 1311.8110236220473 280.31496062992125 89.76377952755905 sera
2018.8976377952756 1311.8110236220473 316.53543307086613 89.76377952755905 remis
2195.2755905511813 1311.8110236220473 140.15748031496062 89.76377952755905 en

403.1496062992126 1403.1496062992126 373.2283464566929 125.98425196850394 échange,
683.4645669291339 1403.1496062992126 218.89763779527559 125.98425196850394 aux
807.8740157480315 1403.1496062992126 436.2204724409449 125.98425196850394 déposants,
1151.1811023622047 1403.1496062992126 187.4015748031496 125.98425196850394 un
1244.0944881889764 1403.1496062992126 311.81102362204723 125.98425196850394 numéro
1462.992125984252 1403.1496062992126 373.2283464566929 125.98425196850394 d’ordre.
1743.3070866141732 1403.1496062992126 280.31496062992125 125.98425196850394 Ce
1930.708661417323 1403.1496062992126 280.31496062992125 125.98425196850394 dépôt
2086.6141732283463 1403.1496062992126 248.8188976377953 125.98425196850394 ne

401.5748031496063 1489.763779527559 409.4488188976378 99.21259842519684 donnera
724.4094488188977 1489.763779527559 234.64566929133858 99.21259842519684 lieu
870.8661417322835 1489.763779527559 146.45669291338584 99.21259842519684 à
929.1338582677165 1489.763779527559 292.9133858267717 99.21259842519684 aucune
1103.9370078740158 1489.763779527559 527.5590551181102 99.21259842519684 rétribution

467.7165354330709 1601.5748031496064 200.0 83.46456692913385 Il
566.9291338582677 1601.5748031496064 234.64566929133858 83.46456692913385 est
700.7874015748032 1601.5748031496064 401.5748031496063 83.46456692913385 interdit
1003.1496062992126 1601.5748031496064 200.0 83.46456692913385 au
1102.3622047244094 1601.5748031496064 434.6456692913386 83.46456692913385 concierge
1437.7952755905512 1601.5748031496064 200.0 83.46456692913385 et
1537.007874015748 1601.5748031496064 234.64566929133858 83.46456692913385 aux
1670.8661417322835 1601.5748031496064 368.503937007874 83.46456692913385 garçons
1938.5826771653544 1601.5748031496064 200.0 83.46456692913385 de
2039.3700787401574 1601.5748031496064 300.78740157480314 83.46456692913385 salle
2206.299212598425 1601.5748031496064 133.85826771653544 83.46456692913385 de

412.59842519685037 1685.0393700787401 385.8267716535433 85.03937007874016 recevoir
700.7874015748032 1685.0393700787401 225.1968503937008 85.03937007874016 les
829.9212598425197 1685.0393700787401 577.9527559055118 85.03937007874016 gratifications
1311.8110236220473 1685.0393700787401 225.1968503937008 85.03937007874016 qui
1440.9448818897638 1685.0393700787401 256.6929133858268 85.03937007874016 leur
1601.5748031496064 1685.0393700787401 385.8267716535433 85.03937007874016 seraient
1889.763779527559 1685.0393700787401 385.8267716535433 85.03937007874016 offertes
2148.031496062992 1685.0393700787401 192.1259842519685 85.03937007874016 pour

398.4251968503937 1781.1023622047244 214.17322834645668 113.38582677165354 cet
489.76377952755905 1781.1023622047244 244.09448818897638 113.38582677165354 objet.

458.26771653543307 1880.3149606299212 283.46456692913387 108.66141732283465 ART.
636.2204724409448 1880.3149606299212 248.8188976377953 108.66141732283465 23.
777.9527559055118 1880.3149606299212 177.95275590551182 108.66141732283465 —
848.8188976377953 1880.3149606299212 248.8188976377953 108.66141732283465 Les
990.5511811023622 1880.3149606299212 425.1968503937008 108.66141732283465 gardiens
1310.236220472441 1880.3149606299212 212.5984251968504 108.66141732283465 du
1417.3228346456692 1880.3149606299212 319.68503937007875 108.66141732283465 Musée
1629.9212598425197 1880.3149606299212 212.5984251968504 108.66141732283465 et
1735.4330708661416 1880.3149606299212 354.3307086614173 108.66141732283465 autres
1984.251968503937 1880.3149606299212 354.3307086614173 108.66141732283465 agents
2196.850393700787 1880.3149606299212 141.73228346456693 108.66141732283465 de

406.2992125984252 1981.1023622047244 203.1496062992126 88.18897637795276 la
508.66141732283467 1981.1023622047244 305.51181102362204 88.18897637795276 Ville
713.3858267716536 1981.1023622047244 475.59055118110234 88.18897637795276 veilleront
1086.6141732283465 1981.1023622047244 170.07874015748033 88.18897637795276 à
1154.3307086614172 1981.1023622047244 203.1496062992126 88.18897637795276 ce
1256.6929133858268 1981.1023622047244 237.79527559055117 88.18897637795276 que
1392.1259842519685 1981.1023622047244 203.1496062992126 88.18897637795276 le
1494.4881889763778 1981.1023622047244 237.79527559055117 88.18897637795276 bon
1629.9212598425197 1981.1023622047244 305.51181102362204 88.18897637795276 ordre
1833.0708661417323 1981.1023622047244 170.07874015748033 88.18897637795276 y
1902.3622047244094 1981.1023622047244 305.51181102362204 88.18897637795276 règne
2070.8661417322833 1981.1023622047244 272.4409448818898 88.18897637795276 conti-

407.87401574803147 2074.015748031496 485.03937007874015 91.33858267716535 nuellement
788.9763779527559 2074.015748031496 381.1023622047244 91.33858267716535 pendant
1066.1417322834645 2074.015748031496 588.9763779527559 91.33858267716535 l’Exposition,
1549.6062992125985 2074.015748031496 207.8740157480315 91.33858267716535 et
1653.5433070866143 2074.015748031496 173.22834645669292 91.33858267716535 à
1722.8346456692914 2074.015748031496 207.8740157480315 91.33858267716535 ce
1826.7716535433071 2074.015748031496 450.3937007874016 91.33858267716535 qu’aucune
2138.582677165354 2074.015748031496 207.8740157480315 91.33858267716535 per-

403.1496062992126 2155.9055118110236 296.06299212598424 92.91338582677166 sonne
600.0 2155.9055118110236 196.8503937007874 92.91338582677166 ne
699.2125984251968 2155.9055118110236 329.13385826771656 92.91338582677166 puisse
929.1338582677165 2155.9055118110236 229.92125984251967 92.91338582677166 s’y
1061.4173228346456 2155.9055118110236 428.34645669291336 92.91338582677166 présenter
1390.5511811023623 2155.9055118110236 262.99212598425197 92.91338582677166 dans
1554.3307086614172 2155.9055118110236 229.92125984251967 92.91338582677166 une
1686.6141732283465 2155.9055118110236 296.06299212598424 92.91338582677166 tenue
1883.4645669291338 2155.9055118110236 229.92125984251967 92.91338582677166 qui
2015.748031496063 2155.9055118110236 329.13385826771656 92.91338582677166 blesse
2212.5984251968503 2155.9055118110236 132.28346456692913 92.91338582677166 la

401.5748031496063 2247.244094488189 381.1023622047244 113.38582677165354 décence
678.7401574803149 2247.244094488189 207.8740157480315 113.38582677165354 ou
782.6771653543307 2247.244094488189 242.51968503937007 113.38582677165354 les
886.6141732283464 2247.244094488189 483.46456692913387 113.38582677165354 convenances.

466.1417322834646 2352.755905511811 283.46456692913387 102.36220472440945 ART.
644.0944881889764 2352.755905511811 248.8188976377953 102.36220472440945 24.
785.8267716535433 2352.755905511811 177.95275590551182 102.36220472440945 —
856.6929133858267 2352.755905511811 212.5984251968504 102.36220472440945 M.
963.7795275590552 2352.755905511811 212.5984251968504 102.36220472440945 le
1069.291338582677 2352.755905511811 566.9291338582677 102.36220472440945 Conservateur
1530.708661417323 2352.755905511811 212.5984251968504 102.36220472440945 du
1637.7952755905512 2352.755905511811 319.68503937007875 102.36220472440945 Musée
1850.3937007874015 2352.755905511811 212.5984251968504 102.36220472440945 et
1955.9055118110236 2352.755905511811 212.5984251968504 102.36220472440945 M.
2062.9921259842517 2352.755905511811 212.5984251968504 102.36220472440945 le
2133.8582677165355 2352.755905511811 212.5984251968504 102.36220472440945 Com-

412.59842519685037 2461.417322834646 400.0 108.66141732283465 missaire
711.8110236220473 2461.417322834646 366.92913385826773 108.66141732283465 central
979.5275590551181 2461.417322834646 200.0 108.66141732283465 de
1078.740157480315 2461.417322834646 333.8582677165354 108.66141732283465 police
1313.3858267716535 2461.417322834646 266.1417322834646 108.66141732283465 sont
1478.740157480315 2461.417322834646 400.0 108.66141732283465 chargés,
1779.5275590551182 2461.417322834646 333.8582677165354 108.66141732283465 chacun
2012.5984251968505 2461.417322834646 200.0 108.66141732283465 en
2113.3858267716537 2461.417322834646 200.0 108.66141732283465 ce
2179.527559055118 2461.417322834646 166.9291338582677 108.66141732283465 qui

414.1732283464567 2562.2047244094488 193.70078740157481 91.33858267716535 le
510.23622047244095 2562.2047244094488 418.8976377952756 91.33858267716535 concerne,
831.496062992126 2562.2047244094488 193.70078740157481 91.33858267716535 de
927.5590551181102 2562.2047244094488 481.8897637795276 91.33858267716535 l’exécution
1314.9606299212599 2562.2047244094488 225.1968503937008 91.33858267716535 des
1442.5196850393702 2562.2047244094488 514.9606299212599 91.33858267716535 dispositions
1861.4173228346456 2562.2047244094488 193.70078740157481 91.33858267716535 du
1925.984251968504 2562.2047244094488 321.25984251968504 91.33858267716535 présent.

480.31496062992125 2674.015748031496 247.24409448818898 163.7795275590551 Fait
636.2204724409448 2674.015748031496 154.33070866141733 163.7795275590551 à
697.6377952755905 2674.015748031496 310.23622047244095 163.7795275590551 Rouen,
914.9606299212599 2674.015748031496 185.82677165354332 163.7795275590551 en
1007.8740157480315 2674.015748031496 650.3937007874016 163.7795275590551 l’Hôtel-de-Ville,
1565.3543307086613 2674.015748031496 185.82677165354332 163.7795275590551 le
1658.267716535433 2674.015748031496 185.82677165354332 163.7795275590551 20
1751.1811023622047 2674.015748031496 278.74015748031496 163.7795275590551 avril
1905.5118110236222 2674.015748031496 217.3228346456693 163.7795275590551 1888.

1366.9291338582677 2856.6929133858266 233.0708661417323 116.53543307086615 R.
1521.259842519685 2856.6929133858266 414.1732283464567 116.53543307086615 GARRETA
1831.4960629921259 2856.6929133858266 310.23622047244095 116.53543307086615 Ad
