3078.740157480315 4959.055118110236
674.0157480314961 705.511811023622 730.7086614173228 103.93700787401575 Récompenses
1283.4645669291338 705.511811023622 527.5590551181102 103.93700787401575 décernées
1688.1889763779527 705.511811023622 283.46456692913387 103.93700787401575 aux
1850.3937007874015 705.511811023622 486.61417322834643 103.93700787401575 Artistes
2176.3779527559054 705.511811023622 445.6692913385827 103.93700787401575 ayant

759.0551181102362 825.1968503937007 445.6692913385827 119.68503937007874 pris
1083.4645669291338 825.1968503937007 324.40944881889766 119.68503937007874 part
1286.6141732283465 825.1968503937007 203.1496062992126 119.68503937007874 à
1366.9291338582677 825.1968503937007 242.51968503937007 119.68503937007874 la
1488.1889763779527 825.1968503937007 324.40944881889766 119.68503937007874 XXXe
1691.3385826771653 825.1968503937007 566.9291338582677 119.68503937007874 Exposition
2096.0629921259842 825.1968503937007 525.9842519685039 119.68503937007874 munici

760.6299212598425 927.5590551181102 429.9212598425197 168.50393700787401 pale
1074.015748031496 927.5590551181102 234.64566929133858 168.50393700787401 de
1190.5511811023623 927.5590551181102 585.8267716535433 168.50393700787401 Beaux-Arts,
1659.8425196850394 927.5590551181102 195.2755905511811 168.50393700787401 à
1738.5826771653544 927.5590551181102 390.5511811023622 168.50393700787401 Rouen,
2011.023622047244 927.5590551181102 390.5511811023622 168.50393700787401 en
2245.6692913385828 927.5590551181102 274.01574803149606 168.50393700787401 1886.

1133.8582677165355 1170.0787401574803 247.24409448818898 135.43307086614172 Prime
1297.6377952755906 1170.0787401574803 357.4803149606299 135.43307086614172 d’honneur
1571.6535433070867 1170.0787401574803 302.3622047244094 135.43307086614172 offerte
1792.1259842519685 1170.0787401574803 192.1259842519685 135.43307086614172 par
1902.3622047244094 1170.0787401574803 165.35433070866142 135.43307086614172 la
1957.4803149606298 1170.0787401574803 218.89763779527559 135.43307086614172 Ville.

1058.267716535433 1292.9133858267717 233.0708661417323 138.58267716535434 M.
1174.8031496062993 1292.9133858267717 388.9763779527559 138.58267716535434 GALLAN
1447.244094488189 1292.9133858267717 233.0708661417323 138.58267716535434 D,
1563.7795275590552 1292.9133858267717 426.7716535433071 138.58267716535434 artiste
1834.6456692913387 1292.9133858267717 388.9763779527559 138.58267716535434 peintre.

1014.1732283464567 1481.8897637795276 259.84251968503935 114.96062992125984 Prix
1177.9527559055118 1481.8897637795276 195.2755905511811 114.96062992125984 du
1275.5905511811025 1481.8897637795276 521.2598425196851 114.96062992125984 Gouvernement
1697.6377952755906 1481.8897637795276 292.9133858267717 114.96062992125984 (vase
1892.9133858267717 1481.8897637795276 195.2755905511811 114.96062992125984 de
1957.4803149606298 1481.8897637795276 325.98425196850394 114.96062992125984 Sèvres).

902.3622047244095 1585.8267716535433 297.6377952755906 103.93700787401575 MM.
1072.4409448818897 1585.8267716535433 425.1968503937008 103.93700787401575 LAFOND
1370.0787401574803 1585.8267716535433 255.11811023622047 103.93700787401575 et
1497.6377952755906 1585.8267716535433 467.7165354330709 103.93700787401575 MARCEL,
1793.7007874015749 1585.8267716535433 595.2755905511812 103.93700787401575 architectes.

1072.4409448818897 1795.275590551181 247.24409448818898 118.11023622047244 Prix
1228.3464566929133 1795.275590551181 185.82677165354332 118.11023622047244 du
1319.6850393700788 1795.275590551181 464.56692913385825 118.11023622047244 Département
1691.3385826771653 1795.275590551181 401.5748031496063 118.11023622047244 (médaille
1970.0787401574803 1795.275590551181 247.24409448818898 118.11023622047244 d’or).

1137.007874015748 1888.1889763779527 212.5984251968504 121.25984251968504 M.
1242.5196850393702 1888.1889763779527 425.1968503937008 121.25984251968504 COURTAT,
1562.2047244094488 1888.1889763779527 390.5511811023622 121.25984251968504 artiste
1809.4488188976377 1888.1889763779527 354.3307086614173 121.25984251968504 peintre.

1250.3937007874015 2085.0393700787404 359.0551181102362 173.22834645669292 Médailles
1527.5590551181103 2085.0393700787404 220.4724409448819 173.22834645669292 d’or
1664.5669291338584 2085.0393700787404 165.35433070866142 173.22834645669292 de
1748.0314960629921 2085.0393700787404 165.35433070866142 173.22834645669292 la
1803.1496062992126 2085.0393700787404 220.4724409448819 173.22834645669292 Ville.

1152.755905511811 2256.6929133858266 247.24409448818898 102.36220472440945 MM.
1292.9133858267717 2256.6929133858266 352.755905511811 102.36220472440945 MINET,
1540.1574803149606 2256.6929133858266 388.9763779527559 102.36220472440945 artiste
1788.976377952756 2256.6929133858266 352.755905511811 102.36220472440945 peintre.

1337.007874015748 2333.8582677165355 214.17322834645668 130.70866141732284 LE
1444.0944881889764 2333.8582677165355 500.78740157480314 130.70866141732284 POITTEVIN,
1839.3700787401574 2333.8582677165355 393.7007874015748 130.70866141732284 artiste
2089.763779527559 2333.8582677165355 357.4803149606299 130.70866141732284 peintre.

1332.283464566929 2437.7952755905512 418.8976377952756 80.31496062992126 JOUBERT,
1647.244094488189 2437.7952755905512 384.251968503937 80.31496062992126 artiste
1891.3385826771653 2437.7952755905512 349.6062992125984 80.31496062992126 peintre.

1329.1338582677165 2511.8110236220473 499.21259842519686 144.88188976377953 CHÉDANNE,
1674.015748031496 2511.8110236220473 499.21259842519686 144.88188976377953 architecte.

760.6299212598425 2707.0866141732286 324.40944881889766 110.23622047244095 Médaille
1003.1496062992126 2707.0866141732286 215.748031496063 110.23622047244095 d’or
1138.5826771653544 2707.0866141732286 162.20472440944883 110.23622047244095 de
1218.8976377952756 2707.0866141732286 377.9527559055118 110.23622047244095 l’Académie
1516.5354330708662 2707.0866141732286 188.9763779527559 110.23622047244095 des
1623.6220472440946 2707.0866141732286 351.18110236220474 110.23622047244095 Sciences,
1894.4881889763778 2707.0866141732286 485.03937007874015 110.23622047244095 Belles-Lettres
2299.212598425197 2707.0866141732286 162.20472440944883 110.23622047244095 et
2352.755905511811 2707.0866141732286 188.9763779527559 110.23622047244095 Arts.

1211.023622047244 2822.047244094488 198.4251968503937 154.33070866141733 M.
1310.236220472441 2822.047244094488 297.6377952755906 154.33070866141733 LIZÉ,
1508.6614173228347 2822.047244094488 363.7795275590551 154.33070866141733 artiste
1741.732283464567 2822.047244094488 330.70866141732284 154.33070866141733 peintre.

992.1259842519685 3028.3464566929133 335.43307086614175 110.23622047244095 Médaille
1244.0944881889764 3028.3464566929133 223.6220472440945 110.23622047244095 d’or
1384.251968503937 3028.3464566929133 166.9291338582677 110.23622047244095 de
1467.716535433071 3028.3464566929133 166.9291338582677 110.23622047244095 la
1551.1811023622047 3028.3464566929133 307.0866141732283 110.23622047244095 Société
1774.8031496062993 3028.3464566929133 195.2755905511811 110.23622047244095 des
1886.6141732283465 3028.3464566929133 223.6220472440945 110.23622047244095 Amis
2026.7716535433071 3028.3464566929133 195.2755905511811 110.23622047244095 des
2110.236220472441 3028.3464566929133 195.2755905511811 110.23622047244095 Arts.

1119.6850393700788 3141.732283464567 215.748031496063 119.68503937007874 M.
1228.3464566929133 3141.732283464567 431.496062992126 119.68503937007874 TYTGADT,
1551.1811023622047 3141.732283464567 395.2755905511811 119.68503937007874 artiste
1803.1496062992126 3141.732283464567 360.62992125984255 119.68503937007874 peintre.

855.1181102362204 3355.9055118110236 355.90551181102364 114.96062992125984 Hédaille
1122.8346456692914 3355.9055118110236 237.79527559055117 114.96062992125984 d’or
1270.8661417322835 3355.9055118110236 177.95275590551182 114.96062992125984 de
1360.6299212598426 3355.9055118110236 177.95275590551182 114.96062992125984 la
1448.8188976377953 3355.9055118110236 325.98425196850394 114.96062992125984 Société
1686.6141732283465 3355.9055118110236 415.748031496063 114.96062992125984 artistique
2012.5984251968505 3355.9055118110236 177.95275590551182 114.96062992125984 de
2072.4409448818897 3355.9055118110236 355.90551181102364 114.96062992125984 Normandie.

1064.5669291338584 3453.5433070866143 209.4488188976378 146.45669291338584 M.
1168.5039370078741 3453.5433070866143 209.4488188976378 146.45669291338584 de
1274.015748031496 3453.5433070866143 453.54330708661416 146.45669291338584 BERGEVIN,
1622.0472440944882 3453.5433070866143 384.251968503937 146.45669291338584 artiste
1866.1417322834645 3453.5433070866143 349.6062992125984 146.45669291338584 peintre.

820.4724409448819 3667.716535433071 340.15748031496065 121.25984251968504 Médaille
1075.5905511811025 3667.716535433071 226.77165354330708 121.25984251968504 d’or
1217.3228346456692 3667.716535433071 170.07874015748033 121.25984251968504 de
1303.9370078740158 3667.716535433071 170.07874015748033 121.25984251968504 la
1388.976377952756 3667.716535433071 311.81102362204723 121.25984251968504 Société
1615.748031496063 3667.716535433071 255.11811023622047 121.25984251968504 libre
1785.8267716535433 3667.716535433071 426.7716535433071 121.25984251968504 d’émulation
2127.5590551181103 3667.716535433071 170.07874015748033 121.25984251968504 du
2184.251968503937 3667.716535433071 283.46456692913387 121.25984251968504 Commerce

1379.5275590551182 3770.0787401574803 168.50393700787401 119.68503937007874 et
1464.5669291338584 3770.0787401574803 168.50393700787401 119.68503937007874 de
1519.6850393700788 3770.0787401574803 392.12598425196853 119.68503937007874 l’Industrie.

1251.9685039370079 3869.2913385826773 222.04724409448818 135.43307086614172 M.
1362.2047244094488 3869.2913385826773 370.0787401574803 135.43307086614172 BÉNET,
1584.251968503937 3869.2913385826773 444.09448818897636 135.43307086614172 statuaire.
