3078.740157480315 4959.055118110236
741.7322834645669 685.0393700787401 179.5275590551181 97.63779527559055 24

1538.5826771653544 700.7874015748032 439.37007874015745 107.08661417322834 PEINTURE.

988.9763779527559 858.2677165354331 321.25984251968504 129.13385826771653 BUJON
1204.724409448819 858.2677165354331 678.7401574803149 129.13385826771653 (Emile-Victor),
1776.3779527559054 858.2677165354331 214.17322834645668 129.13385826771653 né
1883.4645669291338 858.2677165354331 179.5275590551181 129.13385826771653 à
1954.3307086614172 858.2677165354331 357.4803149606299 129.13385826771653 Rouen,
2204.7244094488187 858.2677165354331 321.25984251968504 129.13385826771653 élève
2420.472440944882 858.2677165354331 214.17322834645668 129.13385826771653 de
2491.3385826771655 858.2677165354331 250.39370078740157 129.13385826771653 Morin

1053.5433070866143 948.0314960629921 220.4724409448819 108.66141732283465 et
1163.7795275590552 948.0314960629921 220.4724409448819 108.66141732283465 de
1274.015748031496 948.0314960629921 220.4724409448819 108.66141732283465 M.
1382.6771653543308 948.0314960629921 330.70866141732284 108.66141732283465 Yvon.
1603.1496062992126 948.0314960629921 184.251968503937 108.66141732283465 —
1677.1653543307086 948.0314960629921 256.6929133858268 108.66141732283465 Rue
1823.6220472440946 948.0314960629921 403.1496062992126 108.66141732283465 Firmin,
2118.1102362204724 948.0314960629921 220.4724409448819 108.66141732283465 5,
2190.551181102362 948.0314960629921 551.1811023622047 108.66141732283465 Boisguillaume

1026.7716535433071 1006.2992125984252 667.7165354330708 105.51181102362204 (Seine

840.9448818897638 1089.763779527559 384.251968503937 137.00787401574803 96
1141.732283464567 1089.763779527559 384.251968503937 137.00787401574803 Morsbronn,
1444.0944881889764 1089.763779527559 137.00787401574803 137.00787401574803 6
1499.2125984251968 1089.763779527559 220.4724409448819 137.00787401574803 août
1609.4488188976377 1089.763779527559 192.1259842519685 137.00787401574803 1870.

1110.236220472441 1203.1496062992126 262.99212598425197 111.81102362204724 .....
1286.6141732283465 1203.1496062992126 174.8031496062992 111.81102362204724 «A
1373.2283464566929 1203.1496062992126 174.8031496062992 111.81102362204724 la
1461.4173228346456 1203.1496062992126 262.99212598425197 111.81102362204724 suite
1636.2204724409448 1203.1496062992126 174.8031496062992 111.81102362204724 de
1722.8346456692914 1203.1496062992126 174.8031496062992 111.81102362204724 ce
1811.023622047244 1203.1496062992126 349.6062992125984 111.81102362204724 sanglant
2072.4409448818897 1203.1496062992126 437.79527559055117 111.81102362204724 engagement,
2422.047244094488 1203.1496062992126 174.8031496062992 111.81102362204724 le
2510.236220472441 1203.1496062992126 174.8031496062992 111.81102362204724 9e
2568.503937007874 1203.1496062992126 174.8031496062992 111.81102362204724 cui

1048.8188976377953 1281.8897637795276 135.43307086614172 80.31496062992126 «
1102.3622047244094 1281.8897637795276 324.40944881889766 80.31496062992126 rassiers
1346.4566929133857 1281.8897637795276 188.9763779527559 80.31496062992126 fut
1455.1181102362204 1281.8897637795276 324.40944881889766 80.31496062992126 dissout,
1697.6377952755906 1281.8897637795276 162.20472440944883 80.31496062992126 et
1779.5275590551182 1281.8897637795276 188.9763779527559 80.31496062992126 ses
1886.6141732283465 1281.8897637795276 270.86614173228344 80.31496062992126 débris
2077.165354330709 1281.8897637795276 270.86614173228344 80.31496062992126 versés
2266.1417322834645 1281.8897637795276 162.20472440944883 80.31496062992126 au
2346.4566929133857 1281.8897637795276 162.20472440944883 80.31496062992126 8e
2428.3464566929133 1281.8897637795276 162.20472440944883 80.31496062992126 de
2481.8897637795276 1281.8897637795276 244.09448818897638 80.31496062992126 l’arme.

1045.6692913385828 1333.8582677165355 138.58267716535434 75.59055118110236 «
1102.3622047244094 1333.8582677165355 303.93700787401576 75.59055118110236 Soudain
1322.8346456692914 1333.8582677165355 442.5196850393701 75.59055118110236 apparaissent
1681.8897637795276 1333.8582677165355 193.70078740157481 75.59055118110236 les
1792.1259842519685 1333.8582677165355 359.0551181102362 75.59055118110236 lanciers,
2069.2913385826773 1333.8582677165355 165.35433070866142 75.59055118110236 le
2151.181102362205 1333.8582677165355 165.35433070866142 75.59055118110236 6e
2234.6456692913384 1333.8582677165355 332.2834645669291 75.59055118110236 régiment
2483.464566929134 1333.8582677165355 165.35433070866142 75.59055118110236 de
2538.582677165354 1333.8582677165355 193.70078740157481 75.59055118110236 cette

1044.0944881889764 1382.6771653543308 140.15748031496062 89.76377952755905 »
1100.7874015748032 1382.6771653543308 251.96850393700788 89.76377952755905 arme.
1269.291338582677 1382.6771653543308 196.8503937007874 89.76377952755905 Les
1381.1023622047244 1382.6771653543308 196.8503937007874 89.76377952755905 1er
1492.9133858267717 1382.6771653543308 168.50393700787401 89.76377952755905 et
1577.9527559055118 1382.6771653543308 168.50393700787401 89.76377952755905 3e
1661.4173228346456 1382.6771653543308 365.3543307086614 89.76377952755905 escadrons
1943.3070866141732 1382.6771653543308 308.66141732283467 89.76377952755905 partent
2166.9291338582675 1382.6771653543308 225.1968503937008 89.76377952755905 sous
2308.6614173228345 1382.6771653543308 196.8503937007874 89.76377952755905 les
2420.472440944882 1382.6771653543308 280.31496062992125 89.76377952755905 ordres
2588.9763779527557 1382.6771653543308 140.15748031496062 89.76377952755905 des

1039.3700787401574 1447.244094488189 155.90551181102362 77.16535433070867 «
1102.3622047244094 1447.244094488189 437.79527559055117 77.16535433070867 capitaines
1447.244094488189 1447.244094488189 344.88188976377955 77.16535433070867 Lefèvre
1697.6377952755906 1447.244094488189 187.4015748031496 77.16535433070867 et
1790.5511811023623 1447.244094488189 313.38582677165357 77.16535433070867 Ponet.
2011.023622047244 1447.244094488189 218.89763779527559 77.16535433070867 Les
2135.433070866142 1447.244094488189 281.8897637795276 77.16535433070867 gaies
2322.834645669291 1447.244094488189 376.37795275590554 77.16535433070867 couleurs
2574.803149606299 1447.244094488189 155.90551181102362 77.16535433070867 des

1045.6692913385828 1492.9133858267717 154.33070866141733 86.61417322834646 «
1107.0866141732283 1492.9133858267717 338.5826771653543 86.61417322834646 flammes
1352.755905511811 1492.9133858267717 215.748031496063 86.61417322834646 des
1475.5905511811025 1492.9133858267717 307.0866141732283 86.61417322834646 lances
1689.763779527559 1492.9133858267717 245.66929133858267 86.61417322834646 font
1844.0944881889764 1492.9133858267717 184.251968503937 86.61417322834646 un
1935.4330708661416 1492.9133858267717 400.0 86.61417322834646 contraste
2242.51968503937 1492.9133858267717 338.5826771653543 86.61417322834646 navrant
2488.1889763779527 1492.9133858267717 245.66929133858267 86.61417322834646 avec
2611.0236220472443 1492.9133858267717 122.83464566929133 86.61417322834646 la

1040.9448818897638 1543.3070866141732 177.95275590551182 96.06299212598425 «»
1130.708661417323 1543.3070866141732 384.251968503937 96.06299212598425 boucherie
1426.7716535433071 1543.3070866141732 207.8740157480315 96.06299212598425 qui
1544.8818897637796 1543.3070866141732 177.95275590551182 96.06299212598425 va
1633.0708661417323 1543.3070866141732 325.98425196850394 96.06299212598425 suivre;
1870.8661417322835 1543.3070866141732 207.8740157480315 96.06299212598425 les
1988.976377952756 1543.3070866141732 355.90551181102364 96.06299212598425 lanciers
2255.1181102362207 1543.3070866141732 355.90551181102364 96.06299212598425 galopent
2521.259842519685 1543.3070866141732 207.8740157480315 96.06299212598425 sur
2611.0236220472443 1543.3070866141732 118.11023622047244 96.06299212598425 un

1042.5196850393702 1607.8740157480315 144.88188976377953 75.59055118110236 »
1099.2125984251968 1607.8740157480315 319.68503937007875 75.59055118110236 terrain
1332.283464566929 1607.8740157480315 174.8031496062992 75.59055118110236 où
1418.8976377952756 1607.8740157480315 174.8031496062992 75.59055118110236 le
1507.0866141732283 1607.8740157480315 233.0708661417323 75.59055118110236 sang
1651.9685039370079 1607.8740157480315 261.4173228346457 75.59055118110236 coule
1826.7716535433071 1607.8740157480315 233.0708661417323 75.59055118110236 dans
1971.6535433070867 1607.8740157480315 203.1496062992126 75.59055118110236 les
2088.1889763779527 1607.8740157480315 319.68503937007875 75.59055118110236 rigoles
2321.259842519685 1607.8740157480315 174.8031496062992 75.59055118110236 et
2407.8740157480315 1607.8740157480315 319.68503937007875 75.59055118110236 s’étale
2611.0236220472443 1607.8740157480315 116.53543307086615 75.59055118110236 en

1040.9448818897638 1658.267716535433 140.15748031496062 80.31496062992126 «
1097.6377952755906 1658.267716535433 337.00787401574803 80.31496062992126 plaques.
1349.6062992125985 1658.267716535433 196.8503937007874 80.31496062992126 Les
1462.992125984252 1658.267716535433 337.00787401574803 80.31496062992126 lanciers
1714.9606299212599 1658.267716535433 393.7007874015748 80.31496062992126 splendides
2025.1968503937007 1658.267716535433 168.50393700787401 80.31496062992126 de
2108.6614173228345 1658.267716535433 337.00787401574803 80.31496062992126 crânerie
2362.2047244094488 1658.267716535433 168.50393700787401 80.31496062992126 et
2418.8976377952754 1658.267716535433 308.66141732283467 80.31496062992126 d’entrain

1037.7952755905512 1719.6850393700788 159.0551181102362 86.61417322834646 »
1100.7874015748032 1719.6850393700788 382.6771653543307 86.61417322834646 poussent
1388.976377952756 1719.6850393700788 286.61417322834643 86.61417322834646 leurs
1579.5275590551182 1719.6850393700788 351.18110236220474 86.61417322834646 chevaux
1834.6456692913387 1719.6850393700788 223.6220472440945 86.61417322834646 sur
1962.2047244094488 1719.6850393700788 414.1732283464567 86.61417322834646 Morsbronn
2281.8897637795276 1719.6850393700788 159.0551181102362 86.61417322834646 à
2344.8818897637793 1719.6850393700788 192.1259842519685 86.61417322834646 la
2440.9448818897636 1719.6850393700788 286.61417322834643 86.61417322834646 suite
2600.0 1719.6850393700788 127.55905511811024 86.61417322834646 du

1039.3700787401574 1773.2283464566929 140.15748031496062 85.03937007874016 «
1096.0629921259842 1773.2283464566929 168.50393700787401 85.03937007874016 9e
1179.5275590551182 1773.2283464566929 450.3937007874016 85.03937007874016 cuirassiers.
1544.8818897637796 1773.2283464566929 253.54330708661416 85.03937007874016 Après
1713.3858267716535 1773.2283464566929 196.8503937007874 85.03937007874016 une
1826.7716535433071 1773.2283464566929 280.31496062992125 85.03937007874016 charge
2023.6220472440946 1773.2283464566929 225.1968503937008 85.03937007874016 d’un
2163.779527559055 1773.2283464566929 253.54330708661416 85.03937007874016 quart
2332.283464566929 1773.2283464566929 337.00787401574803 85.03937007874016 d’heure,
2557.48031496063 1773.2283464566929 168.50393700787401 85.03937007874016 dans

1039.3700787401574 1823.6220472440946 140.15748031496062 92.91338582677166 »
1096.0629921259842 1823.6220472440946 168.50393700787401 92.91338582677166 un
1179.5275590551182 1823.6220472440946 225.1968503937008 92.91338582677166 pays
1319.6850393700788 1823.6220472440946 168.50393700787401 92.91338582677166 de
1404.724409448819 1823.6220472440946 337.00787401574803 92.91338582677166 collines
1656.6929133858268 1823.6220472440946 308.66141732283467 92.91338582677166 boisées
1881.8897637795276 1823.6220472440946 168.50393700787401 92.91338582677166 de
1966.9291338582677 1823.6220472440946 280.31496062992125 92.91338582677166 haies,
2162.2047244094488 1823.6220472440946 168.50393700787401 92.91338582677166 de
2247.244094488189 1823.6220472440946 477.1653543307087 92.91338582677166 houblonnières
2612.5984251968503 1823.6220472440946 111.81102362204724 92.91338582677166 et

1037.7952755905512 1885.0393700787401 138.58267716535434 91.33858267716535 «
1094.4881889763778 1885.0393700787401 165.35433070866142 91.33858267716535 de
1176.3779527559054 1885.0393700787401 303.93700787401576 91.33858267716535 vignes,
1396.8503937007874 1885.0393700787401 330.70866141732284 91.33858267716535 sillonné
1645.6692913385828 1885.0393700787401 165.35433070866142 91.33858267716535 de
1727.5590551181103 1885.0393700787401 275.59055118110234 91.33858267716535 fossés
1921.259842519685 1885.0393700787401 165.35433070866142 91.33858267716535 et
2004.724409448819 1885.0393700787401 165.35433070866142 91.33858267716535 de
2086.6141732283463 1885.0393700787401 303.93700787401576 91.33858267716535 ravins,
2307.0866141732286 1885.0393700787401 193.70078740157481 91.33858267716535 les
2417.3228346456694 1885.0393700787401 220.4724409448819 91.33858267716535 deux
2527.5590551181103 1885.0393700787401 193.70078740157481 91.33858267716535 esca-

1033.0708661417323 1946.4566929133857 143.30708661417322 77.16535433070867 »
1089.763779527559 1946.4566929133857 258.26771653543307 77.16535433070867 drons
1261.4173228346456 1946.4566929133857 171.6535433070866 77.16535433070867 du
1348.0314960629921 1946.4566929133857 171.6535433070866 77.16535433070867 6e
1434.6456692913387 1946.4566929133857 344.88188976377955 77.16535433070867 lanciers
1692.9133858267717 1946.4566929133857 229.92125984251967 77.16535433070867 sont
1806.2992125984251 1946.4566929133857 344.88188976377955 77.16535433070867 anéantis.»

1034.6456692913387 2009.4488188976377 212.5984251968504 100.78740157480316 Tiré
1168.5039370078741 2009.4488188976377 160.62992125984252 100.78740157480316 de
1247.244094488189 2009.4488188976377 319.68503937007875 100.78740157480316 Français
1488.1889763779527 2009.4488188976377 160.62992125984252 100.78740157480316 et
1566.9291338582677 2009.4488188976377 373.2283464566929 100.78740157480316 Allemands,
1861.4173228346456 2009.4488188976377 185.82677165354332 100.78740157480316 par
1966.9291338582677 2009.4488188976377 212.5984251968504 100.78740157480316 Dick
2100.787401574803 2009.4488188976377 160.62992125984252 100.78740157480316 de
2181.1023622047246 2009.4488188976377 266.1417322834646 100.78740157480316 Lonlay
2340.1574803149606 2009.4488188976377 373.2283464566929 100.78740157480316 (1870

822.0472440944882 2077.165354330709 377.9527559055118 105.51181102362204 97
1118.1102362204724 2077.165354330709 351.18110236220474 105.51181102362204 Mouvement
1362.2047244094488 2077.165354330709 404.7244094488189 105.51181102362204 d’artillerie.

966.9291338582677 2231.496062992126 337.00787401574803 119.68503937007874 CABRIT
1201.5748031496064 2231.496062992126 370.0787401574803 119.68503937007874 (Jean),
1470.8661417322835 2231.496062992126 201.5748031496063 119.68503937007874 né
1571.6535433070867 2231.496062992126 168.50393700787401 119.68503937007874 à
1639.3700787401574 2231.496062992126 437.79527559055117 119.68503937007874 Bordeaux;
1976.3779527559054 2231.496062992126 201.5748031496063 119.68503937007874 M.
2077.165354330709 2231.496062992126 236.2204724409449 119.68503937007874 H.,
2211.0236220472443 2231.496062992126 337.00787401574803 119.68503937007874 Paris,
2447.244094488189 2231.496062992126 302.3622047244094 119.68503937007874 1888.
2615.748031496063 2231.496062992126 100.78740157480316 119.68503937007874 —

1033.0708661417323 2307.0866141732286 234.64566929133858 103.93700787401575 Rue
1166.9291338582677 2307.0866141732286 201.5748031496063 103.93700787401575 de
1267.716535433071 2307.0866141732286 201.5748031496063 103.93700787401575 la
1368.5039370078741 2307.0866141732286 469.29133858267716 103.93700787401575 Rousselle,
1737.007874015748 2307.0866141732286 234.64566929133858 103.93700787401575 77,
1837.7952755905512 2307.0866141732286 368.503937007874 103.93700787401575 Bordeaux.

814.1732283464567 2377.952755905512 418.8976377952756 108.66141732283465 98
1143.3070866141732 2377.952755905512 329.13385826771656 108.66141732283465 Coteaux
1382.6771653543308 2377.952755905512 179.5275590551181 108.66141732283465 de
1472.4409448818897 2377.952755905512 359.0551181102362 108.66141732283465 Bernezac
1743.3070866141732 2377.952755905512 149.60629921259843 108.66141732283465 à
1773.2283464566929 2377.952755905512 688.1889763779527 108.66141732283465 Saint

954.3307086614174 2535.433070866142 409.4488188976378 100.78740157480316 CABUZEL
1253.5433070866143 2535.433070866142 782.6771653543307 100.78740157480316 (Auguste-Hector),
1924.4094488188975 2535.433070866142 223.6220472440945 100.78740157480316 né
2036.2204724409448 2535.433070866142 185.82677165354332 100.78740157480316 à
2074.015748031496 2535.433070866142 633.0708661417323 100.78740157480316 Bray

1022.0472440944882 2598.4251968503936 310.23622047244095 83.46456692913385 élève
1228.3464566929133 2598.4251968503936 206.29921259842519 83.46456692913385 de
1332.283464566929 2598.4251968503936 206.29921259842519 83.46456692913385 H.
1436.2204724409448 2598.4251968503936 379.5275590551181 83.46456692913385 Vernet,
1711.8110236220473 2598.4251968503936 206.29921259842519 83.46456692913385 de
1815.748031496063 2598.4251968503936 206.29921259842519 83.46456692913385 L.
1918.1102362204724 2598.4251968503936 414.1732283464567 83.46456692913385 Cogniet,
2228.3464566929133 2598.4251968503936 206.29921259842519 83.46456692913385 de
2332.283464566929 2598.4251968503936 275.59055118110234 83.46456692913385 Pils
2505.511811023622 2598.4251968503936 206.29921259842519 83.46456692913385 et
2573.228346456693 2598.4251968503936 138.58267716535434 83.46456692913385 de

1022.0472440944882 2661.417322834646 212.5984251968504 108.66141732283465 M.
1127.5590551181103 2661.417322834646 529.1338582677165 108.66141732283465 Toulmouche.
1551.1811023622047 2661.417322834646 176.3779527559055 108.66141732283465 —
1622.0472440944882 2661.417322834646 247.24409448818898 108.66141732283465 Rue
1762.2047244094488 2661.417322834646 212.5984251968504 108.66141732283465 de
1869.291338582677 2661.417322834646 494.48818897637796 108.66141732283465 Vaugirard,
2256.6929133858266 2661.417322834646 247.24409448818898 108.66141732283465 64,
2363.779527559055 2661.417322834646 281.8897637795276 108.66141732283465 Paris.

815.7480314960629 2746.4566929133857 337.00787401574803 113.38582677165354 99
1056.6929133858268 2746.4566929133857 313.38582677165357 113.38582677165354 Méditation.

952.7559055118111 2844.0944881889764 411.0236220472441 144.88188976377953 CAGNIART
1261.4173228346456 2844.0944881889764 411.0236220472441 144.88188976377953 (Emile),
1570.0787401574803 2844.0944881889764 206.29921259842519 144.88188976377953 né
1672.4409448818897 2844.0944881889764 171.6535433070866 144.88188976377953 à
1741.732283464567 2844.0944881889764 343.3070866141732 144.88188976377953 Paris,
1981.1023622047244 2844.0944881889764 308.66141732283467 144.88188976377953 élève
2187.4015748031497 2844.0944881889764 206.29921259842519 144.88188976377953 de
2289.763779527559 2844.0944881889764 206.29921259842519 144.88188976377953 M.
2392.1259842519685 2844.0944881889764 206.29921259842519 144.88188976377953 A.
2461.417322834646 2844.0944881889764 239.37007874015748 144.88188976377953 Guil-

1017.3228346456693 2962.2047244094488 322.8346456692913 92.91338582677166 lemet;
1244.0944881889764 2962.2047244094488 258.26771653543307 92.91338582677166 méd.
1406.2992125984251 2962.2047244094488 193.70078740157481 92.91338582677166 3e
1502.3622047244094 2962.2047244094488 258.26771653543307 92.91338582677166 cl.,
1664.5669291338584 2962.2047244094488 322.8346456692913 92.91338582677166 Paris;
1891.3385826771653 2962.2047244094488 258.26771653543307 92.91338582677166 méd.
2051.968503937008 2962.2047244094488 226.77165354330708 92.91338582677166 1re
2182.6771653543306 2962.2047244094488 258.26771653543307 92.91338582677166 cl.,
2343.3070866141734 2962.2047244094488 322.8346456692913 92.91338582677166 Lyon.—
2537.0078740157483 2962.2047244094488 162.20472440944883 92.91338582677166 Rue

1015.7480314960629 3025.196850393701 201.5748031496063 96.06299212598425 de
1116.5354330708662 3025.196850393701 401.5748031496063 96.06299212598425 Navarin,
1417.3228346456692 3025.196850393701 201.5748031496063 96.06299212598425 6,
1485.0393700787401 3025.196850393701 267.7165354330709 96.06299212598425 Paris.

757.4803149606299 3105.511811023622 458.26771653543307 122.83464566929133 100
1122.8346456692914 3105.511811023622 182.6771653543307 122.83464566929133 La
1214.1732283464567 3105.511811023622 274.01574803149606 122.83464566929133 berge
1396.8503937007874 3105.511811023622 182.6771653543307 122.83464566929133 du
1489.763779527559 3105.511811023622 244.09448818897638 122.83464566929133 quai
1640.9448818897638 3105.511811023622 365.3543307086614 122.83464566929133 d’Orsay,
1916.5354330708662 3105.511811023622 152.75590551181102 122.83464566929133 à
1977.9527559055118 3105.511811023622 305.51181102362204 122.83464566929133 Paris,
2190.551181102362 3105.511811023622 182.6771653543307 122.83464566929133 en
2251.968503937008 3105.511811023622 335.43307086614175 122.83464566929133 décembre.

759.0551181102362 3190.551181102362 425.1968503937008 119.68503937007874 101
1099.2125984251968 3190.551181102362 198.4251968503937 119.68503937007874 Une
1212.5984251968505 3190.551181102362 226.77165354330708 119.68503937007874 mare
1354.3307086614172 3190.551181102362 141.73228346456693 119.68503937007874 à
1411.023622047244 3190.551181102362 340.15748031496065 119.68503937007874 Gentilly
1637.7952755905512 3190.551181102362 283.46456692913387 119.68503937007874 (Seine).

1310.236220472441 3291.3385826771655 351.18110236220474 125.98425196850394 (Voir
1574.8031496062993 3291.3385826771655 204.7244094488189 125.98425196850394 aux
1691.3385826771653 3291.3385826771655 322.8346456692913 125.98425196850394 Dessins
1925.984251968504 3291.3385826771655 176.3779527559055 125.98425196850394 et
2014.1732283464567 3291.3385826771655 146.45669291338584 125.98425196850394 à
2072.4409448818897 3291.3385826771655 176.3779527559055 125.98425196850394 la
2132.283464566929 3291.3385826771655 497.6377952755906 125.98425196850394 Sculpture)

941.7322834645669 3400.0 308.66141732283467 146.45669291338584 CAPRI
1148.0314960629921 3400.0 549.6062992125984 146.45669291338584 (Ferdinand),
1595.275590551181 3400.0 206.29921259842519 146.45669291338584 né
1697.6377952755906 3400.0 171.6535433070866 146.45669291338584 à
1766.9291338582677 3400.0 412.59842519685037 146.45669291338584 Florence
2075.5905511811025 3400.0 240.9448818897638 146.45669291338584 (de
2214.1732283464567 3400.0 377.9527559055118 146.45669291338584 parents
2453.5433070866143 3400.0 240.9448818897638 146.45669291338584 fran-

1007.8740157480315 3513.3858267716537 324.40944881889766 113.38582677165354 çais).
1236.2204724409448 3513.3858267716537 162.20472440944883 113.38582677165354 —
1300.7874015748032 3513.3858267716537 324.40944881889766 113.38582677165354 Avenue
1527.5590551181103 3513.3858267716537 195.2755905511811 113.38582677165354 de
1625.1968503937007 3513.3858267716537 422.0472440944882 113.38582677165354 Villiers,
1949.6062992125985 3513.3858267716537 226.77165354330708 113.38582677165354 18,
2045.6692913385828 3513.3858267716537 259.84251968503935 113.38582677165354 Paris.

755.9055118110236 3555.9055118110236 381.1023622047244 132.28346456692913 102
1059.8425196850394 3555.9055118110236 177.95275590551182 132.28346456692913 Les
1137.007874015748 3555.9055118110236 228.3464566929134 132.28346456692913 adieux.

940.1574803149606 3711.8110236220473 474.01574803149606 97.63779527559055 CARL-ROSA
1305.5118110236222 3711.8110236220473 437.79527559055117 97.63779527559055 (Mario),
1633.0708661417323 3711.8110236220473 218.89763779527559 97.63779527559055 né
1743.3070866141732 3711.8110236220473 182.6771653543307 97.63779527559055 à
1815.748031496063 3711.8110236220473 365.3543307086614 97.63779527559055 Loudun
2070.8661417322833 3711.8110236220473 474.01574803149606 97.63779527559055 (Vienne),
2436.220472440945 3711.8110236220473 218.89763779527559 97.63779527559055 A.
2508.6614173228345 3711.8110236220473 182.6771653543307 97.63779527559055 8.—

1004.7244094488188 3801.5748031496064 174.8031496062992 124.40944881889764 A
1074.015748031496 3801.5748031496064 491.33858267716533 124.40944881889764 l’Académie
1459.8425196850394 3801.5748031496064 245.66929133858267 124.40944881889764 des
1600.0 3801.5748031496064 491.33858267716533 124.40944881889764 Beaux-Arts
1985.8267716535433 3801.5748031496064 245.66929133858267 124.40944881889764 des
2091.3385826771655 3801.5748031496064 595.2755905511812 124.40944881889764 Champs

1003.1496062992126 3864.566929133858 403.1496062992126 108.66141732283465 faubourg
1305.5118110236222 3864.566929133858 571.6535433070866 108.66141732283465 Saint-Honoré,
1774.8031496062993 3864.566929133858 234.64566929133858 108.66141732283465 30,
1875.5905511811025 3864.566929133858 269.29133858267716 108.66141732283465 Paris.

746.4566929133858 3941.732283464567 431.496062992126 116.53543307086615 103
1091.3385826771653 3941.732283464567 373.2283464566929 116.53543307086615 Rangiport
1377.9527559055118 3941.732283464567 288.18897637795277 116.53543307086615 (bords
1579.5275590551182 3941.732283464567 173.22834645669292 116.53543307086615 de
1637.7952755905512 3941.732283464567 258.26771653543307 116.53543307086615 Seine).
