3025.196850393701 4924.4094488188975
1387.4015748031495 719.6850393700787 434.6456692913386 114.96062992125984 PEINTURE.

833.0708661417323 856.6929133858267 359.0551181102362 155.90551181102362 COUDER
1085.0393700787401 856.6929133858267 611.0236220472441 155.90551181102362 (E.-Gustave),
1588.976377952756 856.6929133858267 215.748031496063 155.90551181102362 né
1696.0629921259842 856.6929133858267 179.5275590551181 155.90551181102362 à
1768.5039370078741 856.6929133858267 359.0551181102362 155.90551181102362 Paris;
2020.4724409448818 856.6929133858267 324.40944881889766 155.90551181102362 méd.,
2200.0 856.6929133858267 395.2755905511811 155.90551181102362 Philadel-

899.2125984251968 959.0551181102362 325.98425196850394 107.08661417322834 phie,
1116.5354330708662 959.0551181102362 325.98425196850394 107.08661417322834 1876;
1333.8582677165355 959.0551181102362 289.76377952755905 107.08661417322834 méd.
1514.9606299212599 959.0551181102362 217.3228346456693 107.08661417322834 de
1623.6220472440946 959.0551181102362 362.20472440944883 107.08661417322834 verm.,
1875.5905511811025 959.0551181102362 362.20472440944883 107.08661417322834 Rouen,
2129.1338582677167 959.0551181102362 325.98425196850394 107.08661417322834 1882.
2346.4566929133857 959.0551181102362 181.10236220472441 107.08661417322834 —
2382.6771653543306 959.0551181102362 217.3228346456693 107.08661417322834 Quai

902.3622047244095 1028.3464566929133 551.1811023622047 114.96062992125984 Saint-Michel,
1357.4803149606298 1028.3464566929133 226.77165354330708 114.96062992125984 13,
1453.5433070866143 1028.3464566929133 259.84251968503935 114.96062992125984 Paris.

645.6692913385826 1129.1338582677165 401.5748031496063 94.48818897637796 139
966.9291338582677 1129.1338582677165 160.62992125984252 94.48818897637796 Un
1047.244094488189 1129.1338582677165 294.48818897637796 94.48818897637796 dessert
1262.992125984252 1129.1338582677165 160.62992125984252 94.48818897637796 de
1316.5354330708662 1129.1338582677165 187.4015748031496 94.48818897637796 fête.

642.5196850393701 1217.3228346456692 425.1968503937008 121.25984251968504 140
982.6771653543307 1217.3228346456692 368.503937007874 121.25984251968504 Bourriche
1267.716535433071 1217.3228346456692 170.07874015748033 121.25984251968504 de
1324.4094488188975 1217.3228346456692 283.46456692913387 121.25984251968504 pensées.

836.2204724409448 1316.5354330708662 333.8582677165354 127.55905511811024 COUTIL
1069.291338582677 1316.5354330708662 566.9291338582677 127.55905511811024 (Léon-Marie),
1535.4330708661416 1316.5354330708662 200.0 127.55905511811024 né
1636.2204724409448 1316.5354330708662 166.9291338582677 127.55905511811024 à
1702.3622047244094 1316.5354330708662 800.0 127.55905511811024 Villiers-sur-Andely,
2370.0787401574803 1316.5354330708662 233.0708661417323 127.55905511811024 élève

896.0629921259842 1417.3228346456692 214.17322834645668 83.46456692913385 de
1003.1496062992126 1417.3228346456692 214.17322834645668 83.46456692913385 M.
1110.236220472441 1417.3228346456692 392.12598425196853 83.46456692913385 Jérôme.
1395.275590551181 1417.3228346456692 177.95275590551182 83.46456692913385 —
1466.1417322834645 1417.3228346456692 248.8188976377953 83.46456692913385 Rue
1607.8740157480315 1417.3228346456692 248.8188976377953 83.46456692913385 aux
1751.1811023622047 1417.3228346456692 426.7716535433071 83.46456692913385 Prêtres,
2070.8661417322833 1417.3228346456692 248.8188976377953 83.46456692913385 aux
2177.952755905512 1417.3228346456692 355.90551181102364 83.46456692913385 Andelys.

644.0944881889764 1500.7874015748032 423.62204724409446 114.96062992125984 141
954.3307086614174 1500.7874015748032 451.9685039370079 114.96062992125984 Chrysanthèmes.

1559.0551181102362 1552.755905511811 423.62204724409446 110.23622047244095 Appartient
1891.3385826771653 1552.755905511811 151.1811023622047 110.23622047244095 à
1952.755905511811 1552.755905511811 181.10236220472441 110.23622047244095 M.
2012.5984251968505 1552.755905511811 242.51968503937007 110.23622047244095 Riout.

1796.8503937007874 1636.2204724409448 318.1102362204724 119.68503937007874 (Voir
2036.2204724409448 1636.2204724409448 132.28346456692913 119.68503937007874 à
2089.763779527559 1636.2204724409448 159.0551181102362 119.68503937007874 la
2141.732283464567 1636.2204724409448 398.4251968503937 119.68503937007874 Gravure)

833.0708661417323 1741.732283464567 340.15748031496065 133.85826771653544 CRENN
1059.8425196850394 1741.732283464567 867.7165354330708 133.85826771653544 (Arthur-Ferdinand),
1814.1732283464567 1741.732283464567 226.77165354330708 133.85826771653544 né
1927.5590551181103 1741.732283464567 264.56692913385825 133.85826771653544 aux
2040.9448818897638 1741.732283464567 565.3543307086615 133.85826771653544 Authieux-

899.2125984251968 1836.2204724409448 382.6771653543307 125.98425196850394 Calonne
1177.9527559055118 1836.2204724409448 522.8346456692914 125.98425196850394 (Calvados).
1595.275590551181 1836.2204724409448 174.8031496062992 125.98425196850394 —
1666.1417322834645 1836.2204724409448 244.09448818897638 125.98425196850394 Rue
1804.724409448819 1836.2204724409448 453.54330708661416 125.98425196850394 d’Amiens,
2154.3307086614172 1836.2204724409448 244.09448818897638 125.98425196850394 48,
2258.267716535433 1836.2204724409448 278.74015748031496 125.98425196850394 Rouen.

647.2440944881889 1930.708661417323 412.59842519685037 119.68503937007874 142
976.3779527559055 1930.708661417323 274.01574803149606 119.68503937007874 Nature
1140.1574803149606 1930.708661417323 220.4724409448819 119.68503937007874 morte.

831.496062992126 2042.5196850393702 362.20472440944883 100.78740157480316 CURZON
1085.0393700787401 2042.5196850393702 579.5275590551181 100.78740157480316 (Paul-Alfred
1555.9055118110236 2042.5196850393702 289.76377952755905 100.78740157480316 de),
1737.007874015748 2042.5196850393702 217.3228346456693 100.78740157480316 né
1845.6692913385828 2042.5196850393702 181.10236220472441 100.78740157480316 à
1918.1102362204724 2042.5196850393702 470.86614173228344 100.78740157480316 Poitiers,
2280.314960629921 2042.5196850393702 325.98425196850394 100.78740157480316 élève
2461.417322834646 2042.5196850393702 144.88188976377953 100.78740157480316 de

903.9370078740158 2099.212598425197 385.8267716535433 110.23622047244095 Drolling
1192.1259842519685 2099.212598425197 192.1259842519685 110.23622047244095 et
1288.1889763779527 2099.212598425197 192.1259842519685 110.23622047244095 de
1384.251968503937 2099.212598425197 192.1259842519685 110.23622047244095 M.
1481.8897637795276 2099.212598425197 321.25984251968504 110.23622047244095 Cabat;
1705.5118110236222 2099.212598425197 256.6929133858268 110.23622047244095 méd.
1866.1417322834645 2099.212598425197 192.1259842519685 110.23622047244095 2e
1962.2047244094488 2099.212598425197 256.6929133858268 110.23622047244095 cl.,
2122.834645669291 2099.212598425197 288.18897637795277 110.23622047244095 1857;
2283.464566929134 2099.212598425197 321.25984251968504 110.23622047244095 rappels,

902.3622047244095 2171.6535433070867 305.51181102362204 108.66141732283465 1859.
1107.0866141732283 2171.6535433070867 305.51181102362204 108.66141732283465 1861,
1311.8110236220473 2171.6535433070867 305.51181102362204 108.66141732283465 1863;
1549.6062992125985 2171.6535433070867 305.51181102362204 108.66141732283465 1865;
1752.755905511811 2171.6535433070867 272.4409448818898 108.66141732283465 méd.
1922.8346456692914 2171.6535433070867 204.7244094488189 108.66141732283465 3e
2025.1968503937007 2171.6535433070867 272.4409448818898 108.66141732283465 cl.,
2195.2755905511813 2171.6535433070867 204.7244094488189 108.66141732283465 E.
2297.6377952755906 2171.6535433070867 204.7244094488189 108.66141732283465 U.
2365.3543307086616 2171.6535433070867 237.79527559055117 108.66141732283465 1867;

913.3858267716536 2234.6456692913384 218.89763779527559 102.36220472440945 méd.
1048.8188976377953 2234.6456692913384 163.7795275590551 102.36220472440945 2e
1130.708661417323 2234.6456692913384 218.89763779527559 102.36220472440945 cl.,
1267.716535433071 2234.6456692913384 163.7795275590551 102.36220472440945 E.
1349.6062992125985 2234.6456692913384 163.7795275590551 102.36220472440945 U.
1431.4960629921259 2234.6456692913384 245.66929133858267 102.36220472440945 1848;
1595.275590551181 2234.6456692913384 245.66929133858267 102.36220472440945 H.
1759.0551181102362 2234.6456692913384 272.4409448818898 102.36220472440945 C.
1951.1811023622047 2234.6456692913384 137.00787401574803 102.36220472440945 —
2004.724409448819 2234.6456692913384 354.3307086614173 102.36220472440945 Boulevard
2278.740157480315 2234.6456692913384 300.78740157480314 102.36220472440945 Suchet,
2469.2913385826773 2234.6456692913384 137.00787401574803 102.36220472440945 15,

864.5669291338583 2324.4094488188975 505.51181102362204 92.91338582677166 Paris

644.0944881889764 2398.4251968503936 467.7165354330709 103.93700787401575 143
1018.8976377952756 2398.4251968503936 248.8188976377953 103.93700787401575 Rade
1174.8031496062993 2398.4251968503936 187.4015748031496 103.93700787401575 de
1267.716535433071 2398.4251968503936 343.3070866141732 103.93700787401575 Toulon,
1518.1102362204724 2398.4251968503936 218.89763779527559 103.93700787401575 vue
1642.5196850393702 2398.4251968503936 280.31496062992125 103.93700787401575 prise
1828.3464566929133 2398.4251968503936 187.4015748031496 103.93700787401575 du
1922.8346456692914 2398.4251968503936 311.81102362204723 103.93700787401575 coteau
2140.1574803149606 2398.4251968503936 187.4015748031496 103.93700787401575 de
2203.149606299213 2398.4251968503936 311.81102362204723 103.93700787401575 Tamaris.

645.6692913385826 2464.566929133858 475.59055118110234 132.28346456692913 144
1025.1968503937007 2464.566929133858 222.04724409448818 132.28346456692913 Vue
1152.755905511811 2464.566929133858 190.5511811023622 132.28346456692913 de
1247.244094488189 2464.566929133858 190.5511811023622 132.28346456692913 la
1341.732283464567 2464.566929133858 285.03937007874015 132.28346456692913 ville
1532.283464566929 2464.566929133858 190.5511811023622 132.28346456692913 de
1626.7716535433071 2464.566929133858 285.03937007874015 132.28346456692913 Capri
1817.3228346456692 2464.566929133858 190.5511811023622 132.28346456692913 et
1911.8110236220473 2464.566929133858 444.09448818897636 132.28346456692913 cueillette
2261.417322834646 2464.566929133858 222.04724409448818 132.28346456692913 des
2355.9055118110236 2464.566929133858 253.54330708661416 132.28346456692913 olives

905.511811023622 2573.228346456693 327.5590551181102 111.81102362204724 (golfe
1135.4330708661416 2573.228346456693 196.8503937007874 111.81102362204724 de
1200.0 2573.228346456693 327.5590551181102 111.81102362204724 Naples).

1826.7716535433071 2600.0 318.1102362204724 135.43307086614172 (Voir
2066.1417322834645 2600.0 185.82677165354332 135.43307086614172 aux
2144.8818897637793 2600.0 398.4251968503937 135.43307086614172 Dessins)

833.0708661417323 2725.984251968504 455.11811023622045 118.11023622047244 CUVELIER
1174.8031496062993 2725.984251968504 606.2992125984252 118.11023622047244 (Alexandre),
1667.716535433071 2725.984251968504 228.3464566929134 118.11023622047244 né
1781.1023622047244 2725.984251968504 188.9763779527559 118.11023622047244 à
1856.6929133858268 2725.984251968504 530.7086614173228 118.11023622047244 Saint-Omer
2236.220472440945 2725.984251968504 379.5275590551181 118.11023622047244 (Pas-

907.0866141732283 2792.1259842519685 409.4488188976378 113.38582677165354 Calais),
1214.1732283464567 2792.1259842519685 307.0866141732283 113.38582677165354 élève
1418.8976377952756 2792.1259842519685 204.7244094488189 113.38582677165354 de
1521.259842519685 2792.1259842519685 204.7244094488189 113.38582677165354 M.
1623.6220472440946 2792.1259842519685 307.0866141732283 113.38582677165354 J.-P.
1828.3464566929133 2792.1259842519685 409.4488188976378 113.38582677165354 Laurens.
2135.433070866142 2792.1259842519685 170.07874015748033 113.38582677165354 —
2203.149606299213 2792.1259842519685 239.37007874015748 113.38582677165354 Rue
2340.1574803149606 2792.1259842519685 204.7244094488189 113.38582677165354 de
2407.8740157480315 2792.1259842519685 204.7244094488189 113.38582677165354 Ver-

913.3858267716536 2900.787401574803 313.38582677165357 99.21259842519684 neuil,
1132.283464566929 2900.787401574803 218.89763779527559 99.21259842519684 22,
1226.7716535433071 2900.787401574803 250.39370078740157 99.21259842519684 Paris.

656.6929133858267 2974.803149606299 351.18110236220474 105.51181102362204 145
913.3858267716536 2974.803149606299 211.0236220472441 105.51181102362204 Fleurs.

840.9448818897638 3067.716535433071 313.38582677165357 138.58267716535434 CUYER
1050.3937007874015 3067.716535433071 486.61417322834643 138.58267716535434 (Edouard),
1433.0708661417323 3067.716535433071 209.4488188976378 138.58267716535434 né
1537.007874015748 3067.716535433071 174.8031496062992 138.58267716535434 à
1606.2992125984251 3067.716535433071 348.0314960629921 138.58267716535434 Paris,
1850.3937007874015 3067.716535433071 313.38582677165357 138.58267716535434 élève
2058.267716535433 3067.716535433071 209.4488188976378 138.58267716535434 de
2163.779527559055 3067.716535433071 209.4488188976378 138.58267716535434 M.
2267.716535433071 3067.716535433071 382.6771653543307 138.58267716535434 Bonnat.
2511.8110236220473 3067.716535433071 103.93700787401575 138.58267716535434 —

913.3858267716536 3159.0551181102364 237.79527559055117 116.53543307086615 Rue
1050.3937007874015 3159.0551181102364 203.1496062992126 116.53543307086615 de
1151.1811023622047 3159.0551181102364 338.5826771653543 116.53543307086615 Seine,
1388.976377952756 3159.0551181102364 237.79527559055117 116.53543307086615 13,
1491.3385826771653 3159.0551181102364 270.86614173228344 116.53543307086615 Paris.

658.2677165354331 3242.51968503937 428.34645669291336 122.83464566929133 146
1000.0 3242.51968503937 343.3070866141732 122.83464566929133 Portrait
1258.267716535433 3242.51968503937 171.6535433070866 122.83464566929133 de
1343.3070866141732 3242.51968503937 171.6535433070866 122.83464566929133 ma
1400.0 3242.51968503937 200.0 122.83464566929133 sœur.

848.8188976377953 3321.259842519685 388.9763779527559 141.73228346456693 DAMERON
1130.708661417323 3321.259842519685 425.1968503937008 141.73228346456693 (Emile),
1450.3937007874015 3321.259842519685 212.5984251968504 141.73228346456693 né
1555.9055118110236 3321.259842519685 176.3779527559055 141.73228346456693 à
1626.7716535433071 3321.259842519685 354.3307086614173 141.73228346456693 Paris,
1874.015748031496 3321.259842519685 318.1102362204724 141.73228346456693 élève
2086.6141732283463 3321.259842519685 212.5984251968504 141.73228346456693 de
2192.1259842519685 3321.259842519685 212.5984251968504 141.73228346456693 M.
2262.9921259842517 3321.259842519685 354.3307086614173 141.73228346456693 Pelouse;

927.5590551181102 3417.3228346456694 225.1968503937008 105.51181102362204 méd.
1069.291338582677 3417.3228346456694 168.50393700787401 105.51181102362204 3e
1152.755905511811 3417.3228346456694 225.1968503937008 105.51181102362204 cl.,
1294.4881889763778 3417.3228346456694 281.8897637795276 105.51181102362204 Paris,
1491.3385826771653 3417.3228346456694 253.54330708661416 105.51181102362204 1878;
1661.4173228346456 3417.3228346456694 225.1968503937008 105.51181102362204 méd.
1801.5748031496064 3417.3228346456694 168.50393700787401 105.51181102362204 2e
1886.6141732283465 3417.3228346456694 225.1968503937008 105.51181102362204 cl.,
2028.3464566929133 3417.3228346456694 253.54330708661416 105.51181102362204 1882;
2196.850393700787 3417.3228346456694 253.54330708661416 105.51181102362204 H.
2366.9291338582675 3417.3228346456694 281.8897637795276 105.51181102362204 C.
2535.433070866142 3417.3228346456694 85.03937007874016 105.51181102362204 —

924.4094488188977 3507.0866141732286 236.2204724409449 96.06299212598425 Rue
1058.267716535433 3507.0866141732286 337.00787401574803 96.06299212598425 Bréda,
1294.4881889763778 3507.0866141732286 236.2204724409449 96.06299212598425 26,
1396.8503937007874 3507.0866141732286 269.29133858267716 96.06299212598425 Paris.

666.1417322834645 3588.9763779527557 407.87401574803147 122.83464566929133 147
992.1259842519685 3588.9763779527557 244.09448818897638 122.83464566929133 Bords
1155.9055118110236 3588.9763779527557 163.7795275590551 122.83464566929133 de
1236.2204724409448 3588.9763779527557 163.7795275590551 122.83464566929133 la
1291.3385826771653 3588.9763779527557 217.3228346456693 122.83464566929133 Seine.

2066.1417322834645 3620.472440944882 222.04724409448818 122.83464566929133 Prêt
2204.7244094488187 3620.472440944882 166.9291338582677 122.83464566929133 de
2261.417322834646 3620.472440944882 248.8188976377953 122.83464566929133 l’Etat.

858.2677165354331 3732.283464566929 366.92913385826773 129.13385826771653 DAMOYE
1114.9606299212599 3732.283464566929 404.7244094488189 129.13385826771653 (Pierre
1407.8740157480315 3732.283464566929 551.1811023622047 129.13385826771653 -Emmanuel),
1848.8188976377953 3732.283464566929 220.4724409448819 129.13385826771653 né
1959.0551181102362 3732.283464566929 184.251968503937 129.13385826771653 à
2033.0708661417323 3732.283464566929 366.92913385826773 129.13385826771653 Paris,
2289.763779527559 3732.283464566929 330.70866141732284 129.13385826771653 élève
2474.015748031496 3732.283464566929 146.45669291338584 129.13385826771653 de

927.5590551181102 3817.3228346456694 266.1417322834646 125.98425196850394 Corot
1105.5118110236222 3817.3228346456694 177.95275590551182 125.98425196850394 et
1193.7007874015749 3817.3228346456694 177.95275590551182 125.98425196850394 de
1283.4645669291338 3817.3228346456694 384.251968503937 125.98425196850394 Daubigny;
1579.5275590551182 3817.3228346456694 177.95275590551182 125.98425196850394 3e
1667.716535433071 3817.3228346456694 177.95275590551182 125.98425196850394 et
1757.4803149606298 3817.3228346456694 177.95275590551182 125.98425196850394 2e
1845.6692913385828 3817.3228346456694 266.1417322834646 125.98425196850394 méd.,
2023.6220472440946 3817.3228346456694 296.06299212598424 125.98425196850394 Paris;
2231.496062992126 3817.3228346456694 266.1417322834646 125.98425196850394 H.
2379.527559055118 3817.3228346456694 236.2204724409449 125.98425196850394 C.

927.5590551181102 3903.9370078740158 173.22834645669292 107.08661417322834 —
996.8503937007874 3903.9370078740158 242.51968503937007 107.08661417322834 Rue
1135.4330708661416 3903.9370078740158 450.3937007874016 107.08661417322834 Fontaine,
1480.3149606299212 3903.9370078740158 242.51968503937007 107.08661417322834 37,
1584.251968503937 3903.9370078740158 277.1653543307087 107.08661417322834 Paris.

674.0157480314961 3988.9763779527557 442.5196850393701 105.51181102362204 148
1028.3464566929133 3988.9763779527557 176.3779527559055 105.51181102362204 Le
1116.5354330708662 3988.9763779527557 264.56692913385825 105.51181102362204 vieux
1292.9133858267717 3988.9763779527557 294.48818897637796 105.51181102362204 chemin
1499.2125984251968 3988.9763779527557 176.3779527559055 105.51181102362204 de
1559.0551181102362 3988.9763779527557 382.6771653543307 105.51181102362204 Saint
