3034.6456692913384 4930.708661417323
637.7952755905512 697.6377952755905 182.6771653543307 105.51181102362204 30

1440.9448818897638 688.1889763779527 431.496062992126 111.81102362204724 PEINTURE.

896.0629921259842 862.992125984252 403.1496062992126 100.78740157480316 DECAMPS
1188.976377952756 862.992125984252 477.1653543307087 100.78740157480316 (Albert),
1555.9055118110236 862.992125984252 220.4724409448819 100.78740157480316 né
1666.1417322834645 862.992125984252 182.6771653543307 100.78740157480316 à
1740.1574803149606 862.992125984252 366.92913385826773 100.78740157480316 Allery
1996.8503937007874 862.992125984252 440.9448818897638 100.78740157480316 (Somme),
2325.984251968504 862.992125984252 330.70866141732284 100.78740157480316 élève
2510.236220472441 862.992125984252 146.45669291338584 100.78740157480316 de

963.7795275590552 927.5590551181102 203.1496062992126 114.96062992125984 M.
1066.1417322834645 927.5590551181102 373.2283464566929 114.96062992125984 Vollon;
1337.007874015748 927.5590551181102 270.86614173228344 114.96062992125984 méd.
1507.0866141732283 927.5590551181102 203.1496062992126 114.96062992125984 de
1607.8740157480315 927.5590551181102 270.86614173228344 114.96062992125984 br.,
1777.9527559055118 927.5590551181102 373.2283464566929 114.96062992125984 Amiens;
2048.818897637795 927.5590551181102 270.86614173228344 114.96062992125984 méd.
2217.3228346456694 927.5590551181102 373.2283464566929 114.96062992125984 d’arg.,
2455.1181102362207 927.5590551181102 203.1496062992126 114.96062992125984 Bou-

963.7795275590552 1014.1732283464567 653.5433070866142 114.96062992125984 logne-sur-Mer.
1507.0866141732283 1014.1732283464567 181.10236220472441 114.96062992125984 —
1579.5275590551182 1014.1732283464567 181.10236220472441 114.96062992125984 A
1653.5433070866143 1014.1732283464567 362.20472440944883 114.96062992125984 Allery
1870.8661417322835 1014.1732283464567 362.20472440944883 114.96062992125984 (Somme).

707.0866141732283 1105.5118110236222 444.09448818897636 122.83464566929133 162
1062.992125984252 1105.5118110236222 503.93700787401576 122.83464566929133 Convalescence
1477.1653543307086 1105.5118110236222 177.95275590551182 122.83464566929133 de
1566.9291338582677 1105.5118110236222 177.95275590551182 122.83464566929133 la
1625.1968503937007 1105.5118110236222 385.8267716535433 122.83464566929133 grand’mère.

713.3858267716536 1225.1968503937007 374.8031496062992 110.23622047244095 163
988.9763779527559 1225.1968503937007 250.39370078740157 110.23622047244095 Paysage.

903.9370078740158 1357.4803149606298 469.29133858267716 107.08661417322834 DEHAUSSY
1255.1181102362204 1357.4803149606298 311.81102362204723 107.08661417322834 (Mme
1450.3937007874015 1357.4803149606298 429.9212598425197 107.08661417322834 Adèle),
1763.7795275590552 1357.4803149606298 274.01574803149606 107.08661417322834 née
1919.6850393700788 1357.4803149606298 195.2755905511811 107.08661417322834 à
1996.8503937007874 1357.4803149606298 351.18110236220474 107.08661417322834 Meaux
2192.1259842519685 1357.4803149606298 469.29133858267716 107.08661417322834 (Seine-

976.3779527559055 1444.0944881889764 371.65354330708664 83.46456692913385 Marne),
1245.6692913385828 1444.0944881889764 303.93700787401576 83.46456692913385 élève
1448.8188976377953 1444.0944881889764 203.1496062992126 83.46456692913385 de
1549.6062992125985 1444.0944881889764 203.1496062992126 83.46456692913385 M.
1650.3937007874015 1444.0944881889764 303.93700787401576 83.46456692913385 Jules
1853.5433070866143 1444.0944881889764 439.37007874015745 83.46456692913385 Dehaussy;
2190.551181102362 1444.0944881889764 303.93700787401576 83.46456692913385 méd.,
2359.0551181102364 1444.0944881889764 303.93700787401576 83.46456692913385 Amiens;

974.8031496062993 1502.3622047244094 206.29921259842519 97.63779527559055 M.
1078.740157480315 1502.3622047244094 240.9448818897638 97.63779527559055 H.,
1215.748031496063 1502.3622047244094 310.23622047244095 97.63779527559055 Caen,
1422.0472440944882 1502.3622047244094 275.59055118110234 97.63779527559055 etc.
1595.275590551181 1502.3622047244094 171.6535433070866 97.63779527559055 —
1662.992125984252 1502.3622047244094 171.6535433070866 97.63779527559055 A
1732.283464566929 1502.3622047244094 206.29921259842519 97.63779527559055 la
1836.2204724409448 1502.3622047244094 585.8267716535433 97.63779527559055 Guillonnerie,
2316.535433070866 1502.3622047244094 240.9448818897638 97.63779527559055 par
2420.472440944882 1502.3622047244094 240.9448818897638 97.63779527559055 Orsay

943.3070866141733 1581.1023622047244 579.5275590551181 100.78740157480316 (Seine

719.6850393700787 1685.0393700787401 422.0472440944882 89.76377952755905 164
1056.6929133858268 1685.0393700787401 168.50393700787401 89.76377952755905 La
1141.732283464567 1685.0393700787401 280.31496062992125 89.76377952755905 petite
1310.236220472441 1685.0393700787401 308.66141732283467 89.76377952755905 ménagère.

911.8110236220473 1815.748031496063 431.496062992126 122.83464566929133 DEHAUSSY
1236.2204724409448 1815.748031496063 431.496062992126 122.83464566929133 (Jules),
1559.0551181102362 1815.748031496063 215.748031496063 122.83464566929133 né
1666.1417322834645 1815.748031496063 179.5275590551181 122.83464566929133 à
1738.5826771653544 1815.748031496063 395.2755905511811 122.83464566929133 Péronne
2025.1968503937007 1815.748031496063 431.496062992126 122.83464566929133 (Somme),
2349.6062992125985 1815.748031496063 322.8346456692913 122.83464566929133 élève
2529.1338582677167 1815.748031496063 143.30708661417322 122.83464566929133 de

981.1023622047244 1900.7874015748032 256.6929133858268 72.44094488188976 Th.
1127.5590551181103 1900.7874015748032 477.1653543307087 72.44094488188976 Fragonard
1494.4881889763778 1900.7874015748032 220.4724409448819 72.44094488188976 et
1604.724409448819 1900.7874015748032 220.4724409448819 72.44094488188976 de
1714.9606299212599 1900.7874015748032 220.4724409448819 72.44094488188976 A.
1825.1968503937007 1900.7874015748032 477.1653543307087 72.44094488188976 Dehaussy;
2192.1259842519685 1900.7874015748032 330.70866141732284 72.44094488188976 méd.,
2376.3779527559054 1900.7874015748032 292.9133858267717 72.44094488188976 Paris,

987.4015748031496 1968.5039370078741 302.3622047244094 74.01574803149606 Porto
1188.976377952756 1968.5039370078741 503.93700787401576 74.01574803149606 (Portugal),
1592.1259842519685 1968.5039370078741 436.2204724409449 74.01574803149606 Besançon;
1927.5590551181103 1968.5039370078741 302.3622047244094 74.01574803149606 dipl.
2129.1338582677167 1968.5039370078741 370.0787401574803 74.01574803149606 d’hon.,
2363.779527559055 1968.5039370078741 302.3622047244094 74.01574803149606 Amiens,

984.2519685039371 2018.8976377952756 551.1811023622047 88.18897637795276 Montpellier,
1433.0708661417323 2018.8976377952756 275.59055118110234 88.18897637795276 etc.
1604.724409448819 2018.8976377952756 171.6535433070866 88.18897637795276 —
1674.015748031496 2018.8976377952756 171.6535433070866 88.18897637795276 A
1741.732283464567 2018.8976377952756 206.29921259842519 88.18897637795276 la
1845.6692913385828 2018.8976377952756 585.8267716535433 88.18897637795276 Guillonnerie,
2327.5590551181103 2018.8976377952756 240.9448818897638 88.18897637795276 par
2431.496062992126 2018.8976377952756 240.9448818897638 88.18897637795276 Orsay

951.1811023622047 2099.212598425197 585.8267716535433 92.91338582677166 (Seine

724.4094488188977 2188.9763779527557 444.09448818897636 102.36220472440945 165
1080.3149606299212 2188.9763779527557 177.95275590551182 102.36220472440945 En
1170.0787401574803 2188.9763779527557 355.90551181102364 102.36220472440945 faction;
1436.2204724409448 2188.9763779527557 177.95275590551182 102.36220472440945 un
1524.4094488188975 2188.9763779527557 325.98425196850394 102.36220472440945 piquier
1762.2047244094488 2188.9763779527557 237.79527559055117 102.36220472440945 sous
1910.236220472441 2188.9763779527557 266.1417322834646 102.36220472440945 Louis
2058.267716535433 2188.9763779527557 207.8740157480315 102.36220472440945 XIII.

916.5354330708661 2333.8582677165355 474.01574803149606 99.21259842519684 DELACROIX
1281.8897637795276 2333.8582677165355 694.488188976378 99.21259842519684 (Henri-Eugène),
1866.1417322834645 2333.8582677165355 218.89763779527559 99.21259842519684 né
1974.8031496062993 2333.8582677165355 182.6771653543307 99.21259842519684 à
2048.818897637795 2333.8582677165355 437.79527559055117 99.21259842519684 Solesmes
2340.1574803149606 2333.8582677165355 329.13385826771656 99.21259842519684 (Nord),

985.8267716535433 2420.472440944882 303.93700787401576 81.88976377952756 élève
1187.4015748031495 2420.472440944882 203.1496062992126 81.88976377952756 de
1289.763779527559 2420.472440944882 203.1496062992126 81.88976377952756 M.
1390.5511811023623 2420.472440944882 404.7244094488189 81.88976377952756 Cabanel;
1694.4881889763778 2420.472440944882 303.93700787401576 81.88976377952756 méd.,
1897.6377952755906 2420.472440944882 337.00787401574803 81.88976377952756 Paris,
2133.8582677165355 2420.472440944882 337.00787401574803 81.88976377952756 1876.—
2370.0787401574803 2420.472440944882 168.50393700787401 81.88976377952756 A
2403.149606299213 2420.472440944882 270.86614173228344 81.88976377952756 l’Aca-

985.8267716535433 2477.165354330709 308.66141732283467 89.76377952755905 démie
1192.1259842519685 2477.165354330709 204.7244094488189 89.76377952755905 de
1294.4881889763778 2477.165354330709 548.0314960629921 89.76377952755905 Valenciennes
1703.9370078740158 2477.165354330709 308.66141732283467 89.76377952755905 (Nord).

732.2834645669292 2587.4015748031497 374.8031496062992 108.66141732283465 166
1033.0708661417323 2587.4015748031497 225.1968503937008 108.66141732283465 Clair
1182.6771653543308 2587.4015748031497 149.60629921259843 108.66141732283465 de
1233.0708661417323 2587.4015748031497 174.8031496062992 108.66141732283465 lune.

1040.9448818897638 2694.488188976378 294.48818897637796 83.46456692913385 «Quant
1247.244094488189 2694.488188976378 176.3779527559055 83.46456692913385 la
1335.4330708661416 2694.488188976378 236.2204724409449 83.46456692913385 nuit
1483.4645669291338 2694.488188976378 382.6771653543307 83.46456692913385 lentement
1777.9527559055118 2694.488188976378 324.40944881889766 83.46456692913385 déroule
2012.5984251968505 2694.488188976378 206.29921259842519 83.46456692913385 sur
2130.7086614173227 2694.488188976378 176.3779527559055 83.46456692913385 la
2188.9763779527557 2694.488188976378 236.2204724409449 83.46456692913385 plaine

1039.3700787401574 2754.3307086614172 146.45669291338584 75.59055118110236 »
1099.2125984251968 2754.3307086614172 204.7244094488189 75.59055118110236 Son
1215.748031496063 2754.3307086614172 233.0708661417323 75.59055118110236 long
1360.6299212598426 2754.3307086614172 262.99212598425197 75.59055118110236 voile
1537.007874015748 2754.3307086614172 174.8031496062992 75.59055118110236 de
1623.6220472440946 2754.3307086614172 262.99212598425197 75.59055118110236 brume
1800.0 2754.3307086614172 174.8031496062992 75.59055118110236 en
1886.6141732283465 2754.3307086614172 379.5275590551181 75.59055118110236 ténébreux
2149.6062992125985 2754.3307086614172 262.99212598425197 75.59055118110236 replis,

1040.9448818897638 2823.6220472440946 140.15748031496062 69.29133858267717 «
1097.6377952755906 2823.6220472440946 166.9291338582677 69.29133858267717 Le
1181.1023622047244 2823.6220472440946 335.43307086614175 69.29133858267717 troupeau
1431.4960629921259 2823.6220472440946 166.9291338582677 69.29133858267717 se
1516.5354330708662 2823.6220472440946 362.20472440944883 69.29133858267717 resserre,
1795.275590551181 2823.6220472440946 166.9291338582677 69.29133858267717 et
1878.740157480315 2823.6220472440946 166.9291338582677 69.29133858267717 sa
1962.2047244094488 2823.6220472440946 307.0866141732283 69.29133858267717 visible
2157.48031496063 2823.6220472440946 251.96850393700788 69.29133858267717 haleine

1039.3700787401574 2883.464566929134 148.03149606299212 62.99212598425197 «
1099.2125984251968 2883.464566929134 206.29921259842519 62.99212598425197 Lui
1217.3228346456692 2883.464566929134 266.1417322834646 62.99212598425197 trace
1393.7007874015749 2883.464566929134 266.1417322834646 62.99212598425197 comme
1571.6535433070867 2883.464566929134 177.95275590551182 62.99212598425197 un
1659.8425196850394 2883.464566929134 266.1417322834646 62.99212598425197 nimbe
1837.7952755905512 2883.464566929134 206.29921259842519 62.99212598425197 aux
1955.9055118110236 2883.464566929134 296.06299212598424 62.99212598425197 rayons
2133.8582677165355 2883.464566929134 354.3307086614173 62.99212598425197 affaiblis,

1050.3937007874015 2932.283464566929 135.43307086614172 70.86614173228347 »
1103.9370078740158 2932.283464566929 190.5511811023622 70.86614173228347 Sur
1212.5984251968505 2932.283464566929 190.5511811023622 70.86614173228347 les
1322.8346456692914 2932.283464566929 245.66929133858267 70.86614173228347 fonds
1485.0393700787401 2932.283464566929 299.21259842519686 70.86614173228347 violets
1703.9370078740158 2932.283464566929 217.3228346456693 70.86614173228347 dans
1839.3700787401574 2932.283464566929 299.21259842519686 70.86614173228347 l’ombre
2029.9212598425197 2932.283464566929 327.5590551181102 70.86614173228347 ensevelis,

1042.5196850393702 2968.503937007874 146.45669291338584 86.61417322834646 »
1102.3622047244094 2968.503937007874 174.8031496062992 86.61417322834646 Où
1188.976377952756 2968.503937007874 321.25984251968504 86.61417322834646 dorment
1423.6220472440946 2968.503937007874 174.8031496062992 86.61417322834646 le
1510.236220472441 2968.503937007874 351.18110236220474 86.61417322834646 chardon,
1773.2283464566929 2968.503937007874 174.8031496062992 86.61417322834646 le
1861.4173228346456 2968.503937007874 262.99212598425197 86.61417322834646 thym,
2036.2204724409448 2968.503937007874 174.8031496062992 86.61417322834646 la
2094.488188976378 2968.503937007874 379.5275590551181 86.61417322834646 marjolaine.

1044.0944881889764 3029.9212598425197 141.73228346456693 77.16535433070867 «
1100.7874015748032 3029.9212598425197 228.3464566929134 77.16535433070867 Noir
1244.0944881889764 3029.9212598425197 313.38582677165357 77.16535433070867 fantôme
1470.8661417322835 3029.9212598425197 313.38582677165357 77.16535433070867 debout,
1699.2125984251968 3029.9212598425197 228.3464566929134 77.16535433070867 sous
1840.9448818897638 3029.9212598425197 171.6535433070866 77.16535433070867 le
1927.5590551181103 3029.9212598425197 313.38582677165357 77.16535433070867 manteau
2154.3307086614172 3029.9212598425197 171.6535433070866 77.16535433070867 de
2211.0236220472443 3029.9212598425197 228.3464566929134 77.16535433070867 laine,

1048.8188976377953 3111.8110236220473 137.00787401574803 69.29133858267717 «
1102.3622047244094 3111.8110236220473 163.7795275590551 69.29133858267717 Le
1184.251968503937 3111.8110236220473 272.4409448818898 69.29133858267717 berger
1376.3779527559054 3111.8110236220473 245.66929133858267 69.29133858267717 songe
1538.5826771653544 3111.8110236220473 163.7795275590551 69.29133858267717 et
1620.4724409448818 3111.8110236220473 218.89763779527559 69.29133858267717 boit
1757.4803149606298 3111.8110236220473 163.7795275590551 69.29133858267717 le
1839.3700787401574 3111.8110236220473 245.66929133858267 69.29133858267717 froid
2003.1496062992126 3111.8110236220473 190.5511811023622 69.29133858267717 des
2111.8110236220473 3111.8110236220473 218.89763779527559 69.29133858267717 airs
2220.472440944882 3111.8110236220473 218.89763779527559 69.29133858267717 pâlis.

1521.259842519685 3173.228346456693 116.53543307086615 88.18897637795276 «
1568.5039370078741 3173.228346456693 211.0236220472441 88.18897637795276 Jules
1708.6614173228347 3173.228346456693 258.26771653543307 88.18897637795276 BRETON,
1896.0629921259842 3173.228346456693 163.7795275590551 88.18897637795276 les
1990.5511811023623 3173.228346456693 234.64566929133858 88.18897637795276 Champs
2154.3307086614172 3173.228346456693 140.15748031496062 88.18897637795276 et
2223.6220472440946 3173.228346456693 140.15748031496062 88.18897637795276 la
2294.488188976378 3173.228346456693 351.18110236220474 88.18897637795276 Mer
2551.181102362205 3173.228346456693 70.86614173228347 88.18897637795276 »

922.8346456692914 3335.433070866142 519.6850393700787 91.33858267716535 DELAHOGUE
1322.8346456692914 3335.433070866142 519.6850393700787 91.33858267716535 (Alexis),
1722.8346456692914 3335.433070866142 239.37007874015748 91.33858267716535 né
1842.5196850393702 3335.433070866142 200.0 91.33858267716535 à
1921.259842519685 3335.433070866142 519.6850393700787 91.33858267716535 Soissons.
2321.259842519685 3335.433070866142 200.0 91.33858267716535 —
2401.5748031496064 3335.433070866142 280.31496062992125 91.33858267716535 Rue
2521.259842519685 3335.433070866142 160.62992125984252 91.33858267716535 du

993.7007874015748 3401.5748031496064 878.7401574803149 116.53543307086615 Faubourg-Poissonnière,
1770.0787401574803 3401.5748031496064 203.1496062992126 116.53543307086615 9,
1837.7952755905512 3401.5748031496064 270.86614173228344 116.53543307086615 Paris.

737.007874015748 3503.9370078740158 381.1023622047244 122.83464566929133 167
1029.9212598425197 3503.9370078740158 351.18110236220474 122.83464566929133 Portrait
1294.4881889763778 3503.9370078740158 176.3779527559055 122.83464566929133 de
1381.1023622047244 3503.9370078740158 176.3779527559055 122.83464566929133 M.
1469.291338582677 3503.9370078740158 176.3779527559055 122.83464566929133 E.
1527.5590551181103 3503.9370078740158 176.3779527559055 122.83464566929133 G...

743.3070866141733 3598.4251968503936 423.62204724409446 151.1811023622047 168
1081.8897637795276 3598.4251968503936 255.11811023622047 151.1811023622047 Bords
1251.9685039370079 3598.4251968503936 170.07874015748033 151.1811023622047 de
1337.007874015748 3598.4251968503936 170.07874015748033 151.1811023622047 la
1422.0472440944882 3598.4251968503936 255.11811023622047 151.1811023622047 Seine
1592.1259842519685 3598.4251968503936 141.73228346456693 151.1811023622047 à
1618.8976377952756 3598.4251968503936 255.11811023622047 151.1811023622047 Poissy.

925.9842519685039 3776.3779527559054 521.2598425196851 96.06299212598425 DELAHOGUE
1325.984251968504 3776.3779527559054 521.2598425196851 96.06299212598425 (Eugène),
1727.5590551181103 3776.3779527559054 240.9448818897638 96.06299212598425 né
1848.8188976377953 3776.3779527559054 200.0 96.06299212598425 à
1929.1338582677165 3776.3779527559054 521.2598425196851 96.06299212598425 Soissons.
2330.7086614173227 3776.3779527559054 200.0 96.06299212598425 —
2411.0236220472443 3776.3779527559054 280.31496062992125 96.06299212598425 Rue
2530.7086614173227 3776.3779527559054 160.62992125984252 96.06299212598425 du

1003.1496062992126 3847.244094488189 880.3149606299213 105.51181102362204 Faubourg-Poissonnière,
1781.1023622047244 3847.244094488189 236.2204724409449 105.51181102362204 29,
1881.8897637795276 3847.244094488189 270.86614173228344 105.51181102362204 Paris.

748.0314960629921 3938.582677165354 423.62204724409446 116.53543307086615 169
1086.6141732283465 3938.582677165354 255.11811023622047 116.53543307086615 Bords
1256.6929133858268 3938.582677165354 170.07874015748033 116.53543307086615 de
1341.732283464567 3938.582677165354 170.07874015748033 116.53543307086615 la
1426.7716535433071 3938.582677165354 255.11811023622047 116.53543307086615 Marne
1596.8503937007874 3938.582677165354 141.73228346456693 116.53543307086615 à
1625.1968503937007 3938.582677165354 283.46456692913387 116.53543307086615 Créteil.
