3146.4566929133857 4959.055118110236
1100.7874015748032 633.0708661417323 439.37007874015745 105.51181102362204 PEINTURE.

2143.3070866141734 636.2204724409448 163.7795275590551 85.03937007874016 31

562.2047244094488 822.0472440944882 485.03937007874015 97.63779527559055 DELASALLE
935.4330708661417 822.0472440944882 335.43307086614175 97.63779527559055 (Mlle
1159.0551181102362 822.0472440944882 447.244094488189 97.63779527559055 Angèle),
1496.0629921259842 822.0472440944882 261.4173228346457 97.63779527559055 née
1644.0944881889764 822.0472440944882 185.82677165354332 97.63779527559055 à
1719.6850393700788 822.0472440944882 373.2283464566929 97.63779527559055 Paris,
1981.1023622047244 822.0472440944882 335.43307086614175 97.63779527559055 élève
2166.9291338582675 822.0472440944882 149.60629921259843 97.63779527559055 de

633.0708661417323 899.2125984251968 245.66929133858267 77.16535433070867 MM.
773.2283464566929 899.2125984251968 456.6929133858268 77.16535433070867 Boulanger
1124.4094488188975 899.2125984251968 211.0236220472441 77.16535433070867 et
1229.9212598425197 899.2125984251968 211.0236220472441 77.16535433070867 J.
1335.4330708661416 899.2125984251968 456.6929133858268 77.16535433070867 Lefebvre.
1686.6141732283465 899.2125984251968 174.8031496062992 77.16535433070867 —
1755.9055118110236 899.2125984251968 245.66929133858267 77.16535433070867 Rue
1896.0629921259842 899.2125984251968 211.0236220472441 77.16535433070867 de
1966.9291338582677 899.2125984251968 351.18110236220474 77.16535433070867 l’Homme-

626.7716535433071 963.7795275590552 310.23622047244095 89.76377952755905 Armé,
834.6456692913385 963.7795275590552 207.8740157480315 89.76377952755905 4,
903.9370078740158 963.7795275590552 275.59055118110234 89.76377952755905 Paris.

376.37795275590554 1037.7952755905512 450.3937007874016 118.11023622047244 170
737.007874015748 1037.7952755905512 360.62992125984255 118.11023622047244 Portrait
1006.2992125984252 1037.7952755905512 179.5275590551181 118.11023622047244 de
1097.6377952755906 1037.7952755905512 209.4488188976378 118.11023622047244 Mme
1217.3228346456692 1037.7952755905512 179.5275590551181 118.11023622047244 la
1307.0866141732283 1037.7952755905512 330.70866141732284 118.11023622047244 baronne
1518.1102362204724 1037.7952755905512 179.5275590551181 118.11023622047244 Dü*.

379.5275590551181 1159.0551181102362 409.4488188976378 130.70866141732284 171
707.0866141732283 1159.0551181102362 274.01574803149606 130.70866141732284 Nature
870.8661417322835 1159.0551181102362 218.89763779527559 130.70866141732284 morte.

571.6535433070866 1299.2125984251968 431.496062992126 113.38582677165354 DELATTRE
894.488188976378 1299.2125984251968 466.1417322834646 113.38582677165354 (Joseph),
1253.5433070866143 1299.2125984251968 215.748031496063 113.38582677165354 né
1362.2047244094488 1299.2125984251968 179.5275590551181 113.38582677165354 à
1433.0708661417323 1299.2125984251968 788.9763779527559 113.38582677165354 Déville-lès-Rouen,
2078.740157480315 1299.2125984251968 251.96850393700788 113.38582677165354 élève

636.2204724409448 1373.2283464566929 222.04724409448818 80.31496062992126 de
746.4566929133858 1373.2283464566929 258.26771653543307 80.31496062992126 MM.
894.488188976378 1373.2283464566929 368.503937007874 80.31496062992126 Gérôme
1151.1811023622047 1373.2283464566929 222.04724409448818 80.31496062992126 et
1262.992125984252 1373.2283464566929 368.503937007874 80.31496062992126 Lebel;
1521.259842519685 1373.2283464566929 294.48818897637796 80.31496062992126 méd.
1705.5118110236222 1373.2283464566929 406.2992125984252 80.31496062992126 d’arg.,
2000.0 1373.2283464566929 368.503937007874 80.31496062992126 Rouen.
2222.047244094488 1373.2283464566929 110.23622047244095 80.31496062992126 —

636.2204724409448 1420.4724409448818 601.5748031496063 99.21259842519684 Grande-Route,
1130.708661417323 1420.4724409448818 283.46456692913387 99.21259842519684 163,
1307.0866141732283 1420.4724409448818 176.3779527559055 99.21259842519684 à
1377.9527559055118 1420.4724409448818 777.9527559055118 99.21259842519684 Déville-lès-Rouen,
2048.818897637795 1420.4724409448818 212.5984251968504 99.21259842519684 et
2119.685039370079 1420.4724409448818 212.5984251968504 99.21259842519684 chez

640.9448818897638 1496.0629921259842 207.8740157480315 118.11023622047244 M.
744.8818897637796 1496.0629921259842 381.1023622047244 118.11023622047244 Thomas,
1022.0472440944882 1496.0629921259842 450.3937007874016 118.11023622047244 boulevard
1368.5039370078741 1496.0629921259842 554.3307086614174 118.11023622047244 Malesherbes,
1820.4724409448818 1496.0629921259842 242.51968503937007 118.11023622047244 43,
1924.4094488188975 1496.0629921259842 277.1653543307087 118.11023622047244 Paris.

385.8267716535433 1593.7007874015749 423.62204724409446 116.53543307086615 172
724.4094488188977 1593.7007874015749 338.5826771653543 116.53543307086615 Portrait
977.9527559055118 1593.7007874015749 168.50393700787401 116.53543307086615 de
1062.992125984252 1593.7007874015749 196.8503937007874 116.53543307086615 mon
1148.0314960629921 1593.7007874015749 196.8503937007874 116.53543307086615 père.

392.12598425196853 1699.2125984251968 349.6062992125984 119.68503937007874 173
642.5196850393701 1699.2125984251968 248.8188976377953 119.68503937007874 Jardins.

1566.9291338582677 1740.1574803149606 314.96062992125985 122.83464566929133 (Voir
1803.1496062992126 1740.1574803149606 184.251968503937 122.83464566929133 aux
1881.8897637795276 1740.1574803149606 393.7007874015748 122.83464566929133 Dessins)

584.2519685039371 1886.6141732283465 261.4173228346457 116.53543307086615 DEL
733.8582677165355 1886.6141732283465 335.43307086614175 116.53543307086615 SARTE
957.4803149606299 1886.6141732283465 299.21259842519686 116.53543307086615 (Mme
1144.8818897637796 1886.6141732283465 820.4724409448819 116.53543307086615 Marie-Magdeleine),
1853.5433070866143 1886.6141732283465 261.4173228346457 116.53543307086615 née
2003.1496062992126 1886.6141732283465 185.82677165354332 116.53543307086615 à
2039.3700787401574 1886.6141732283465 299.21259842519686 116.53543307086615 Paris,

650.3937007874016 1981.1023622047244 316.53543307086613 78.74015748031496 élève
861.4173228346457 1981.1023622047244 211.0236220472441 78.74015748031496 de
966.9291338582677 1981.1023622047244 247.24409448818898 78.74015748031496 MM.
1108.6614173228347 1981.1023622047244 281.8897637795276 78.74015748031496 Tony
1285.0393700787401 1981.1023622047244 600.0 78.74015748031496 Robert-Fleury
1777.9527559055118 1981.1023622047244 211.0236220472441 78.74015748031496 et
1883.4645669291338 1981.1023622047244 211.0236220472441 78.74015748031496 J.
1954.3307086614172 1981.1023622047244 387.40157480314963 78.74015748031496 Lefebvre;

653.5433070866142 2033.0708661417323 198.4251968503937 137.00787401574803 M.
752.7559055118111 2033.0708661417323 231.49606299212599 137.00787401574803 H.,
885.0393700787401 2033.0708661417323 330.70866141732284 137.00787401574803 Paris,
1116.5354330708662 2033.0708661417323 297.6377952755906 137.00787401574803 1886.
1314.9606299212599 2033.0708661417323 165.35433070866142 137.00787401574803 —
1381.1023622047244 2033.0708661417323 429.9212598425197 137.00787401574803 Boulevard
1711.8110236220473 2033.0708661417323 198.4251968503937 137.00787401574803 de
1811.023622047244 2033.0708661417323 496.06299212598424 137.00787401574803 Courcelles,
2174.803149606299 2033.0708661417323 165.35433070866142 137.00787401574803 88,

614.1732283464567 2127.5590551181103 272.4409448818898 103.93700787401575 Paris.

395.2755905511811 2195.2755905511813 445.6692913385827 114.96062992125984 174
751.1811023622047 2195.2755905511813 355.90551181102364 114.96062992125984 Grenades
1018.8976377952756 2195.2755905511813 177.95275590551182 114.96062992125984 et
1078.740157480315 2195.2755905511813 474.01574803149606 114.96062992125984 chrysanthèmes.

1573.2283464566929 2275.5905511811025 311.81102362204723 122.83464566929133 (Voir
1807.8740157480315 2275.5905511811025 182.6771653543307 122.83464566929133 aux
1886.6141732283465 2275.5905511811025 390.5511811023622 122.83464566929133 Dessins)

587.4015748031496 2422.047244094488 343.3070866141732 110.23622047244095 DENET
815.7480314960629 2422.047244094488 533.8582677165355 110.23622047244095 (Charles),
1236.2204724409448 2422.047244094488 228.3464566929134 110.23622047244095 né
1351.1811023622047 2422.047244094488 190.5511811023622 110.23622047244095 à
1426.7716535433071 2422.047244094488 381.1023622047244 110.23622047244095 Evreux
1694.4881889763778 2422.047244094488 420.4724409448819 110.23622047244095 (Eure),
2000.0 2422.047244094488 343.3070866141732 110.23622047244095 élève
2190.551181102362 2422.047244094488 152.75590551181102 110.23622047244095 de

655.1181102362204 2525.984251968504 206.29921259842519 70.86614173228347 M.
759.0551181102362 2525.984251968504 377.9527559055118 70.86614173228347 Bonnat;
1033.0708661417323 2525.984251968504 310.23622047244095 70.86614173228347 méd.,
1239.3700787401574 2525.984251968504 343.3070866141732 70.86614173228347 Dijon,
1480.3149606299212 2525.984251968504 447.244094488189 70.86614173228347 Chaumont,
1825.1968503937007 2525.984251968504 343.3070866141732 70.86614173228347 Nîmes,
2031.4960629921259 2525.984251968504 310.23622047244095 70.86614173228347 Evreux,

656.6929133858267 2568.503937007874 388.9763779527559 94.48818897637796 Londres.
949.6062992125984 2568.503937007874 162.20472440944883 94.48818897637796 —
1014.1732283464567 2568.503937007874 226.77165354330708 94.48818897637796 Rue
1143.3070866141732 2568.503937007874 195.2755905511811 94.48818897637796 de
1240.9448818897638 2568.503937007874 422.0472440944882 94.48818897637796 Jouffroy,
1565.3543307086613 2568.503937007874 195.2755905511811 94.48818897637796 2,
1662.992125984252 2568.503937007874 324.40944881889766 94.48818897637796 Paris,
1889.763779527559 2568.503937007874 195.2755905511811 94.48818897637796 et
1987.4015748031495 2568.503937007874 226.77165354330708 94.48818897637796 rue
2083.464566929134 2568.503937007874 259.84251968503935 94.48818897637796 Saint-

650.3937007874016 2645.6692913385828 343.3070866141732 129.13385826771653 Léger,
891.3385826771654 2645.6692913385828 240.9448818897638 129.13385826771653 38,
995.2755905511812 2645.6692913385828 310.23622047244095 129.13385826771653 Evreux.

403.1496062992126 2749.6062992125985 373.2283464566929 116.53543307086615 175
702.3622047244095 2749.6062992125985 124.40944881889764 116.53543307086615 A
751.1811023622047 2749.6062992125985 149.60629921259843 116.53543307086615 la
801.5748031496063 2749.6062992125985 248.8188976377953 116.53543307086615 cuisine.

401.5748031496063 2848.818897637795 355.90551181102364 108.66141732283465 176
661.4173228346457 2848.818897637795 285.03937007874015 108.66141732283465 Portraits.

588.9763779527559 2992.1259842519685 343.3070866141732 91.33858267716535 DERONS
829.9212598425197 2992.1259842519685 412.59842519685037 91.33858267716535 (Félix),
1138.5826771653544 2992.1259842519685 206.29921259842519 91.33858267716535 né
1242.5196850393702 2992.1259842519685 171.6535433070866 91.33858267716535 à
1310.236220472441 2992.1259842519685 514.9606299212599 91.33858267716535 Charleville
1722.8346456692914 2992.1259842519685 514.9606299212599 91.33858267716535 (Ardennes),
2100.787401574803 2992.1259842519685 240.9448818897638 91.33858267716535 élève

653.5433070866142 3077.165354330709 198.4251968503937 66.14173228346456 de
752.7559055118111 3077.165354330709 363.7795275590551 66.14173228346456 l’Ecole
1017.3228346456693 3077.165354330709 231.49606299212599 66.14173228346456 des
1149.6062992125985 3077.165354330709 462.99212598425197 66.14173228346456 Beaux-Arts
1513.3858267716535 3077.165354330709 198.4251968503937 66.14173228346456 et
1614.1732283464567 3077.165354330709 198.4251968503937 66.14173228346456 de
1713.3858267716535 3077.165354330709 231.49606299212599 66.14173228346456 MM.
1845.6692913385828 3077.165354330709 330.70866141732284 66.14173228346456 Hébert
2077.165354330709 3077.165354330709 198.4251968503937 66.14173228346456 et
2143.3070866141734 3077.165354330709 198.4251968503937 66.14173228346456 Bou-

655.1181102362204 3124.4094488188975 371.65354330708664 99.21259842519684 langer.
924.4094488188977 3124.4094488188975 168.50393700787401 99.21259842519684 —
992.1259842519685 3124.4094488188975 303.93700787401576 99.21259842519684 Place
1195.275590551181 3124.4094488188975 744.8818897637796 99.21259842519684 Denfert-Rochereau,
1839.3700787401574 3124.4094488188975 236.2204724409449 99.21259842519684 24,
1940.1574803149606 3124.4094488188975 270.86614173228344 99.21259842519684 Paris.

404.7244094488189 3225.196850393701 385.8267716535433 108.66141732283465 177
713.3858267716536 3225.196850393701 206.29921259842519 108.66141732283465 Tête
842.5196850393701 3225.196850393701 154.33070866141733 108.66141732283465 de
919.6850393700787 3225.196850393701 231.49606299212599 108.66141732283465 jeune
1047.244094488189 3225.196850393701 206.29921259842519 108.66141732283465 fille.

588.9763779527559 3366.9291338582675 801.5748031496063 100.78740157480316 DESCAMPS-SABOURET
1275.5905511811025 3366.9291338582675 343.3070866141732 100.78740157480316 (Mlle
1503.9370078740158 3366.9291338582675 724.4094488188977 100.78740157480316 Louisa-Cécile),
2114.9606299212596 3366.9291338582675 267.7165354330709 100.78740157480316 née
2228.3464566929133 3366.9291338582675 114.96062992125984 100.78740157480316 à

651.9685039370079 3459.8425196850394 374.8031496062992 72.44094488188976 Paris,
914.9606299212599 3459.8425196850394 337.00787401574803 72.44094488188976 élève
1140.1574803149606 3459.8425196850394 225.1968503937008 72.44094488188976 de
1251.9685039370079 3459.8425196850394 225.1968503937008 72.44094488188976 M.
1365.3543307086613 3459.8425196850394 300.78740157480314 72.44094488188976 Tony
1552.755905511811 3459.8425196850394 675.5905511811023 72.44094488188976 Robert-Fleury;
2077.165354330709 3459.8425196850394 262.99212598425197 72.44094488188976 méd.,

651.9685039370079 3511.8110236220473 359.0551181102362 88.18897637795276 Tours,
903.9370078740158 3511.8110236220473 503.93700787401576 88.18897637795276 Rochefort,
1299.2125984251968 3511.8110236220473 467.7165354330709 88.18897637795276 Beauvais,
1658.267716535433 3511.8110236220473 503.93700787401576 88.18897637795276 Cherbourg,
2018.8976377952756 3511.8110236220473 322.8346456692913 88.18897637795276 Rennes;

658.2677165354331 3573.228346456693 316.53543307086613 94.48818897637796 dipl.
869.2913385826772 3573.228346456693 387.40157480314963 94.48818897637796 d’hon.,
1149.6062992125985 3573.228346456693 492.9133858267717 94.48818897637796 Cherbourg;
1537.007874015748 3573.228346456693 211.0236220472441 94.48818897637796 M.
1642.5196850393702 3573.228346456693 245.66929133858267 94.48818897637796 H.,
1784.251968503937 3573.228346456693 351.18110236220474 94.48818897637796 Dijon,
2029.9212598425197 3573.228346456693 316.53543307086613 94.48818897637796 blanc
2206.299212598425 3573.228346456693 140.15748031496062 94.48818897637796 et

661.4173228346457 3645.6692913385828 291.33858267716533 107.08661417322834 noir,
856.6929133858267 3645.6692913385828 324.40944881889766 107.08661417322834 Paris.
1083.4645669291338 3645.6692913385828 162.20472440944883 107.08661417322834 —
1148.0314960629921 3645.6692913385828 226.77165354330708 107.08661417322834 Rue
1277.1653543307086 3645.6692913385828 193.70078740157481 107.08661417322834 de
1374.8031496062993 3645.6692913385828 193.70078740157481 107.08661417322834 la
1472.4409448818897 3645.6692913385828 551.1811023622047 107.08661417322834 Présentation,
1925.984251968504 3645.6692913385828 193.70078740157481 107.08661417322834 11
1990.5511811023623 3645.6692913385828 355.90551181102364 107.08661417322834 (faubourg

658.2677165354331 3711.8110236220473 209.4488188976378 129.13385826771653 du
762.2047244094488 3711.8110236220473 418.8976377952756 129.13385826771653 Temple),
1042.5196850393702 3711.8110236220473 278.74015748031496 129.13385826771653 Paris.

407.87401574803147 3790.551181102362 354.3307086614173 119.68503937007874 178
667.7165354330708 3790.551181102362 236.2204724409449 119.68503937007874 Dessert.

406.2992125984252 3907.0866141732286 401.5748031496063 124.40944881889764 179
727.5590551181102 3907.0866141732286 240.9448818897638 124.40944881889764 Avant
888.1889763779527 3907.0866141732286 187.4015748031496 124.40944881889764 les
968.503937007874 3907.0866141732286 348.0314960629921 124.40944881889764 confitures.
