3146.4566929133857 4959.055118110236
1001.5748031496063 667.7165354330708 440.9448818897638 99.21259842519684 PEINTURE.

2045.6692913385828 650.3937007874016 173.22834645669292 114.96062992125984 47

455.11811023622045 814.1732283464567 440.9448818897638 138.58267716535434 LANDELLE
785.8267716535433 814.1732283464567 514.9606299212599 138.58267716535434 (Charles),
1190.5511811023623 814.1732283464567 220.4724409448819 138.58267716535434 né
1300.7874015748032 814.1732283464567 184.251968503937 138.58267716535434 à
1374.8031496062993 814.1732283464567 368.503937007874 138.58267716535434 Laval,
1631.4960629921259 814.1732283464567 330.70866141732284 138.58267716535434 élève
1851.9685039370079 814.1732283464567 220.4724409448819 138.58267716535434 de
1962.2047244094488 814.1732283464567 220.4724409448819 138.58267716535434 P.
2036.2204724409448 814.1732283464567 184.251968503937 138.58267716535434 De-

524.4094488188977 924.4094488188977 376.37795275590554 70.86614173228347 laroche;
806.2992125984252 924.4094488188977 250.39370078740157 70.86614173228347 méd.
963.7795275590552 924.4094488188977 188.9763779527559 70.86614173228347 3e
1058.267716535433 924.4094488188977 250.39370078740157 70.86614173228347 cl.,
1214.1732283464567 924.4094488188977 313.38582677165357 70.86614173228347 Paris,
1434.6456692913387 924.4094488188977 281.8897637795276 70.86614173228347 1842;
1622.0472440944882 924.4094488188977 250.39370078740157 70.86614173228347 méd.
1779.5275590551182 924.4094488188977 188.9763779527559 70.86614173228347 2e
1874.015748031496 924.4094488188977 250.39370078740157 70.86614173228347 cl.,
2000.0 924.4094488188977 218.89763779527559 70.86614173228347 1845;

535.4330708661417 982.6771653543307 220.4724409448819 96.06299212598425 méd.
674.0157480314961 982.6771653543307 193.70078740157481 96.06299212598425 1re
784.2519685039371 982.6771653543307 220.4724409448819 96.06299212598425 cl.,
922.8346456692914 982.6771653543307 248.8188976377953 96.06299212598425 1848;
1116.5354330708662 982.6771653543307 248.8188976377953 96.06299212598425 1855;
1281.8897637795276 982.6771653543307 248.8188976377953 96.06299212598425 H.
1447.244094488189 982.6771653543307 275.59055118110234 96.06299212598425 C.
1640.9448818897638 982.6771653543307 138.58267716535434 96.06299212598425 —
1696.0629921259842 982.6771653543307 220.4724409448819 96.06299212598425 Quai
1834.6456692913387 982.6771653543307 359.0551181102362 96.06299212598425 Voltaire,
2081.8897637795276 982.6771653543307 138.58267716535434 96.06299212598425 12,

499.21259842519686 1055.1181102362204 272.4409448818898 96.06299212598425 Paris.

277.1653543307087 1137.007874015748 436.2204724409449 129.13385826771653 349
625.1968503937007 1137.007874015748 261.4173228346457 129.13385826771653 Juive
800.0 1137.007874015748 174.8031496062992 129.13385826771653 de
886.6141732283464 1137.007874015748 289.76377952755905 129.13385826771653 Tanger
1061.4173228346456 1137.007874015748 289.76377952755905 129.13385826771653 (Maroc).

274.01574803149606 1258.267716535433 470.86614173228344 127.55905511811024 350
650.3937007874016 1258.267716535433 188.9763779527559 127.55905511811024 La
744.8818897637796 1258.267716535433 313.38582677165357 127.55905511811024 petite
965.3543307086615 1258.267716535433 281.8897637795276 127.55905511811024 pomme
1152.755905511811 1258.267716535433 281.8897637795276 127.55905511811024 verte
1341.732283464567 1258.267716535433 313.38582677165357 127.55905511811024 (jeune
1560.6299212598426 1258.267716535433 376.37795275590554 127.55905511811024 Normande
1812.5984251968505 1258.267716535433 407.87401574803147 127.55905511811024 d’Etretat).

1461.4173228346456 1387.4015748031495 310.23622047244095 143.30708661417322 (Voir
1692.9133858267717 1387.4015748031495 181.10236220472441 143.30708661417322 aux
1770.0787401574803 1387.4015748031495 387.40157480314963 143.30708661417322 Dessins)

455.11811023622045 1522.8346456692914 519.6850393700787 110.23622047244095 LANDELLE
844.0944881889764 1522.8346456692914 606.2992125984252 110.23622047244095 (Georges),
1321.259842519685 1522.8346456692914 259.84251968503935 110.23622047244095 né
1450.3937007874015 1522.8346456692914 217.3228346456693 110.23622047244095 à
1537.007874015748 1522.8346456692914 433.07086614173227 110.23622047244095 Paris,
1840.9448818897638 1522.8346456692914 390.5511811023622 110.23622047244095 élève
2056.6929133858266 1522.8346456692914 173.22834645669292 110.23622047244095 de

530.7086614173228 1615.748031496063 258.26771653543307 94.48818897637796 MM.
677.1653543307086 1615.748031496063 404.7244094488189 94.48818897637796 Cabanel
971.6535433070866 1615.748031496063 220.4724409448819 94.48818897637796 et
1083.4645669291338 1615.748031496063 478.74015748031496 94.48818897637796 Landelle.
1451.9685039370079 1615.748031496063 184.251968503937 94.48818897637796 —
1524.4094488188975 1615.748031496063 294.48818897637796 94.48818897637796 Quai
1708.6614173228347 1615.748031496063 478.74015748031496 94.48818897637796 Voltaire,
2040.9448818897638 1615.748031496063 184.251968503937 94.48818897637796 17,

496.06299212598424 1688.1889763779527 285.03937007874015 86.61417322834646 Paris.

274.01574803149606 1774.8031496062993 451.9685039370079 107.08661417322834 351
634.6456692913385 1774.8031496062993 300.78740157480314 107.08661417322834 Petite
845.6692913385826 1774.8031496062993 330.70866141732284 107.08661417322834 fileuse
1086.6141732283465 1774.8031496062993 181.10236220472441 107.08661417322834 au
1177.9527559055118 1774.8031496062993 270.86614173228344 107.08661417322834 rouet
1359.0551181102362 1774.8031496062993 392.12598425196853 107.08661417322834 (souvenir
1659.8425196850394 1774.8031496062993 181.10236220472441 107.08661417322834 de
1719.6850393700788 1774.8031496062993 392.12598425196853 107.08661417322834 Normandie).

456.6929133858268 1929.1338582677165 401.5748031496063 86.61417322834646 LANDRÉ
738.5826771653543 1929.1338582677165 362.20472440944883 86.61417322834646 (Mlle
979.5275590551181 1929.1338582677165 481.8897637795276 86.61417322834646 Louise),
1341.732283464567 1929.1338582677165 281.8897637795276 86.61417322834646 née
1502.3622047244094 1929.1338582677165 201.5748031496063 86.61417322834646 à
1582.6771653543308 1929.1338582677165 401.5748031496063 86.61417322834646 Paris,
1864.5669291338584 1929.1338582677165 362.20472440944883 86.61417322834646 élève
2066.1417322834645 1929.1338582677165 160.62992125984252 86.61417322834646 de

527.5590551181102 2004.724409448819 283.46456692913387 94.48818897637796 MM.
689.7637795275591 2004.724409448819 485.03937007874015 94.48818897637796 Chaplin,
1053.5433070866143 2004.724409448819 445.6692913385827 94.48818897637796 Barrias
1377.9527559055118 2004.724409448819 242.51968503937007 94.48818897637796 et
1499.2125984251968 2004.724409448819 485.03937007874015 94.48818897637796 Foubert.
1864.5669291338584 2004.724409448819 203.1496062992126 94.48818897637796 —
1944.8818897637796 2004.724409448819 283.46456692913387 94.48818897637796 Rue
2066.1417322834645 2004.724409448819 162.20472440944883 94.48818897637796 du

532.2834645669292 2072.4409448818897 907.0866141732283 103.93700787401575 Faubourg-Saint-Honoré,
1333.8582677165355 2072.4409448818897 278.74015748031496 103.93700787401575 233,
1474.015748031496 2072.4409448818897 278.74015748031496 103.93700787401575 Paris.

277.1653543307087 2176.3779527559054 464.56692913385825 105.51181102362204 352
650.3937007874016 2176.3779527559054 278.74015748031496 105.51181102362204 Jeune
836.2204724409448 2176.3779527559054 278.74015748031496 105.51181102362204 femme
1022.0472440944882 2176.3779527559054 371.65354330708664 105.51181102362204 lutinant
1300.7874015748032 2176.3779527559054 185.82677165354332 105.51181102362204 un
1363.7795275590552 2176.3779527559054 278.74015748031496 105.51181102362204 masque.

281.8897637795276 2294.488188976378 400.0 113.38582677165354 353
601.5748031496063 2294.488188976378 185.82677165354332 113.38582677165354 Mme
681.8897637795276 2294.488188976378 212.5984251968504 113.38582677165354 Angot.

467.7165354330709 2437.7952755905512 412.59842519685037 97.63779527559055 LANGLOIS
777.9527559055118 2437.7952755905512 275.59055118110234 97.63779527559055 (Mme
949.6062992125984 2437.7952755905512 481.8897637795276 97.63779527559055 Joséphine,
1329.1338582677165 2437.7952755905512 240.9448818897638 97.63779527559055 née
1466.1417322834645 2437.7952755905512 412.59842519685037 97.63779527559055 Roelly),
1776.3779527559054 2437.7952755905512 240.9448818897638 97.63779527559055 née
1913.3858267716535 2437.7952755905512 171.6535433070866 97.63779527559055 à
1948.0314960629921 2437.7952755905512 275.59055118110234 97.63779527559055 Paris,

529.1338582677165 2513.3858267716537 348.0314960629921 74.01574803149606 élève
762.2047244094488 2513.3858267716537 231.49606299212599 74.01574803149606 de
877.1653543307086 2513.3858267716537 270.86614173228344 74.01574803149606 MM.
1031.4960629921259 2513.3858267716537 308.66141732283467 74.01574803149606 Abel
1225.1968503937007 2513.3858267716537 348.0314960629921 74.01574803149606 Lucas
1456.6929133858268 2513.3858267716537 231.49606299212599 74.01574803149606 et
1571.6535433070867 2513.3858267716537 308.66141732283467 74.01574803149606 Léon
1765.3543307086613 2513.3858267716537 502.3622047244094 74.01574803149606 Perrault.
2111.8110236220473 2513.3858267716537 116.53543307086615 74.01574803149606 —

532.2834645669292 2582.6771653543306 242.51968503937007 94.48818897637796 Rue
670.8661417322835 2582.6771653543306 346.45669291338584 94.48818897637796 Pajou,
913.3858267716536 2582.6771653543306 242.51968503937007 94.48818897637796 18,
1017.3228346456693 2582.6771653543306 486.61417322834643 94.48818897637796 Passy

281.8897637795276 2680.314960629921 417.3228346456693 125.98425196850394 354
588.9763779527559 2680.314960629921 444.09448818897636 125.98425196850394 Contemplation.

469.29133858267716 2844.0944881889764 387.40157480314963 80.31496062992126 LANSYER
749.6062992125984 2844.0944881889764 527.5590551181102 80.31496062992126 (Emmanuel),
1173.2283464566929 2844.0944881889764 211.0236220472441 80.31496062992126 né
1278.740157480315 2844.0944881889764 176.3779527559055 80.31496062992126 à
1348.0314960629921 2844.0944881889764 316.53543307086613 80.31496062992126 l’ile
1559.0551181102362 2844.0944881889764 211.0236220472441 80.31496062992126 de
1664.5669291338584 2844.0944881889764 316.53543307086613 80.31496062992126 Bouin
1840.9448818897638 2844.0944881889764 387.40157480314963 80.31496062992126 (Vendée),

538.5826771653543 2924.4094488188975 286.61417322834643 67.71653543307086 élève
729.1338582677165 2924.4094488188975 192.1259842519685 67.71653543307086 de
825.1968503937007 2924.4094488188975 192.1259842519685 67.71653543307086 E.
921.2598425196851 2924.4094488188975 606.2992125984252 67.71653543307086 Viollet-le-Duc,
1431.4960629921259 2924.4094488188975 192.1259842519685 67.71653543307086 de
1527.5590551181103 2924.4094488188975 351.18110236220474 67.71653543307086 Courbet
1782.6771653543308 2924.4094488188975 192.1259842519685 67.71653543307086 et
1877.1653543307086 2924.4094488188975 192.1259842519685 67.71653543307086 de
1973.2283464566929 2924.4094488188975 192.1259842519685 67.71653543307086 M.
2037.7952755905512 2924.4094488188975 192.1259842519685 67.71653543307086 Har-

533.8582677165355 2965.3543307086616 451.9685039370079 107.08661417322834 pignies;
872.4409448818898 2965.3543307086616 338.5826771653543 107.08661417322834 méd.,
1099.2125984251968 2965.3543307086616 716.5354330708661 107.08661417322834 1865-1869-1873;
1740.1574803149606 2965.3543307086616 338.5826771653543 107.08661417322834 1881.
1965.3543307086613 2965.3543307086616 188.9763779527559 107.08661417322834 —
2003.1496062992126 2965.3543307086616 226.77165354330708 107.08661417322834 Quai

540.1574803149606 3045.6692913385828 409.4488188976378 91.33858267716535 Bourbon,
847.2440944881889 3045.6692913385828 239.37007874015748 91.33858267716535 29,
951.1811023622047 3045.6692913385828 272.4409448818898 91.33858267716535 Paris.

285.03937007874015 3146.4566929133857 436.2204724409449 99.21259842519684 355
633.0708661417323 3146.4566929133857 174.8031496062992 99.21259842519684 La
719.6850393700787 3146.4566929133857 261.4173228346457 99.21259842519684 Sèvre
894.488188976378 3146.4566929133857 144.88188976377953 99.21259842519684 à
952.7559055118111 3146.4566929133857 319.68503937007875 99.21259842519684 Clisson
1155.9055118110236 3146.4566929133857 609.4488188976378 99.21259842519684 (Loire

278.74015748031496 3266.1417322834645 456.6929133858268 111.81102362204724 356
644.0944881889764 3266.1417322834645 212.5984251968504 111.81102362204724 Vue
765.3543307086615 3266.1417322834645 274.01574803149606 111.81102362204724 prise
948.0314960629921 3266.1417322834645 152.75590551181102 111.81102362204724 à
1009.4488188976378 3266.1417322834645 396.8503937007874 111.81102362204724 Beaulieu,
1314.9606299212599 3266.1417322834645 244.09448818897638 111.81102362204724 près
1466.1417322834645 3266.1417322834645 303.93700787401576 111.81102362204724 Loches
1648.8188976377953 3266.1417322834645 579.5275590551181 111.81102362204724 (Indre

469.29133858267716 3415.748031496063 220.4724409448819 111.81102362204724 LA
579.5275590551181 3415.748031496063 513.3858267716536 111.81102362204724 ROCHENOIRE
982.6771653543307 3415.748031496063 697.6377952755905 111.81102362204724 (Charles-Julien
1570.0787401574803 3415.748031496063 292.9133858267717 111.81102362204724 de),
1752.755905511811 3415.748031496063 220.4724409448819 111.81102362204724 né
1862.992125984252 3415.748031496063 220.4724409448819 111.81102362204724 au
1937.007874015748 3415.748031496063 292.9133858267717 111.81102362204724 Havre,

533.8582677165355 3486.6141732283463 324.40944881889766 92.91338582677166 élève
751.1811023622047 3486.6141732283463 215.748031496063 92.91338582677166 de
858.2677165354331 3486.6141732283463 324.40944881889766 92.91338582677166 Corot
1075.5905511811025 3486.6141732283463 215.748031496063 92.91338582677166 et
1184.251968503937 3486.6141732283463 215.748031496063 92.91338582677166 de
1291.3385826771653 3486.6141732283463 396.8503937007874 92.91338582677166 Troyon;
1581.1023622047244 3486.6141732283463 288.18897637795277 92.91338582677166 méd.
1760.6299212598426 3486.6141732283463 324.40944881889766 92.91338582677166 d’or,
1941.732283464567 3486.6141732283463 288.18897637795277 92.91338582677166 Rouen,

537.007874015748 3555.9055118110236 308.66141732283467 99.21259842519684 Caen,
743.3070866141733 3555.9055118110236 274.01574803149606 99.21259842519684 etc.
914.9606299212599 3555.9055118110236 171.6535433070866 99.21259842519684 —
982.6771653543307 3555.9055118110236 239.37007874015748 99.21259842519684 Rue
1119.6850393700788 3555.9055118110236 206.29921259842519 99.21259842519684 de
1222.0472440944882 3555.9055118110236 445.6692913385827 99.21259842519684 Provence,
1565.3543307086613 3555.9055118110236 239.37007874015748 99.21259842519684 66,
1667.716535433071 3555.9055118110236 274.01574803149606 99.21259842519684 Paris.

280.31496062992125 3659.8425196850394 472.4409448818898 140.15748031496062 357
658.2677165354331 3659.8425196850394 377.9527559055118 140.15748031496062 Marchand
941.7322834645669 3659.8425196850394 188.9763779527559 140.15748031496062 de
1036.2204724409448 3659.8425196850394 283.46456692913387 140.15748031496062 bœufs
1225.1968503937007 3659.8425196850394 314.96062992125985 140.15748031496062 allant
1444.0944881889764 3659.8425196850394 157.48031496062993 140.15748031496062 à
1507.0866141732283 3659.8425196850394 188.9763779527559 140.15748031496062 la
1601.5748031496064 3659.8425196850394 283.46456692913387 140.15748031496062 foire
1790.5511811023623 3659.8425196850394 346.45669291338584 140.15748031496062 (vallée
2042.5196850393702 3659.8425196850394 188.9763779527559 140.15748031496062 de
2105.511811023622 3659.8425196850394 125.98425196850394 140.15748031496062 la

503.93700787401576 3749.6062992125985 437.79527559055117 85.03937007874016 Toucques).

281.8897637795276 3807.8740157480315 480.31496062992125 146.45669291338584 358
666.1417322834645 3807.8740157480315 352.755905511811 146.45669291338584 Chevaux
921.2598425196851 3807.8740157480315 192.1259842519685 146.45669291338584 au
1017.3228346456693 3807.8740157480315 256.6929133858268 146.45669291338584 vert
1177.9527559055118 3807.8740157480315 223.6220472440945 146.45669291338584 sur
1305.5118110236222 3807.8740157480315 192.1259842519685 146.45669291338584 la
1401.5748031496064 3807.8740157480315 352.755905511811 146.45669291338584 falaise
1658.267716535433 3807.8740157480315 480.31496062992125 146.45669291338584 d’Octeville
2011.023622047244 3807.8740157480315 223.6220472440945 146.45669291338584 (Nor

503.93700787401576 3927.5590551181103 374.8031496062992 102.36220472440945 mandie).
