3078.740157480315 4959.055118110236
588.9763779527559 596.8503937007874 185.82677165354332 127.55905511811024 54

1390.5511811023623 614.1732283464567 433.07086614173227 121.25984251968504 PEINTURE.

845.6692913385826 790.5511811023622 335.43307086614175 108.66141732283465 LHOTE
1069.291338582677 790.5511811023622 447.244094488189 108.66141732283465 (Jules),
1406.2992125984251 790.5511811023622 223.6220472440945 108.66141732283465 né
1518.1102362204724 790.5511811023622 185.82677165354332 108.66141732283465 à
1592.1259842519685 790.5511811023622 784.2519685039371 108.66141732283465 Boulogne-sur-Mer,
2264.566929133858 790.5511811023622 335.43307086614175 108.66141732283465 élève
2450.3937007874015 790.5511811023622 149.60629921259843 108.66141732283465 de

910.2362204724409 874.0157480314961 337.00787401574803 80.31496062992126 Picot
1135.4330708661416 874.0157480314961 225.1968503937008 80.31496062992126 et
1248.8188976377953 874.0157480314961 225.1968503937008 80.31496062992126 de
1360.6299212598426 874.0157480314961 225.1968503937008 80.31496062992126 MM
1472.4409448818897 874.0157480314961 450.3937007874016 80.31496062992126 Verreaux
1811.023622047244 874.0157480314961 225.1968503937008 80.31496062992126 et
1922.8346456692914 874.0157480314961 412.59842519685037 80.31496062992126 Isabey;
2223.6220472440946 874.0157480314961 187.4015748031496 80.31496062992126 6
2297.6377952755906 874.0157480314961 300.78740157480314 80.31496062992126 méd.
2448.818897637795 874.0157480314961 149.60629921259843 80.31496062992126 de

907.0866141732283 937.007874015748 366.92913385826773 96.06299212598425 verm.,
1163.7795275590552 937.007874015748 366.92913385826773 96.06299212598425 d’arg.
1420.4724409448818 937.007874015748 220.4724409448819 96.06299212598425 et
1530.708661417323 937.007874015748 220.4724409448819 96.06299212598425 de
1639.3700787401574 937.007874015748 256.6929133858268 96.06299212598425 br.
1787.4015748031495 937.007874015748 513.3858267716536 96.06299212598425 (Boulogne,
2154.3307086614172 937.007874015748 439.37007874015745 96.06299212598425 Dunkerque,

907.0866141732283 1009.4488188976378 426.7716535433071 81.88976377952756 Amiens).
1228.3464566929133 1009.4488188976378 177.95275590551182 81.88976377952756 —
1299.2125984251968 1009.4488188976378 248.8188976377953 81.88976377952756 Rue
1440.9448818897638 1009.4488188976378 248.8188976377953 81.88976377952756 des
1582.6771653543308 1009.4488188976378 533.8582677165355 81.88976377952756 Cordeliers,
2009.4488188976377 1009.4488188976378 248.8188976377953 81.88976377952756 57,
2116.535433070866 1009.4488188976378 319.68503937007875 81.88976377952756 Amiens.

851.9685039370079 1075.5905511811025 395.2755905511811 143.30708661417322 421
1162.2047244094488 1075.5905511811025 310.23622047244095 143.30708661417322 Récolte
1388.976377952756 1075.5905511811025 170.07874015748033 143.30708661417322 du
1472.4409448818897 1075.5905511811025 281.8897637795276 143.30708661417322 varech
1670.8661417322835 1075.5905511811025 141.73228346456693 143.30708661417322 à
1727.5590551181103 1075.5905511811025 423.62204724409446 143.30708661417322 Arromanches
2037.7952755905512 1075.5905511811025 366.92913385826773 143.30708661417322 (Calvados).

851.9685039370079 1200.0 381.1023622047244 110.23622047244095 422
1151.1811023622047 1200.0 272.4409448818898 110.23622047244095 Retour
1341.732283464567 1200.0 163.7795275590551 110.23622047244095 de
1423.6220472440946 1200.0 245.66929133858267 110.23622047244095 pêche
1587.4015748031495 1200.0 135.43307086614172 110.23622047244095 à
1640.9448818897638 1200.0 272.4409448818898 110.23622047244095 Cayeux
1804.724409448819 1200.0 272.4409448818898 110.23622047244095 (Somme).

1815.748031496063 1285.0393700787401 318.1102362204724 124.40944881889764 (Voir
2053.5433070866143 1285.0393700787401 185.82677165354332 124.40944881889764 aux
2133.8582677165355 1285.0393700787401 396.8503937007874 124.40944881889764 Dessins)

834.6456692913385 1439.3700787401574 437.79527559055117 110.23622047244095 LIMOSIN
1152.755905511811 1439.3700787401574 477.1653543307087 110.23622047244095 D’ALHEIM
1510.236220472441 1439.3700787401574 398.4251968503937 110.23622047244095 (Mme),
1788.976377952756 1439.3700787401574 278.74015748031496 110.23622047244095 née
1949.6062992125985 1439.3700787401574 198.4251968503937 110.23622047244095 à
2028.3464566929133 1439.3700787401574 437.79527559055117 110.23622047244095 Moscou,
2307.0866141732286 1439.3700787401574 278.74015748031496 110.23622047244095 élève

902.3622047244095 1527.5590551181103 209.4488188976378 94.48818897637796 de
1006.2992125984252 1527.5590551181103 244.09448818897638 94.48818897637796 MM.
1146.4566929133857 1527.5590551181103 209.4488188976378 94.48818897637796 J.
1250.3937007874015 1527.5590551181103 418.8976377952756 94.48818897637796 d’Alheim
1565.3543307086613 1527.5590551181103 209.4488188976378 94.48818897637796 et
1669.291338582677 1527.5590551181103 384.251968503937 94.48818897637796 Mérino;
1948.0314960629921 1527.5590551181103 278.74015748031496 94.48818897637796 méd.
2122.834645669291 1527.5590551181103 209.4488188976378 94.48818897637796 en
2192.1259842519685 1527.5590551181103 384.251968503937 94.48818897637796 province.

907.0866141732283 1592.1259842519685 165.35433070866142 118.11023622047244 —
973.2283464566929 1592.1259842519685 332.2834645669291 118.11023622047244 Avenue
1206.2992125984251 1592.1259842519685 200.0 118.11023622047244 de
1305.5118110236222 1592.1259842519685 431.496062992126 118.11023622047244 Villiers,
1637.7952755905512 1592.1259842519685 233.0708661417323 118.11023622047244 18,
1737.007874015748 1592.1259842519685 266.1417322834646 118.11023622047244 Paris.

850.3937007874016 1678.740157480315 333.8582677165354 129.13385826771653 423
1111.8110236220473 1678.740157480315 381.1023622047244 129.13385826771653 Bric-à-brac,
1420.4724409448818 1678.740157480315 166.9291338582677 129.13385826771653 rue
1492.9133858267717 1678.740157480315 261.4173228346457 129.13385826771653 Mazarine.

858.2677165354331 1763.7795275590552 222.04724409448818 137.00787401574803 424
1031.4960629921259 1763.7795275590552 94.48818897637796 137.00787401574803 La
1064.5669291338584 1763.7795275590552 157.48031496062993 137.00787401574803 fileuse.

837.7952755905512 1924.4094488188975 269.29133858267716 100.78740157480316 LION
1006.2992125984252 1924.4094488188975 809.4488188976378 100.78740157480316 (Auguste-Alexandre),
1713.3858267716535 1924.4094488188975 201.5748031496063 100.78740157480316 né
1815.748031496063 1924.4094488188975 168.50393700787401 100.78740157480316 à
1881.8897637795276 1924.4094488188975 337.00787401574803 100.78740157480316 Rouen;
2118.1102362204724 1924.4094488188975 303.93700787401576 100.78740157480316 méd.,
2286.6141732283463 1924.4094488188975 303.93700787401576 100.78740157480316 Senlis,

903.9370078740158 2009.4488188976377 313.38582677165357 72.44094488188976 1880.
1113.3858267716535 2009.4488188976377 174.8031496062992 72.44094488188976 —
1182.6771653543308 2009.4488188976377 244.09448818897638 72.44094488188976 Rue
1322.8346456692914 2009.4488188976377 209.4488188976378 72.44094488188976 du
1426.7716535433071 2009.4488188976377 453.54330708661416 72.44094488188976 Chaperon,
1776.3779527559054 2009.4488188976377 278.74015748031496 72.44094488188976 100,
1914.9606299212599 2009.4488188976377 384.251968503937 72.44094488188976 Darnétal.

845.6692913385826 2099.212598425197 393.7007874015748 110.23622047244095 425
1155.9055118110236 2099.212598425197 310.23622047244095 110.23622047244095 Bouquet
1381.1023622047244 2099.212598425197 168.50393700787401 110.23622047244095 de
1464.5669291338584 2099.212598425197 281.8897637795276 110.23622047244095 fleurs
1661.4173228346456 2099.212598425197 196.8503937007874 110.23622047244095 des
1774.8031496062993 2099.212598425197 310.23622047244095 110.23622047244095 champs,
2000.0 2099.212598425197 337.00787401574803 110.23622047244095 intitulé
2253.5433070866143 2099.212598425197 140.15748031496062 110.23622047244095 :
2280.314960629921 2099.212598425197 310.23622047244095 110.23622047244095 «Oublié».

847.2440944881889 2179.527559055118 400.0 130.70866141732284 426
1162.2047244094488 2179.527559055118 314.96062992125985 130.70866141732284 Bouquet
1390.5511811023623 2179.527559055118 171.6535433070866 130.70866141732284 de
1475.5905511811025 2179.527559055118 286.61417322834643 130.70866141732284 fleurs
1677.1653543307086 2179.527559055118 200.0 130.70866141732284 des
1790.5511811023623 2179.527559055118 314.96062992125985 130.70866141732284 champs,
2020.4724409448818 2179.527559055118 343.3070866141732 130.70866141732284 intitulé
2277.165354330709 2179.527559055118 143.30708661417322 130.70866141732284 :
2305.511811023622 2179.527559055118 286.61417322834643 130.70866141732284 «Bouquet

899.2125984251968 2272.4409448818897 212.5984251968504 103.93700787401575 du
1004.7244094488188 2272.4409448818897 352.755905511811 103.93700787401575 pauvre
1215.748031496063 2272.4409448818897 141.73228346456693 103.93700787401575 ».

1801.5748031496064 2338.582677165354 322.8346456692913 116.53543307086615 (Voir
2044.0944881889764 2338.582677165354 188.9763779527559 116.53543307086615 aux
2124.4094488188975 2338.582677165354 403.1496062992126 116.53543307086615 Dessins)

839.3700787401575 2450.3937007874015 264.56692913385825 137.00787401574803 LIZÉ
1004.7244094488188 2450.3937007874015 461.4173228346457 137.00787401574803 (Charles),
1366.9291338582677 2450.3937007874015 198.4251968503937 137.00787401574803 né
1466.1417322834645 2450.3937007874015 165.35433070866142 137.00787401574803 à
1532.283464566929 2450.3937007874015 363.7795275590551 137.00787401574803 Elbeuf,
1796.8503937007874 2450.3937007874015 297.6377952755906 137.00787401574803 élève
1995.275590551181 2450.3937007874015 198.4251968503937 137.00787401574803 de
2094.488188976378 2450.3937007874015 198.4251968503937 137.00787401574803 G.
2192.1259842519685 2450.3937007874015 297.6377952755906 137.00787401574803 Morin
2390.551181102362 2450.3937007874015 198.4251968503937 137.00787401574803 et
2456.6929133858266 2450.3937007874015 132.28346456692913 137.00787401574803 de

900.7874015748032 2563.779527559055 198.4251968503937 85.03937007874016 M.
1000.0 2563.779527559055 198.4251968503937 85.03937007874016 E.
1099.2125984251968 2563.779527559055 330.70866141732284 85.03937007874016 Lebel;
1330.708661417323 2563.779527559055 264.56692913385825 85.03937007874016 méd.
1496.0629921259842 2563.779527559055 198.4251968503937 85.03937007874016 de
1595.275590551181 2563.779527559055 264.56692913385825 85.03937007874016 br.,
1760.6299212598426 2563.779527559055 198.4251968503937 85.03937007874016 de
1859.8425196850394 2563.779527559055 297.6377952755906 85.03937007874016 verm.
2058.267716535433 2563.779527559055 198.4251968503937 85.03937007874016 et
2157.48031496063 2563.779527559055 297.6377952755906 85.03937007874016 d’or,
2322.834645669291 2563.779527559055 264.56692913385825 85.03937007874016 Amiens

896.0629921259842 2633.0708661417325 215.748031496063 92.91338582677166 et
1004.7244094488188 2633.0708661417325 359.0551181102362 92.91338582677166 Rouen.
1255.1181102362204 2633.0708661417325 179.5275590551181 92.91338582677166 —
1325.984251968504 2633.0708661417325 250.39370078740157 92.91338582677166 Rue
1469.291338582677 2633.0708661417325 215.748031496063 92.91338582677166 de
1577.9527559055118 2633.0708661417325 393.7007874015748 92.91338582677166 Crosne,
1864.5669291338584 2633.0708661417325 250.39370078740157 92.91338582677166 57,
1971.6535433070867 2633.0708661417325 286.61417322834643 92.91338582677166 Rouen.

851.9685039370079 2714.9606299212596 297.6377952755906 118.11023622047244 427
1085.0393700787401 2714.9606299212596 127.55905511811024 118.11023622047244 Le
1148.0314960629921 2714.9606299212596 190.5511811023622 118.11023622047244 grain
1255.1181102362204 2714.9606299212596 233.0708661417323 118.11023622047244 (marine).

844.0944881889764 2820.472440944882 322.8346456692913 110.23622047244095 428
1099.2125984251968 2820.472440944882 162.20472440944883 110.23622047244095 Les
1190.5511811023623 2820.472440944882 277.1653543307087 110.23622047244095 bourrées
1376.3779527559054 2820.472440944882 277.1653543307087 110.23622047244095 (paysage).

829.9212598425197 2957.48031496063 377.9527559055118 102.36220472440945 LOUTREL
1103.9370078740158 2957.48031496063 514.9606299212599 102.36220472440945 (V.-J.-B.),
1516.5354330708662 2957.48031496063 206.29921259842519 102.36220472440945 né
1618.8976377952756 2957.48031496063 171.6535433070866 102.36220472440945 à
1688.1889763779527 2957.48031496063 343.3070866141732 102.36220472440945 Rouen,
1927.5590551181103 2957.48031496063 308.66141732283467 102.36220472440945 élève
2133.8582677165355 2957.48031496063 206.29921259842519 102.36220472440945 de
2236.220472440945 2957.48031496063 206.29921259842519 102.36220472440945 M.
2305.511811023622 2957.48031496063 274.01574803149606 102.36220472440945 Mouil-

894.488188976378 3045.6692913385828 340.15748031496065 83.46456692913385 leron.
1132.283464566929 3045.6692913385828 170.07874015748033 83.46456692913385 —
1201.5748031496064 3045.6692913385828 237.79527559055117 83.46456692913385 Rue
1337.007874015748 3045.6692913385828 237.79527559055117 83.46456692913385 des
1472.4409448818897 3045.6692913385828 440.9448818897638 83.46456692913385 Abbesses,
1812.5984251968505 3045.6692913385828 237.79527559055117 83.46456692913385 35,
1913.3858267716535 3045.6692913385828 272.4409448818898 83.46456692913385 Paris.

836.2204724409448 3125.984251968504 368.503937007874 125.98425196850394 429
1125.984251968504 3125.984251968504 236.2204724409449 125.98425196850394 Jeune
1283.4645669291338 3125.984251968504 236.2204724409449 125.98425196850394 femme
1440.9448818897638 3125.984251968504 314.96062992125985 125.98425196850394 arrosant
1678.740157480315 3125.984251968504 184.251968503937 125.98425196850394 une
1757.4803149606298 3125.984251968504 236.2204724409449 125.98425196850394 plante.

845.6692913385826 3229.9212598425197 308.66141732283467 103.93700787401575 430
1088.1889763779527 3229.9212598425197 132.28346456692913 103.93700787401575 Un
1154.3307086614172 3229.9212598425197 198.4251968503937 103.93700787401575 canal
1288.1889763779527 3229.9212598425197 110.23622047244095 103.93700787401575 à
1310.236220472441 3229.9212598425197 198.4251968503937 103.93700787401575 Venise.

826.7716535433071 3368.503937007874 349.6062992125984 102.36220472440945 MAHLER
1070.8661417322835 3368.503937007874 384.251968503937 102.36220472440945 (Paul),
1351.1811023622047 3368.503937007874 209.4488188976378 102.36220472440945 né
1456.6929133858268 3368.503937007874 174.8031496062992 102.36220472440945 à
1525.984251968504 3368.503937007874 524.4094488188977 102.36220472440945 Strasbourg,
1946.4566929133857 3368.503937007874 314.96062992125985 102.36220472440945 élève
2155.9055118110236 3368.503937007874 209.4488188976378 102.36220472440945 de
2261.417322834646 3368.503937007874 245.66929133858267 102.36220472440945 MM.
2366.9291338582675 3368.503937007874 209.4488188976378 102.36220472440945 Bel-

888.1889763779527 3466.1417322834645 412.59842519685037 83.46456692913385 lecroix,
1198.4251968503936 3466.1417322834645 343.3070866141732 83.46456692913385 Gérôme
1439.3700787401574 3466.1417322834645 206.29921259842519 83.46456692913385 et
1541.732283464567 3466.1417322834645 206.29921259842519 83.46456692913385 P.
1645.6692913385828 3466.1417322834645 310.23622047244095 83.46456692913385 Saïn.
1851.9685039370079 3466.1417322834645 171.6535433070866 83.46456692913385 —
1919.6850393700788 3466.1417322834645 343.3070866141732 83.46456692913385 Avenue
2160.6299212598424 3466.1417322834645 412.59842519685037 83.46456692913385 d’Eylau,
2436.220472440945 3466.1417322834645 137.00787401574803 83.46456692913385 9,

886.6141732283464 3525.984251968504 374.8031496062992 80.31496062992126 Paris,
1149.6062992125985 3525.984251968504 225.1968503937008 80.31496062992126 et
1261.4173228346456 3525.984251968504 299.21259842519686 80.31496062992126 chez
1448.8188976377953 3525.984251968504 225.1968503937008 80.31496062992126 M.
1562.2047244094488 3525.984251968504 450.3937007874016 80.31496062992126 Houzard,
1899.2125984251968 3525.984251968504 262.99212598425197 80.31496062992126 rue
2048.818897637795 3525.984251968504 225.1968503937008 80.31496062992126 de
2160.6299212598424 3525.984251968504 225.1968503937008 80.31496062992126 la
2236.220472440945 3525.984251968504 337.00787401574803 80.31496062992126 Grosse-

888.1889763779527 3581.1023622047246 437.79527559055117 113.38582677165354 Horloge,
1179.5275590551182 3581.1023622047246 291.33858267716533 113.38582677165354 Rouen.

831.496062992126 3685.0393700787404 370.0787401574803 89.76377952755905 431
1122.8346456692914 3685.0393700787404 291.33858267716533 89.76377952755905 Rapport
1335.4330708661416 3685.0393700787404 159.0551181102362 89.76377952755905 du
1414.1732283464567 3685.0393700787404 212.5984251968504 89.76377952755905 poil
1546.4566929133857 3685.0393700787404 344.88188976377955 89.76377952755905 (champion
1784.251968503937 3685.0393700787404 212.5984251968504 89.76377952755905 Myra).

829.9212598425197 3790.551181102362 388.9763779527559 92.91338582677166 432
1135.4330708661416 3790.551181102362 305.51181102362204 92.91338582677166 Rapport
1357.4803149606298 3790.551181102362 166.9291338582677 92.91338582677166 de
1440.9448818897638 3790.551181102362 166.9291338582677 92.91338582677166 la
1524.4094488188975 3790.551181102362 250.39370078740157 92.91338582677166 plume
1691.3385826771653 3790.551181102362 360.62992125984255 92.91338582677166 (champion
1940.1574803149606 3790.551181102362 250.39370078740157 92.91338582677166 Marco).

1801.5748031496064 3888.1889763779527 314.96062992125985 113.38582677165354 (Voir
2039.3700787401574 3888.1889763779527 184.251968503937 113.38582677165354 aux
2118.1102362204724 3888.1889763779527 393.7007874015748 113.38582677165354 Dessins)
