3146.4566929133857 4959.055118110236
1121.259842519685 699.2125984251968 439.37007874015745 114.96062992125984 PEINTURE.

2162.2047244094488 696.0629921259842 179.5275590551181 110.23622047244095 57

581.1023622047244 858.2677165354331 281.8897637795276 102.36220472440945 MASO
755.9055118110236 858.2677165354331 458.26771653543307 102.36220472440945 (Felipe),
1108.6614173228347 858.2677165354331 211.0236220472441 102.36220472440945 né
1214.1732283464567 858.2677165354331 176.3779527559055 102.36220472440945 à
1285.0393700787401 858.2677165354331 458.26771653543307 102.36220472440945 Barcelone
1637.7952755905512 858.2677165354331 492.9133858267717 102.36220472440945 (Espagne),
2025.1968503937007 858.2677165354331 316.53543307086613 102.36220472440945 élève
2201.5748031496064 858.2677165354331 140.15748031496062 102.36220472440945 de

644.0944881889764 948.0314960629921 215.748031496063 72.44094488188976 M.
752.7559055118111 948.0314960629921 215.748031496063 72.44094488188976 L.
859.8425196850394 948.0314960629921 396.8503937007874 72.44094488188976 Bonnat;
1149.6062992125985 948.0314960629921 215.748031496063 72.44094488188976 2e
1256.6929133858268 948.0314960629921 324.40944881889766 72.44094488188976 méd.,
1474.015748031496 948.0314960629921 215.748031496063 72.44094488188976 E.
1581.1023622047244 948.0314960629921 251.96850393700788 72.44094488188976 U.,
1725.984251968504 948.0314960629921 396.8503937007874 72.44094488188976 Anvers.
2014.1732283464567 948.0314960629921 179.5275590551181 72.44094488188976 —
2086.6141732283463 948.0314960629921 251.96850393700788 72.44094488188976 Rue
2193.700787401575 948.0314960629921 144.88188976377953 72.44094488188976 du

642.5196850393701 1014.1732283464567 894.488188976378 92.91338582677166 Faubourg-Saint-Honoré,
1434.6456692913387 1014.1732283464567 275.59055118110234 92.91338582677166 185,
1571.6535433070867 1014.1732283464567 275.59055118110234 92.91338582677166 Paris.

390.5511811023622 1081.8897637795276 392.12598425196853 119.68503937007874 453
678.7401574803149 1081.8897637795276 288.18897637795277 119.68503937007874 L’ennemi.

388.9763779527559 1174.8031496062993 409.4488188976378 114.96062992125984 454
716.5354330708661 1174.8031496062993 218.89763779527559 114.96062992125984 Fête
851.9685039370079 1174.8031496062993 354.3307086614173 114.96062992125984 andalouse
1097.6377952755906 1174.8031496062993 327.5590551181102 114.96062992125984 (Séville).

574.8031496062993 1285.0393700787401 352.755905511811 121.25984251968504 MASSON
820.4724409448819 1285.0393700787401 281.8897637795276 121.25984251968504 (Mme
996.8503937007874 1285.0393700787401 387.40157480314963 121.25984251968504 Marie),
1280.3149606299212 1285.0393700787401 247.24409448818898 121.25984251968504 née
1420.4724409448818 1285.0393700787401 176.3779527559055 121.25984251968504 à
1491.3385826771653 1285.0393700787401 352.755905511811 121.25984251968504 Rouen,
1738.5826771653544 1285.0393700787401 318.1102362204724 121.25984251968504 élève
1951.1811023622047 1285.0393700787401 211.0236220472441 121.25984251968504 de
2056.6929133858266 1285.0393700787401 247.24409448818898 121.25984251968504 MM.
2162.2047244094488 1285.0393700787401 176.3779527559055 121.25984251968504 Za-

647.2440944881889 1387.4015748031495 337.00787401574803 92.91338582677166 charie
883.4645669291339 1387.4015748031495 203.1496062992126 92.91338582677166 et
984.2519685039371 1387.4015748031495 472.4409448818898 92.91338582677166 Guillemet.
1355.9055118110236 1387.4015748031495 168.50393700787401 92.91338582677166 —
1423.6220472440946 1387.4015748031495 236.2204724409449 92.91338582677166 Rue
1559.0551181102362 1387.4015748031495 203.1496062992126 92.91338582677166 du
1659.8425196850394 1387.4015748031495 675.5905511811023 92.91338582677166 Champ-du-Pardon,
2200.0 1387.4015748031495 135.43307086614172 92.91338582677166 1,

601.5748031496063 1445.6692913385828 322.8346456692913 102.36220472440945 Rouen.

388.9763779527559 1508.6614173228347 406.2992125984252 116.53543307086615 455
713.3858267716536 1508.6614173228347 215.748031496063 116.53543307086615 Près
848.8188976377953 1508.6614173228347 162.20472440944883 116.53543307086615 de
902.3622047244095 1508.6614173228347 324.40944881889766 116.53543307086615 Veulettes.

573.2283464566929 1634.6456692913387 420.4724409448819 97.63779527559055 MATHIEU
878.7401574803149 1634.6456692913387 727.5590551181102 97.63779527559055 (Camille-Jean),
1491.3385826771653 1634.6456692913387 229.92125984251967 97.63779527559055 né
1606.2992125984251 1634.6456692913387 192.1259842519685 97.63779527559055 à
1644.0944881889764 1634.6456692913387 689.7637795275591 97.63779527559055 Crenay

639.3700787401575 1724.4094488188975 661.4173228346457 110.23622047244095 (Haute-Marne),
1190.5511811023623 1724.4094488188975 330.70866141732284 110.23622047244095 élève
1411.023622047244 1724.4094488188975 220.4724409448819 110.23622047244095 de
1521.259842519685 1724.4094488188975 220.4724409448819 110.23622047244095 M.
1631.4960629921259 1724.4094488188975 220.4724409448819 110.23622047244095 L.
1741.732283464567 1724.4094488188975 368.503937007874 110.23622047244095 Tanzi.
2000.0 1724.4094488188975 184.251968503937 110.23622047244095 —
2074.015748031496 1724.4094488188975 256.6929133858268 110.23622047244095 Rue
2184.251968503937 1724.4094488188975 146.45669291338584 110.23622047244095 de

644.0944881889764 1787.4015748031495 337.00787401574803 75.59055118110236 Paris,
878.7401574803149 1787.4015748031495 269.29133858267716 75.59055118110236 151,
1014.1732283464567 1787.4015748031495 705.511811023622 75.59055118110236 Boulogne

381.1023622047244 1856.6929133858268 428.34645669291336 129.13385826771653 456
722.8346456692914 1856.6929133858268 228.3464566929134 129.13385826771653 Dans
866.1417322834645 1856.6929133858268 171.6535433070866 129.13385826771653 le
951.1811023622047 1856.6929133858268 228.3464566929134 129.13385826771653 bois
1092.9133858267717 1856.6929133858268 171.6535433070866 129.13385826771653 de
1151.1811023622047 1856.6929133858268 398.4251968503937 129.13385826771653 Saint

573.2283464566929 1979.5275590551182 371.65354330708664 96.06299212598425 MATHIEU
842.5196850393701 1979.5275590551182 270.86614173228344 96.06299212598425 (Mme
1012.5984251968504 1979.5275590551182 371.65354330708664 96.06299212598425 Marie),
1283.4645669291338 1979.5275590551182 236.2204724409449 96.06299212598425 née
1418.8976377952756 1979.5275590551182 168.50393700787401 96.06299212598425 à
1486.6141732283465 1979.5275590551182 338.5826771653543 96.06299212598425 Alger,
1722.8346456692914 1979.5275590551182 303.93700787401576 96.06299212598425 élève
1925.984251968504 1979.5275590551182 203.1496062992126 96.06299212598425 de
2028.3464566929133 1979.5275590551182 236.2204724409449 96.06299212598425 MM.
2129.1338582677167 1979.5275590551182 203.1496062992126 96.06299212598425 Bou-

636.2204724409448 2066.1417322834645 373.2283464566929 86.61417322834646 guereau
908.6614173228346 2066.1417322834645 203.1496062992126 86.61417322834646 et
1009.4488188976378 2066.1417322834645 406.2992125984252 86.61417322834646 Chaplin.
1314.9606299212599 2066.1417322834645 170.07874015748033 86.61417322834646 —
1382.6771653543308 2066.1417322834645 237.79527559055117 86.61417322834646 Rue
1518.1102362204724 2066.1417322834645 406.2992125984252 86.61417322834646 Mansart,
1823.6220472440946 2066.1417322834645 237.79527559055117 86.61417322834646 13,
1925.984251968504 2066.1417322834645 270.86614173228344 86.61417322834646 Paris.

384.251968503937 2143.3070866141734 393.7007874015748 119.68503937007874 457
699.2125984251968 2143.3070866141734 236.2204724409449 119.68503937007874 L'eau
856.6929133858267 2143.3070866141734 184.251968503937 119.68503937007874 qui
935.4330708661417 2143.3070866141734 184.251968503937 119.68503937007874 dort.

384.251968503937 2234.6456692913384 382.6771653543307 111.81102362204724 458
664.5669291338583 2234.6456692913384 280.31496062992125 111.81102362204724 Karounie.

573.2283464566929 2340.1574803149606 365.3543307086614 118.11023622047244 MAUFRA
828.3464566929134 2340.1574803149606 475.59055118110234 118.11023622047244 (Maxime),
1193.7007874015749 2340.1574803149606 218.89763779527559 118.11023622047244 né
1303.9370078740158 2340.1574803149606 182.6771653543307 118.11023622047244 à
1376.3779527559054 2340.1574803149606 401.5748031496063 118.11023622047244 Nantes,
1669.291338582677 2340.1574803149606 329.13385826771656 118.11023622047244 élève
1888.1889763779527 2340.1574803149606 218.89763779527559 118.11023622047244 de
1998.4251968503936 2340.1574803149606 255.11811023622047 118.11023622047244 MM.
2108.6614173228345 2340.1574803149606 218.89763779527559 118.11023622047244 Alf.

633.0708661417323 2428.3464566929133 338.5826771653543 96.06299212598425 Leduc
859.8425196850394 2428.3464566929133 225.1968503937008 96.06299212598425 et
971.6535433070866 2428.3464566929133 262.99212598425197 96.06299212598425 Ch.
1122.8346456692914 2428.3464566929133 451.9685039370079 96.06299212598425 Lebourg;
1461.4173228346456 2428.3464566929133 225.1968503937008 96.06299212598425 3e
1574.8031496062993 2428.3464566929133 338.5826771653543 96.06299212598425 méd.,
1800.0 2428.3464566929133 414.1732283464567 96.06299212598425 Rennes.
2102.3622047244094 2428.3464566929133 188.9763779527559 96.06299212598425 —
2138.582677165354 2428.3464566929133 188.9763779527559 96.06299212598425 Rua

640.9448818897638 2496.0629921259842 200.0 80.31496062992126 de
740.1574803149606 2496.0629921259842 200.0 80.31496062992126 La
840.9448818897638 2496.0629921259842 467.7165354330709 80.31496062992126 Chalotais,
1207.8740157480315 2496.0629921259842 200.0 80.31496062992126 2,
1274.015748031496 2496.0629921259842 300.78740157480314 80.31496062992126 Nantes.

381.1023622047244 2568.503937007874 409.4488188976378 129.13385826771653 459
708.6614173228346 2568.503937007874 163.7795275590551 129.13385826771653 La
790.5511811023622 2568.503937007874 274.01574803149606 129.13385826771653 Loire,
982.6771653543307 2568.503937007874 137.00787401574803 129.13385826771653 à
1036.2204724409448 2568.503937007874 274.01574803149606 129.13385826771653 Nantes
1201.5748031496064 2568.503937007874 327.5590551181102 129.13385826771653 (juillet).

381.1023622047244 2669.2913385826773 437.79527559055117 105.51181102362204 460
732.2834645669292 2669.2913385826773 174.8031496062992 105.51181102362204 La
820.4724409448819 2669.2913385826773 233.0708661417323 105.51181102362204 baie
965.3543307086615 2669.2913385826773 174.8031496062992 105.51181102362204 du
1053.5433070866143 2669.2913385826773 379.5275590551181 105.51181102362204 Pouliguen
1344.8818897637796 2669.2913385826773 174.8031496062992 105.51181102362204 au
1433.0708661417323 2669.2913385826773 291.33858267716533 105.51181102362204 soleil
1607.8740157480315 2669.2913385826773 262.99212598425197 105.51181102362204 (août).

560.6299212598425 2785.8267716535433 861.4173228346457 91.33858267716535 MAUGENDRE-VILLERS
1299.2125984251968 2785.8267716535433 574.8031496062993 91.33858267716535 (Edouard),
1749.6062992125985 2785.8267716535433 245.66929133858267 91.33858267716535 né
1872.4409448818897 2785.8267716535433 204.7244094488189 91.33858267716535 à
1914.9606299212599 2785.8267716535433 409.4488188976378 91.33858267716535 Gournay-

633.0708661417323 2870.8661417322833 371.65354330708664 85.03937007874016 en-Bray
902.3622047244095 2870.8661417322833 777.9527559055118 85.03937007874016 (Seine-Inférieure),
1579.5275590551182 2870.8661417322833 303.93700787401576 85.03937007874016 élève
1781.1023622047244 2870.8661417322833 203.1496062992126 85.03937007874016 de
1883.4645669291338 2870.8661417322833 338.5826771653543 85.03937007874016 Dumont
2119.685039370079 2870.8661417322833 203.1496062992126 85.03937007874016 et
2187.4015748031497 2870.8661417322833 135.43307086614172 85.03937007874016 de

634.6456692913385 2925.984251968504 680.3149606299213 89.76377952755905 Carrier-Belleuse;
1218.8976377952756 2925.984251968504 195.2755905511811 89.76377952755905 M.
1316.5354330708662 2925.984251968504 226.77165354330708 89.76377952755905 H.,
1445.6692913385828 2925.984251968504 324.40944881889766 89.76377952755905 Paris;
1672.4409448818897 2925.984251968504 259.84251968503935 89.76377952755905 méd.
1834.6456692913387 2925.984251968504 195.2755905511811 89.76377952755905 2e
1932.283464566929 2925.984251968504 259.84251968503935 89.76377952755905 cl.,
2094.488188976378 2925.984251968504 195.2755905511811 89.76377952755905 E.
2159.0551181102364 2925.984251968504 162.20472440944883 89.76377952755905 U.,

633.0708661417323 2992.1259842519685 316.53543307086613 108.66141732283465 Nice.
842.5196850393701 2992.1259842519685 174.8031496062992 108.66141732283465 —
913.3858267716536 2992.1259842519685 174.8031496062992 108.66141732283465 A
984.2519685039371 2992.1259842519685 491.33858267716533 108.66141732283465 l’Académie
1370.0787401574803 2992.1259842519685 211.0236220472441 108.66141732283465 de
1440.9448818897638 2992.1259842519685 525.9842519685039 108.66141732283465 Valenciennes.

379.5275590551181 3047.244094488189 401.5748031496063 119.68503937007874 461
700.7874015748032 3047.244094488189 267.7165354330709 119.68503937007874 Nature
861.4173228346457 3047.244094488189 214.17322834645668 119.68503937007874 morte.

1478.740157480315 3143.3070866141734 311.81102362204723 146.45669291338584 (Voir
1711.8110236220473 3143.3070866141734 129.13385826771653 146.45669291338584 à
1763.7795275590552 3143.3070866141734 155.90551181102362 146.45669291338584 la
1815.748031496063 3143.3070866141734 440.9448818897638 146.45669291338584 Sculpture)

566.9291338582677 3291.3385826771655 544.8818897637796 96.06299212598425 MAUPASSANT
995.2755905511812 3291.3385826771655 467.7165354330709 96.06299212598425 (Gustave
1346.4566929133857 3291.3385826771655 311.81102362204723 96.06299212598425 de),
1540.1574803149606 3291.3385826771655 233.0708661417323 96.06299212598425 né
1658.267716535433 3291.3385826771655 195.2755905511811 96.06299212598425 à
1735.4330708661416 3291.3385826771655 388.9763779527559 96.06299212598425 Bernay
1968.5039370078741 3291.3385826771655 351.18110236220474 96.06299212598425 (Eure),

631.496062992126 3366.9291338582675 297.6377952755906 83.46456692913385 élève
829.9212598425197 3366.9291338582675 198.4251968503937 83.46456692913385 de
929.1338582677165 3366.9291338582675 198.4251968503937 83.46456692913385 H.
1028.3464566929133 3366.9291338582675 396.8503937007874 83.46456692913385 Bellangé
1327.5590551181103 3366.9291338582675 198.4251968503937 83.46456692913385 et
1426.7716535433071 3366.9291338582675 198.4251968503937 83.46456692913385 de
1525.984251968504 3366.9291338582675 198.4251968503937 83.46456692913385 L.
1625.1968503937007 3366.9291338582675 396.8503937007874 83.46456692913385 Cogniet.
1924.4094488188975 3366.9291338582675 165.35433070866142 83.46456692913385 —
1957.4803149606298 3366.9291338582675 363.7795275590551 83.46456692913385 Boulevard

631.496062992126 3429.9212598425197 223.6220472440945 102.36220472440945 des
759.0551181102362 3429.9212598425197 511.81102362204723 102.36220472440945 Batignolles,
1174.8031496062993 3429.9212598425197 223.6220472440945 102.36220472440945 72,
1270.8661417322835 3429.9212598425197 255.11811023622047 102.36220472440945 Paris.

371.65354330708664 3477.165354330709 431.496062992126 140.15748031496062 462
716.5354330708661 3477.165354330709 316.53543307086613 140.15748031496062 Antibes
918.1102362204724 3477.165354330709 574.8031496062993 140.15748031496062 (Alpes

366.92913385826773 3614.1732283464567 472.4409448818898 96.06299212598425 463
744.8818897637796 3614.1732283464567 314.96062992125985 96.06299212598425 Entrée
963.7795275590552 3614.1732283464567 188.9763779527559 96.06299212598425 de
1058.267716535433 3614.1732283464567 314.96062992125985 96.06299212598425 l’aire
1278.740157480315 3614.1732283464567 188.9763779527559 96.06299212598425 de
1373.2283464566929 3614.1732283464567 188.9763779527559 96.06299212598425 la
1467.716535433071 3614.1732283464567 283.46456692913387 96.06299212598425 ferme
1656.6929133858268 3614.1732283464567 188.9763779527559 96.06299212598425 du
1751.1811023622047 3614.1732283464567 409.4488188976378 96.06299212598425 Grand-Pin
2033.0708661417323 3614.1732283464567 283.46456692913387 96.06299212598425 (Alpes

585.8267716535433 3670.8661417322833 458.26771653543307 92.91338582677166 Maritimes).

554.3307086614174 3787.4015748031497 313.38582677165357 89.76377952755905 MÈGE
751.1811023622047 3787.4015748031497 234.64566929133858 89.76377952755905 DU
867.7165354330708 3787.4015748031497 431.496062992126 89.76377952755905 MOLMONT
1182.6771653543308 3787.4015748031497 431.496062992126 89.76377952755905 (René),
1496.0629921259842 3787.4015748031497 234.64566929133858 89.76377952755905 né
1614.1732283464567 3787.4015748031497 196.8503937007874 89.76377952755905 à
1691.3385826771653 3787.4015748031497 392.12598425196853 89.76377952755905 Paris,
1966.9291338582677 3787.4015748031497 352.755905511811 89.76377952755905 élève
2162.2047244094488 3787.4015748031497 157.48031496062993 89.76377952755905 de

625.1968503937007 3864.566929133858 195.2755905511811 107.08661417322834 M.
722.8346456692914 3864.566929133858 292.9133858267717 107.08661417322834 J.-P.
918.1102362204724 3864.566929133858 390.5511811023622 107.08661417322834 Laurens.
1211.023622047244 3864.566929133858 162.20472440944883 107.08661417322834 —
1275.5905511811025 3864.566929133858 226.77165354330708 107.08661417322834 Rue
1404.724409448819 3864.566929133858 681.8897637795276 107.08661417322834 Aumont-Thiéville,
1990.5511811023623 3864.566929133858 195.2755905511811 107.08661417322834 6,
2055.1181102362207 3864.566929133858 259.84251968503935 107.08661417322834 Paris.

344.88188976377955 3925.984251968504 773.2283464566929 137.00787401574803 464
963.7795275590552 3925.984251968504 360.62992125984255 137.00787401574803 Aux
1170.0787401574803 3925.984251968504 464.56692913385825 137.00787401574803 bords
1478.740157480315 3925.984251968504 308.66141732283467 137.00787401574803 de
1633.0708661417323 3925.984251968504 669.2913385826772 137.00787401574803 l’Yvette.
2097.6377952755906 3925.984251968504 154.33070866141733 137.00787401574803 8
