3078.740157480315 4959.055118110236
639.3700787401575 688.1889763779527 179.5275590551181 89.76377952755905 62

1442.5196850393702 675.5905511811023 425.1968503937008 118.11023622047244 PEINTURE.

889.7637795275591 848.8188976377953 524.4094488188977 100.78740157480316 PARDONNEAU
1302.3622047244094 848.8188976377953 450.3937007874016 100.78740157480316 (Jules),
1639.3700787401574 848.8188976377953 225.1968503937008 100.78740157480316 né
1752.755905511811 848.8188976377953 187.4015748031496 100.78740157480316 à
1826.7716535433071 848.8188976377953 374.8031496062992 100.78740157480316 Tours,
2089.763779527559 848.8188976377953 337.00787401574803 100.78740157480316 élève
2314.9606299212596 848.8188976377953 225.1968503937008 100.78740157480316 de
2388.9763779527557 848.8188976377953 262.99212598425197 100.78740157480316 Jules

957.4803149606299 944.8818897637796 387.40157480314963 88.18897637795276 Goupil.
1237.7952755905512 944.8818897637796 176.3779527559055 88.18897637795276 —
1308.6614173228347 944.8818897637796 351.18110236220474 88.18897637795276 Avenue
1554.3307086614172 944.8818897637796 211.0236220472441 88.18897637795276 de
1659.8425196850394 944.8818897637796 211.0236220472441 88.18897637795276 la
1765.3543307086613 944.8818897637796 596.8503937007874 88.18897637795276 Grande-Armée,
2256.6929133858266 944.8818897637796 245.66929133858267 88.18897637795276 19,
2362.2047244094488 944.8818897637796 281.8897637795276 88.18897637795276 Paris.

707.0866141732283 1017.3228346456693 357.4803149606299 122.83464566929133 506
968.503937007874 1017.3228346456693 190.5511811023622 122.83464566929133 Roses.

892.9133858267717 1160.6299212598426 308.66141732283467 83.46456692913385 PARIS
1099.2125984251968 1160.6299212598426 480.31496062992125 83.46456692913385 (Camille),
1477.1653543307086 1160.6299212598426 206.29921259842519 83.46456692913385 né
1581.1023622047244 1160.6299212598426 171.6535433070866 83.46456692913385 à
1648.8188976377953 1160.6299212598426 343.3070866141732 83.46456692913385 Paris,
1889.763779527559 1160.6299212598426 308.66141732283467 83.46456692913385 élève
2096.0629921259842 1160.6299212598426 206.29921259842519 83.46456692913385 de
2198.4251968503936 1160.6299212598426 240.9448818897638 83.46456692913385 Ary
2302.3622047244094 1160.6299212598426 343.3070866141732 83.46456692913385 Scheffer

959.0551181102362 1239.3700787401574 211.0236220472441 69.29133858267717 et
1064.5669291338584 1239.3700787401574 211.0236220472441 69.29133858267717 de
1168.5039370078741 1239.3700787401574 351.18110236220474 69.29133858267717 Picot;
1415.748031496063 1239.3700787401574 280.31496062992125 69.29133858267717 méd.
1590.5511811023623 1239.3700787401574 211.0236220472441 69.29133858267717 3e
1696.0629921259842 1239.3700787401574 280.31496062992125 69.29133858267717 cl..
1870.8661417322835 1239.3700787401574 351.18110236220474 69.29133858267717 Paris,
2118.1102362204724 1239.3700787401574 316.53543307086613 69.29133858267717 1874.
2327.5590551181103 1239.3700787401574 174.8031496062992 69.29133858267717 —
2398.4251968503936 1239.3700787401574 245.66929133858267 69.29133858267717 Rue
2503.9370078740158 1239.3700787401574 140.15748031496062 69.29133858267717 de

957.4803149606299 1297.6377952755906 530.7086614173228 56.69291338582677 Vintimille,
1381.1023622047244 1297.6377952755906 247.24409448818898 56.69291338582677 16,
1522.8346456692914 1297.6377952755906 352.755905511811 56.69291338582677 Paris,
1770.0787401574803 1297.6377952755906 212.5984251968504 56.69291338582677 et
1875.5905511811025 1297.6377952755906 176.3779527559055 56.69291338582677 à
1946.4566929133857 1297.6377952755906 423.62204724409446 56.69291338582677 Barbizon
2229.9212598425197 1297.6377952755906 423.62204724409446 56.69291338582677 (Seine

914.9606299212599 1360.6299212598426 341.73228346456693 78.74015748031496 Marne).

699.2125984251968 1453.5433070866143 456.6929133858268 70.86614173228347 507
1064.5669291338584 1453.5433070866143 365.3543307086614 70.86614173228347 Troupeau
1338.5826771653544 1453.5433070866143 182.6771653543307 70.86614173228347 de
1429.9212598425197 1453.5433070866143 274.01574803149606 70.86614173228347 bœufs
1611.023622047244 1453.5433070866143 182.6771653543307 70.86614173228347 et
1702.3622047244094 1453.5433070866143 303.93700787401576 70.86614173228347 vaches
1885.0393700787401 1453.5433070866143 426.7716535433071 70.86614173228347 s’abreuvant.

700.7874015748032 1522.8346456692914 447.244094488189 108.66141732283465 508
1058.267716535433 1522.8346456692914 179.5275590551181 108.66141732283465 Le
1148.0314960629921 1522.8346456692914 297.6377952755906 108.66141732283465 Sablon
1357.4803149606298 1522.8346456692914 297.6377952755906 108.66141732283465 blanc;
1565.3543307086613 1522.8346456692914 267.7165354330709 108.66141732283465 forêt
1744.8818897637796 1522.8346456692914 179.5275590551181 108.66141732283465 de
1804.724409448819 1522.8346456692914 477.1653543307087 108.66141732283465 Fontainebleau.

892.9133858267717 1651.9685039370079 393.7007874015748 108.66141732283465 PARQUET
1179.5275590551182 1651.9685039370079 502.3622047244094 108.66141732283465 (Gustave),
1574.8031496062993 1651.9685039370079 215.748031496063 108.66141732283465 né
1681.8897637795276 1651.9685039370079 179.5275590551181 108.66141732283465 à
1754.3307086614172 1651.9685039370079 466.1417322834646 108.66141732283465 Beauvais;
2111.8110236220473 1651.9685039370079 286.61417322834643 108.66141732283465 méd.
2291.3385826771655 1651.9685039370079 215.748031496063 108.66141732283465 de
2363.779527559055 1651.9685039370079 286.61417322834643 108.66141732283465 verm.,

954.3307086614174 1746.4566929133857 406.2992125984252 70.86614173228347 Amiens,
1248.8188976377953 1746.4566929133857 590.5511811023622 70.86614173228347 Châteauroux,
1727.5590551181103 1746.4566929133857 664.5669291338583 70.86614173228347 Saint-Quentin;
2281.8897637795276 1746.4566929133857 222.04724409448818 70.86614173228347 M.
2392.1259842519685 1746.4566929133857 222.04724409448818 70.86614173228347 H.
2466.1417322834645 1746.4566929133857 184.251968503937 70.86614173228347 (au

955.9055118110236 1825.1968503937007 283.46456692913387 74.01574803149606 noir
1132.283464566929 1825.1968503937007 212.5984251968504 74.01574803149606 et
1237.7952755905512 1825.1968503937007 388.9763779527559 74.01574803149606 blanc),
1521.259842519685 1825.1968503937007 352.755905511811 74.01574803149606 Paris,
1768.5039370078741 1825.1968503937007 423.62204724409446 74.01574803149606 Concours
2086.6141732283463 1825.1968503937007 212.5984251968504 74.01574803149606 du
2192.1259842519685 1825.1968503937007 388.9763779527559 74.01574803149606 Figaro,
2439.3700787401576 1825.1968503937007 212.5984251968504 74.01574803149606 Poi-

946.4566929133858 1877.1653543307086 396.8503937007874 107.08661417322834 tiers,
1223.6220472440946 1877.1653543307086 555.9055118110236 107.08661417322834 Perpignan.
1659.8425196850394 1877.1653543307086 198.4251968503937 107.08661417322834 —
1740.1574803149606 1877.1653543307086 277.1653543307087 107.08661417322834 Rue
1897.6377952755906 1877.1653543307086 237.79527559055117 107.08661417322834 du
1977.9527559055118 1877.1653543307086 674.0157480314961 107.08661417322834 Faubourg-

954.3307086614174 1930.708661417323 373.2283464566929 122.83464566929133 Honoré,
1226.7716535433071 1930.708661417323 270.86614173228344 122.83464566929133 233,
1362.2047244094488 1930.708661417323 270.86614173228344 122.83464566929133 Paris.

702.3622047244095 2014.1732283464567 368.503937007874 111.81102362204724 509
998.4251968503937 2014.1732283464567 148.03149606299212 111.81102362204724 Le
1047.244094488189 2014.1732283464567 148.03149606299212 111.81102362204724 Cob.

694.488188976378 2103.9370078740158 425.1968503937008 127.55905511811024 510
1034.6456692913387 2103.9370078740158 198.4251968503937 127.55905511811024 Les
1148.0314960629921 2103.9370078740158 283.46456692913387 127.55905511811024 grands
1316.5354330708662 2103.9370078740158 255.11811023622047 127.55905511811024 danois.

1866.1417322834645 2163.779527559055 318.1102362204724 140.15748031496062 (Voir
2103.9370078740158 2163.779527559055 185.82677165354332 140.15748031496062 aux
2184.251968503937 2163.779527559055 396.8503937007874 140.15748031496062 Dessins)

885.0393700787401 2311.8110236220473 343.3070866141732 99.21259842519684 PELEZ
1113.3858267716535 2311.8110236220473 229.92125984251967 99.21259842519684 DE
1228.3464566929133 2311.8110236220473 420.4724409448819 99.21259842519684 CORDOVA
1533.8582677165355 2311.8110236220473 763.7795275590552 99.21259842519684 (Fernand-Louis),
2184.251968503937 2311.8110236220473 229.92125984251967 99.21259842519684 né
2299.212598425197 2311.8110236220473 190.5511811023622 99.21259842519684 à
2337.0078740157483 2311.8110236220473 305.51181102362204 99.21259842519684 Paris,

951.1811023622047 2387.4015748031497 324.40944881889766 99.21259842519684 élève
1166.9291338582677 2387.4015748031497 215.748031496063 99.21259842519684 de
1275.5905511811025 2387.4015748031497 431.496062992126 99.21259842519684 Neuville
1598.4251968503936 2387.4015748031497 215.748031496063 99.21259842519684 et
1707.0866141732283 2387.4015748031497 215.748031496063 99.21259842519684 de
1815.748031496063 2387.4015748031497 215.748031496063 99.21259842519684 M.
1922.8346456692914 2387.4015748031497 395.2755905511811 99.21259842519684 Gérôme;
2211.0236220472443 2387.4015748031497 324.40944881889766 99.21259842519684 méd.,
2390.551181102362 2387.4015748031497 251.96850393700788 99.21259842519684 Rouen

952.7559055118111 2450.3937007874015 206.29921259842519 75.59055118110236 et
1056.6929133858268 2450.3937007874015 310.23622047244095 75.59055118110236 Nice.
1262.992125984252 2450.3937007874015 171.6535433070866 75.59055118110236 —
1332.283464566929 2450.3937007874015 240.9448818897638 75.59055118110236 Rue
1469.291338582677 2450.3937007874015 379.5275590551181 75.59055118110236 Ampère,
1744.8818897637796 2450.3937007874015 240.9448818897638 75.59055118110236 89,
1848.8188976377953 2450.3937007874015 275.59055118110234 75.59055118110236 Paris.

696.0629921259842 2524.4094488188975 439.37007874015745 97.63779527559055 511
1047.244094488189 2524.4094488188975 176.3779527559055 97.63779527559055 Le
1135.4330708661416 2524.4094488188975 292.9133858267717 97.63779527559055 retour
1340.1574803149606 2524.4094488188975 176.3779527559055 97.63779527559055 au
1428.3464566929133 2524.4094488188975 262.99212598425197 97.63779527559055 foyer
1604.724409448819 2524.4094488188975 409.4488188976378 97.63779527559055 (intérieur
1925.984251968504 2524.4094488188975 176.3779527559055 97.63779527559055 de
2014.1732283464567 2524.4094488188975 262.99212598425197 97.63779527559055 ferme
2188.9763779527557 2524.4094488188975 176.3779527559055 97.63779527559055 en
2247.244094488189 2524.4094488188975 234.64566929133858 97.63779527559055 1793).

886.6141732283464 2658.267716535433 368.503937007874 94.48818897637796 PELOUX
1143.3070866141732 2658.267716535433 588.9763779527559 94.48818897637796 (Ferdinand),
1622.0472440944882 2658.267716535433 220.4724409448819 94.48818897637796 né
1732.283464566929 2658.267716535433 184.251968503937 94.48818897637796 à
1806.2992125984251 2658.267716535433 368.503937007874 94.48818897637796 Nîmes;
2062.9921259842517 2658.267716535433 440.9448818897638 94.48818897637796 diverses
2357.48031496063 2658.267716535433 294.48818897637796 94.48818897637796 récom-

955.9055118110236 2755.9055118110236 351.18110236220474 80.31496062992126 penses
1201.5748031496064 2755.9055118110236 211.0236220472441 80.31496062992126 en
1307.0866141732283 2755.9055118110236 456.6929133858268 80.31496062992126 province.
1658.267716535433 2755.9055118110236 176.3779527559055 80.31496062992126 —
1729.1338582677165 2755.9055118110236 351.18110236220474 80.31496062992126 Ruelle
1974.8031496062993 2755.9055118110236 667.7165354330708 80.31496062992126 Sainte-Eugénie,
2502.3622047244094 2755.9055118110236 140.15748031496062 80.31496062992126 1,

908.6614173228346 2804.7244094488187 322.8346456692913 89.76377952755905 Nîmes.

697.6377952755905 2888.1889763779527 434.6456692913386 92.91338582677166 512
1044.0944881889764 2888.1889763779527 318.1102362204724 92.91338582677166 L’étang
1275.5905511811025 2888.1889763779527 173.22834645669292 92.91338582677166 de
1362.2047244094488 2888.1889763779527 259.84251968503935 92.91338582677166 Thau,
1537.007874015748 2888.1889763779527 144.88188976377953 92.91338582677166 à
1593.7007874015749 2888.1889763779527 259.84251968503935 92.91338582677166 Cette
1738.5826771653544 2888.1889763779527 348.0314960629921 92.91338582677166 (Hérault).

697.6377952755905 2977.952755905512 447.244094488189 91.33858267716535 513
1055.1181102362204 2977.952755905512 177.95275590551182 91.33858267716535 En
1144.8818897637796 2977.952755905512 237.79527559055117 91.33858267716535 mai,
1292.9133858267717 2977.952755905512 237.79527559055117 91.33858267716535 dans
1442.5196850393702 2977.952755905512 177.95275590551182 91.33858267716535 la
1532.283464566929 2977.952755905512 297.6377952755906 91.33858267716535 plaine
1740.1574803149606 2977.952755905512 177.95275590551182 91.33858267716535 de
1800.0 2977.952755905512 237.79527559055117 91.33858267716535 Nîmes.

1870.8661417322835 3064.566929133858 318.1102362204724 125.98425196850394 (Voir
2108.6614173228345 3064.566929133858 185.82677165354332 125.98425196850394 aux
2188.9763779527557 3064.566929133858 396.8503937007874 125.98425196850394 Dessins)

883.4645669291339 3215.748031496063 459.84251968503935 83.46456692913385 PERNELLE
1228.3464566929133 3215.748031496063 729.1338582677165 83.46456692913385 (Ernest-Marie),
1842.5196850393702 3215.748031496063 229.92125984251967 83.46456692913385 né
1957.4803149606298 3215.748031496063 192.1259842519685 83.46456692913385 à
2033.0708661417323 3215.748031496063 384.251968503937 83.46456692913385 Paris,
2302.3622047244094 3215.748031496063 344.88188976377955 83.46456692913385 élève
2494.488188976378 3215.748031496063 152.75590551181102 83.46456692913385 de

955.9055118110236 3281.8897637795276 373.2283464566929 69.29133858267717 l’Ecole
1228.3464566929133 3281.8897637795276 440.9448818897638 69.29133858267717 nationale
1566.9291338582677 3281.8897637795276 237.79527559055117 69.29133858267717 des
1702.3622047244094 3281.8897637795276 474.01574803149606 69.29133858267717 Beaux-Arts
2074.015748031496 3281.8897637795276 203.1496062992126 69.29133858267717 et
2176.3779527559054 3281.8897637795276 203.1496062992126 69.29133858267717 de
2277.165354330709 3281.8897637795276 237.79527559055117 69.29133858267717 MM.
2412.5984251968503 3281.8897637795276 203.1496062992126 69.29133858267717 J.
2480.314960629921 3281.8897637795276 170.07874015748033 69.29133858267717 Le-

951.1811023622047 3351.181102362205 388.9763779527559 69.29133858267717 febvre,
1233.0708661417323 3351.181102362205 459.84251968503935 69.29133858267717 Boulanger
1585.8267716535433 3351.181102362205 212.5984251968504 69.29133858267717 et
1692.9133858267717 3351.181102362205 212.5984251968504 69.29133858267717 J.
1798.4251968503936 3351.181102362205 352.755905511811 69.29133858267717 Blanc.
2045.6692913385828 3351.181102362205 176.3779527559055 69.29133858267717 —
2116.535433070866 3351.181102362205 352.755905511811 69.29133858267717 Avenue
2363.779527559055 3351.181102362205 212.5984251968504 69.29133858267717 du
2433.0708661417325 3351.181102362205 212.5984251968504 69.29133858267717 Val-

952.7559055118111 3420.472440944882 494.48818897637796 103.93700787401575 de-Beauté,
1340.1574803149606 3420.472440944882 247.24409448818898 103.93700787401575 88,
1445.6692913385828 3420.472440944882 670.8661417322835 103.93700787401575 Nogent

697.6377952755905 3496.0629921259842 451.9685039370079 130.70866141732284 514
1059.8425196850394 3496.0629921259842 211.0236220472441 130.70866141732284 Les
1179.5275590551182 3496.0629921259842 270.86614173228344 130.70866141732284 boids
1360.6299212598426 3496.0629921259842 181.10236220472441 130.70866141732284 de
1451.9685039370079 3496.0629921259842 181.10236220472441 130.70866141732284 la
1541.732283464567 3496.0629921259842 270.86614173228344 130.70866141732284 Marne
1722.8346456692914 3496.0629921259842 151.1811023622047 130.70866141732284 à
1782.6771653543308 3496.0629921259842 362.20472440944883 130.70866141732284 Créteil,
2055.1181102362207 3496.0629921259842 181.10236220472441 130.70866141732284 au
2114.9606299212596 3496.0629921259842 240.9448818897638 130.70866141732284 matin.

888.1889763779527 3618.8976377952754 496.06299212598424 99.21259842519684 PERRICHON
1269.291338582677 3618.8976377952754 535.4330708661417 99.21259842519684 (Georges),
1689.763779527559 3618.8976377952754 229.92125984251967 99.21259842519684 né
1804.724409448819 3618.8976377952754 190.5511811023622 99.21259842519684 à
1881.8897637795276 3618.8976377952754 382.6771653543307 99.21259842519684 Paris;
2149.6062992125985 3618.8976377952754 229.92125984251967 99.21259842519684 A.
2262.9921259842517 3618.8976377952754 229.92125984251967 99.21259842519684 g.
2377.952755905512 3618.8976377952754 190.5511811023622 99.21259842519684 —
2415.748031496063 3618.8976377952754 229.92125984251967 99.21259842519684 Chez

955.9055118110236 3713.3858267716537 195.2755905511811 80.31496062992126 M.
1053.5433070866143 3713.3858267716537 390.5511811023622 80.31496062992126 Olivier,
1346.4566929133857 3713.3858267716537 228.3464566929134 80.31496062992126 rue
1477.1653543307086 3713.3858267716537 195.2755905511811 80.31496062992126 de
1574.8031496062993 3713.3858267716537 324.40944881889766 80.31496062992126 Passy,
1801.5748031496064 3713.3858267716537 228.3464566929134 80.31496062992126 52,
1932.283464566929 3713.3858267716537 324.40944881889766 80.31496062992126 Paris,
2159.0551181102364 3713.3858267716537 195.2755905511811 80.31496062992126 et
2256.6929133858266 3713.3858267716537 162.20472440944883 80.31496062992126 à
2289.763779527559 3713.3858267716537 357.4803149606299 80.31496062992126 Andeville

918.1102362204724 3771.6535433070867 288.18897637795277 103.93700787401575 (Oise).

700.7874015748032 3850.3937007874015 428.34645669291336 107.08661417322834 515
1042.5196850393702 3850.3937007874015 256.6929133858268 107.08661417322834 Bords
1214.1732283464567 3850.3937007874015 171.6535433070866 107.08661417322834 du
1299.2125984251968 3850.3937007874015 313.38582677165357 107.08661417322834 Thérain
1499.2125984251968 3850.3937007874015 256.6929133858268 107.08661417322834 (Oise).

702.3622047244095 3941.732283464567 395.2755905511811 118.11023622047244 516
1018.8976377952756 3941.732283464567 237.79527559055117 118.11023622047244 Repos
1176.3779527559054 3941.732283464567 157.48031496062993 118.11023622047244 au
1229.9212598425197 3941.732283464567 184.251968503937 118.11023622047244 bois.
