3078.740157480315 4959.055118110236
662.992125984252 680.3149606299213 173.22834645669292 89.76377952755905 70

1447.244094488189 677.1653543307086 429.9212598425197 91.33858267716535 PEINTURE.

910.2362204724409 815.7480314960629 598.4251968503937 130.70866141732284 SAINT-MARCEL
1396.8503937007874 815.7480314960629 710.2362204724409 130.70866141732284 (Charles-Edm.),
1995.275590551181 815.7480314960629 225.1968503937008 130.70866141732284 né
2108.6614173228345 815.7480314960629 187.4015748031496 130.70866141732284 à
2182.6771653543306 815.7480314960629 374.8031496062992 130.70866141732284 Paris,
2407.8740157480315 815.7480314960629 261.4173228346457 130.70866141732284 élève

974.8031496062993 922.8346456692914 225.1968503937008 80.31496062992126 de
1088.1889763779527 922.8346456692914 225.1968503937008 80.31496062992126 M.
1200.0 922.8346456692914 225.1968503937008 80.31496062992126 E.
1313.3858267716535 922.8346456692914 525.9842519685039 80.31496062992126 Delacroix;
1725.984251968504 922.8346456692914 225.1968503937008 80.31496062992126 M.
1839.3700787401574 922.8346456692914 262.99212598425197 80.31496062992126 H.,
1988.976377952756 922.8346456692914 374.8031496062992 80.31496062992126 Paris,
2251.968503937008 922.8346456692914 338.5826771653543 80.31496062992126 1848.
2439.3700787401576 922.8346456692914 225.1968503937008 80.31496062992126 méd.

981.1023622047244 1004.7244094488188 324.40944881889766 62.99212598425197 d’hon.
1209.4488188976377 1004.7244094488188 195.2755905511811 62.99212598425197 au
1305.5118110236222 1004.7244094488188 388.9763779527559 62.99212598425197 concours
1598.4251968503936 1004.7244094488188 388.9763779527559 62.99212598425197 régional
1889.763779527559 1004.7244094488188 195.2755905511811 62.99212598425197 de
1987.4015748031495 1004.7244094488188 324.40944881889766 62.99212598425197 Melun;
2214.1732283464567 1004.7244094488188 291.33858267716533 62.99212598425197 méd.,
2376.3779527559054 1004.7244094488188 291.33858267716533 62.99212598425197 Nantes,

979.5275590551181 1045.6692913385828 340.15748031496065 102.36220472440945 Dijon.
1218.8976377952756 1045.6692913385828 170.07874015748033 102.36220472440945 —
1286.6141732283465 1045.6692913385828 239.37007874015748 102.36220472440945 Rue
1423.6220472440946 1045.6692913385828 544.8818897637796 102.36220472440945 Saint-Merry,
1866.1417322834645 1045.6692913385828 272.4409448818898 102.36220472440945 201,
2003.1496062992126 1045.6692913385828 544.8818897637796 102.36220472440945 Fontainebleau.

922.8346456692914 1149.6062992125985 392.12598425196853 97.63779527559055 591
1237.7952755905512 1149.6062992125985 288.18897637795277 97.63779527559055 Paysage
1445.6692913385828 1149.6062992125985 182.6771653543307 97.63779527559055 (le
1551.1811023622047 1149.6062992125985 288.18897637795277 97.63779527559055 sentier
1759.0551181102362 1149.6062992125985 157.48031496062993 97.63779527559055 du
1837.7952755905512 1149.6062992125985 365.3543307086614 97.63779527559055 chasseur),
2099.212598425197 1149.6062992125985 261.4173228346457 97.63779527559055 automne.

929.1338582677165 1231.4960629921259 357.4803149606299 108.66141732283465 592
1214.1732283464567 1231.4960629921259 261.4173228346457 108.66141732283465 Paysage
1404.724409448819 1231.4960629921259 237.79527559055117 108.66141732283465 (chute
1571.6535433070867 1231.4960629921259 143.30708661417322 108.66141732283465 du
1618.8976377952756 1231.4960629921259 166.9291338582677 108.66141732283465 Loing

949.6062992125984 1308.6614173228347 357.4803149606299 119.68503937007874 et

1760.6299212598426 1212.5984251968505 211.0236220472441 114.96062992125984 au
1866.1417322834645 1212.5984251968505 387.40157480314963 114.96062992125984 barrage
2146.4566929133857 1212.5984251968505 176.3779527559055 114.96062992125984 à
2217.3228346456694 1212.5984251968505 281.8897637795276 114.96062992125984 Grez
2357.48031496063 1212.5984251968505 316.53543307086613 114.96062992125984 (Seine-

1878.740157480315 1338.5826771653544 324.40944881889766 122.83464566929133 (Voir
2122.834645669291 1338.5826771653544 188.9763779527559 122.83464566929133 aux
2203.149606299213 1338.5826771653544 406.2992125984252 122.83464566929133 Dessins)

916.5354330708661 1436.2204724409448 332.2834645669291 133.85826771653544 SALLES
1148.0314960629921 1436.2204724409448 398.4251968503937 133.85826771653544 (Jules),
1447.244094488189 1436.2204724409448 198.4251968503937 133.85826771653544 né
1546.4566929133857 1436.2204724409448 165.35433070866142 133.85826771653544 à
1614.1732283464567 1436.2204724409448 332.2834645669291 133.85826771653544 Nîmes,
1845.6692913385828 1436.2204724409448 299.21259842519686 133.85826771653544 élève
2045.6692913385828 1436.2204724409448 198.4251968503937 133.85826771653544 de
2144.8818897637793 1436.2204724409448 198.4251968503937 133.85826771653544 P.
2244.0944881889764 1436.2204724409448 464.56692913385825 133.85826771653544 Delaroche.
2576.3779527559054 1436.2204724409448 99.21259842519684 133.85826771653544 —

987.4015748031496 1537.007874015748 234.64566929133858 119.68503937007874 Rue
1121.259842519685 1537.007874015748 401.5748031496063 119.68503937007874 Blanche,
1422.0472440944882 1537.007874015748 234.64566929133858 119.68503937007874 44,
1521.259842519685 1537.007874015748 267.7165354330709 119.68503937007874 Paris.

735.4330708661417 1640.9448818897638 382.6771653543307 88.18897637795276 593
1040.9448818897638 1640.9448818897638 152.75590551181102 88.18897637795276 Le
1092.9133858267717 1640.9448818897638 255.11811023622047 88.18897637795276 sevrage.

918.1102362204724 1725.984251968504 680.3149606299213 100.78740157480316 SALLES-WAGNER
1477.1653543307086 1725.984251968504 319.68503937007875 100.78740157480316 (Mme
1678.740157480315 1725.984251968504 560.6299212598425 100.78740157480316 Adélaïde),
2118.1102362204724 1725.984251968504 280.31496062992125 100.78740157480316 née
2278.740157480315 1725.984251968504 200.0 100.78740157480316 à
2318.1102362204724 1725.984251968504 360.62992125984255 100.78740157480316 Dresde,

988.9763779527559 1820.4724409448818 576.3779527559055 72.44094488188976 naturalisée
1450.3937007874015 1820.4724409448818 538.5826771653543 72.44094488188976 française,
1872.4409448818897 1820.4724409448818 346.45669291338584 72.44094488188976 élève
2103.9370078740158 1820.4724409448818 231.49606299212599 72.44094488188976 de
2218.8976377952754 1820.4724409448818 231.49606299212599 72.44094488188976 L.
2296.0629921259842 1820.4724409448818 384.251968503937 72.44094488188976 Cogniet;

995.2755905511812 1886.6141732283465 330.70866141732284 62.99212598425197 Rouen,
1226.7716535433071 1886.6141732283465 297.6377952755906 62.99212598425197 1878,
1425.1968503937007 1886.6141732283465 264.56692913385825 62.99212598425197 prix
1592.1259842519685 1886.6141732283465 198.4251968503937 62.99212598425197 de
1691.3385826771653 1886.6141732283465 297.6377952755906 62.99212598425197 1,000
1889.763779527559 1886.6141732283465 363.7795275590551 62.99212598425197 francs;
2154.3307086614172 1886.6141732283465 264.56692913385825 62.99212598425197 méd.
2321.259842519685 1886.6141732283465 297.6377952755906 62.99212598425197 d’or,
2486.6141732283463 1886.6141732283465 198.4251968503937 62.99212598425197 Mar-

995.2755905511812 1930.708661417323 363.7795275590551 89.76377952755905 seille,
1259.8425196850394 1930.708661417323 297.6377952755906 89.76377952755905 1886;
1458.267716535433 1930.708661417323 363.7795275590551 89.76377952755905 Toulon,
1722.8346456692914 1930.708661417323 396.8503937007874 89.76377952755905 Avignon,
2018.8976377952756 1930.708661417323 529.1338582677165 89.76377952755905 Montpellier,
2415.748031496063 1930.708661417323 264.56692913385825 89.76377952755905 Nîmes,

993.7007874015748 2015.748031496063 269.29133858267716 81.88976377952756 etc.
1162.2047244094488 2015.748031496063 168.50393700787401 81.88976377952756 —
1228.3464566929133 2015.748031496063 236.2204724409449 81.88976377952756 Rue
1363.7795275590552 2015.748031496063 404.7244094488189 81.88976377952756 Blanche,
1667.716535433071 2015.748031496063 236.2204724409449 81.88976377952756 44,
1768.5039370078741 2015.748031496063 269.29133858267716 81.88976377952756 Paris.

738.5826771653543 2074.015748031496 420.4724409448819 141.73228346456693 594
1075.5905511811025 2074.015748031496 168.50393700787401 141.73228346456693 Le
1159.0551181102362 2074.015748031496 196.8503937007874 141.73228346456693 jeu
1272.4409448818897 2074.015748031496 308.66141732283467 141.73228346456693 antique
1496.0629921259842 2074.015748031496 168.50393700787401 141.73228346456693 du
1552.755905511811 2074.015748031496 251.96850393700788 141.73228346456693 disque.

927.5590551181102 2201.5748031496064 400.0 113.38582677165354 SAMPIC
1206.2992125984251 2201.5748031496064 360.62992125984255 113.38582677165354 (Mlle
1447.244094488189 2201.5748031496064 480.31496062992125 113.38582677165354 Jeanne),
1806.2992125984251 2201.5748031496064 280.31496062992125 113.38582677165354 née
1966.9291338582677 2201.5748031496064 200.0 113.38582677165354 à
2047.244094488189 2201.5748031496064 400.0 113.38582677165354 Rouen,
2325.984251968504 2201.5748031496064 360.62992125984255 113.38582677165354 élève
2525.984251968504 2201.5748031496064 160.62992125984252 113.38582677165354 de

993.7007874015748 2288.1889763779527 207.8740157480315 105.51181102362204 F.
1097.6377952755906 2288.1889763779527 348.0314960629921 105.51181102362204 Pelez.
1340.1574803149606 2288.1889763779527 173.22834645669292 105.51181102362204 —
1411.023622047244 2288.1889763779527 242.51968503937007 105.51181102362204 Rue
1549.6062992125985 2288.1889763779527 486.61417322834643 105.51181102362204 Guy-Patin,
1930.708661417323 2288.1889763779527 207.8740157480315 105.51181102362204 7,
2001.5748031496064 2288.1889763779527 277.1653543307087 105.51181102362204 Paris.

744.8818897637796 2366.9291338582675 362.20472440944883 111.81102362204724 595
1009.4488188976378 2366.9291338582675 217.3228346456693 111.81102362204724 Prunes.

924.4094488188977 2483.464566929134 422.0472440944882 97.63779527559055 SARABEN
1231.4960629921259 2483.464566929134 729.1338582677165 97.63779527559055 (Louis-Alexis),
1845.6692913385828 2483.464566929134 229.92125984251967 97.63779527559055 né
1960.6299212598426 2483.464566929134 229.92125984251967 97.63779527559055 au
2075.5905511811025 2483.464566929134 384.251968503937 97.63779527559055 Havre,
2344.8818897637793 2483.464566929134 344.88188976377955 97.63779527559055 élève
2535.433070866142 2483.464566929134 154.33070866141733 97.63779527559055 de

995.2755905511812 2546.4566929133857 270.86614173228344 91.33858267716535 Pils
1165.3543307086613 2546.4566929133857 203.1496062992126 91.33858267716535 et
1267.716535433071 2546.4566929133857 203.1496062992126 91.33858267716535 de
1368.5039370078741 2546.4566929133857 203.1496062992126 91.33858267716535 M.
1470.8661417322835 2546.4566929133857 474.01574803149606 91.33858267716535 Lhuillier;
1842.5196850393702 2546.4566929133857 305.51181102362204 91.33858267716535 méd.,
2045.6692913385828 2546.4566929133857 270.86614173228344 91.33858267716535 Exp.
2215.748031496063 2546.4566929133857 203.1496062992126 91.33858267716535 de
2316.535433070866 2546.4566929133857 203.1496062992126 91.33858267716535 la
2384.251968503937 2546.4566929133857 305.51181102362204 91.33858267716535 Société

995.2755905511812 2614.1732283464567 237.79527559055117 119.68503937007874 des
1132.283464566929 2614.1732283464567 474.01574803149606 119.68503937007874 Beaux-Arts
1503.9370078740158 2614.1732283464567 203.1496062992126 119.68503937007874 du
1606.2992125984251 2614.1732283464567 338.5826771653543 119.68503937007874 Havre.
1842.5196850393702 2614.1732283464567 170.07874015748033 119.68503937007874 —
1910.236220472441 2614.1732283464567 237.79527559055117 119.68503937007874 Rue
2045.6692913385828 2614.1732283464567 237.79527559055117 119.68503937007874 des
2181.1023622047246 2614.1732283464567 474.01574803149606 119.68503937007874 Pincettes,
2519.685039370079 2614.1732283464567 170.07874015748033 119.68503937007874 37,

996.8503937007874 2696.0629921259842 228.3464566929134 102.36220472440945 Le
1072.4409448818897 2696.0629921259842 305.51181102362204 102.36220472440945 Havre.

748.0314960629921 2765.3543307086616 411.0236220472441 127.55905511811024 596
1077.1653543307086 2765.3543307086616 165.35433070866142 127.55905511811024 Le
1159.0551181102362 2765.3543307086616 192.1259842519685 127.55905511811024 cap
1269.291338582677 2765.3543307086616 384.251968503937 127.55905511811024 d’Antifer,
1570.0787401574803 2765.3543307086616 218.89763779527559 127.55905511811024 près
1680.3149606299212 2765.3543307086616 274.01574803149606 127.55905511811024 Etretat.

1908.6614173228347 2815.748031496063 318.1102362204724 130.70866141732284 (Voir
2148.031496062992 2815.748031496063 185.82677165354332 130.70866141732284 aux
2226.771653543307 2815.748031496063 398.4251968503937 130.70866141732284 Dessins)

932.2834645669292 2963.779527559055 538.5826771653543 91.33858267716535 SARREBOURSE
1363.7795275590552 2963.779527559055 322.8346456692913 91.33858267716535 (Mlle
1577.9527559055118 2963.779527559055 359.0551181102362 91.33858267716535 Jeanne
1829.9212598425197 2963.779527559055 286.61417322834643 91.33858267716535 de),
2009.4488188976377 2963.779527559055 251.96850393700788 91.33858267716535 née
2152.755905511811 2963.779527559055 179.5275590551181 91.33858267716535 à
2225.196850393701 2963.779527559055 359.0551181102362 91.33858267716535 Paris;
2439.3700787401576 2963.779527559055 251.96850393700788 91.33858267716535 méd.,

1004.7244094488188 3037.7952755905512 406.2992125984252 110.23622047244095 Amiens.
1299.2125984251968 3037.7952755905512 184.251968503937 110.23622047244095 —
1373.2283464566929 3037.7952755905512 552.7559055118111 110.23622047244095 Grande-Rue,
1815.748031496063 3037.7952755905512 258.26771653543307 110.23622047244095 59,
1925.984251968504 3037.7952755905512 368.503937007874 110.23622047244095 Enghien.

752.7559055118111 3097.6377952755906 374.8031496062992 144.88188976377953 597
1028.3464566929133 3097.6377952755906 250.39370078740157 144.88188976377953 Pandore.

930.7086614173228 3200.0 411.0236220472441 132.28346456692913 SAUBÈS
1218.8976377952756 3200.0 740.1574803149606 132.28346456692913 (Daniel-Léon),
1836.2204724409448 3200.0 247.24409448818898 132.28346456692913 né
1959.0551181102362 3200.0 206.29921259842519 132.28346456692913 à
2040.9448818897638 3200.0 411.0236220472441 132.28346456692913 Guiche
2288.1889763779527 3200.0 411.0236220472441 132.28346456692913 (Basses-

1006.2992125984252 3302.3622047244094 464.56692913385825 88.18897637795276 Pyrénées),
1371.6535433070867 3302.3622047244094 299.21259842519686 88.18897637795276 élève
1570.0787401574803 3302.3622047244094 198.4251968503937 88.18897637795276 de
1670.8661417322835 3302.3622047244094 198.4251968503937 88.18897637795276 M.
1770.0787401574803 3302.3622047244094 365.3543307086614 88.18897637795276 Bonnat;
2034.6456692913387 3302.3622047244094 198.4251968503937 88.18897637795276 M.
2135.433070866142 3302.3622047244094 233.0708661417323 88.18897637795276 H.,
2267.716535433071 3302.3622047244094 332.2834645669291 88.18897637795276 Paris.
2500.787401574803 3302.3622047244094 165.35433070866142 88.18897637795276 —
2533.8582677165355 3302.3622047244094 165.35433070866142 88.18897637795276 Rue

1001.5748031496063 3366.9291338582675 428.34645669291336 97.63779527559055 Cauchois,
1330.708661417323 3366.9291338582675 229.92125984251967 97.63779527559055 15,
1429.9212598425197 3366.9291338582675 262.99212598425197 97.63779527559055 Paris.

759.0551181102362 3455.1181102362207 411.0236220472441 114.96062992125984 598
1086.6141732283465 3455.1181102362207 218.89763779527559 114.96062992125984 Mort
1223.6220472440946 3455.1181102362207 163.7795275590551 114.96062992125984 de
1278.740157480315 3455.1181102362207 329.13385826771656 114.96062992125984 Condorcet.

1064.5669291338584 3511.8110236220473 196.8503937007874 105.51181102362204 «Le
1177.9527559055118 3511.8110236220473 141.73228346456693 105.51181102362204 8
1234.6456692913387 3511.8110236220473 253.54330708661416 105.51181102362204 avril
1403.1496062992126 3511.8110236220473 253.54330708661416 105.51181102362204 1794,
1573.2283464566929 3511.8110236220473 168.50393700787401 105.51181102362204 au
1656.6929133858268 3511.8110236220473 281.8897637795276 105.51181102362204 matin,
1855.1181102362204 3511.8110236220473 253.54330708661416 105.51181102362204 quand
2023.6220472440946 3511.8110236220473 168.50393700787401 105.51181102362204 le
2108.6614173228345 3511.8110236220473 310.23622047244095 105.51181102362204 geôlier
2333.8582677165355 3511.8110236220473 168.50393700787401 105.51181102362204 du
2390.551181102362 3511.8110236220473 310.23622047244095 105.51181102362204 Bourg-

1001.5748031496063 3609.448818897638 182.6771653543307 74.01574803149606 «»
1092.9133858267717 3609.448818897638 274.01574803149606 74.01574803149606 Reine
1275.5905511811025 3609.448818897638 303.93700787401576 74.01574803149606 ouvrit
1488.1889763779527 3609.448818897638 182.6771653543307 74.01574803149606 la
1579.5275590551182 3609.448818897638 274.01574803149606 74.01574803149606 porte
1762.2047244094488 3609.448818897638 182.6771653543307 74.01574803149606 du
1853.5433070866143 3609.448818897638 303.93700787401576 74.01574803149606 cachot
2067.716535433071 3609.448818897638 244.09448818897638 74.01574803149606 pour
2218.8976377952754 3609.448818897638 303.93700787401576 74.01574803149606 livrer
2433.0708661417325 3609.448818897638 212.5984251968504 74.01574803149606 aux
2524.4094488188975 3609.448818897638 182.6771653543307 74.01574803149606 gen-

1003.1496062992126 3653.5433070866143 157.48031496062993 89.76377952755905 »
1066.1417322834645 3653.5433070866143 314.96062992125985 89.76377952755905 darmes
1286.6141732283465 3653.5433070866143 188.9763779527559 89.76377952755905 le
1381.1023622047244 3653.5433070866143 440.9448818897638 89.76377952755905 prisonnier
1727.5590551181103 3653.5433070866143 314.96062992125985 89.76377952755905 encore
1949.6062992125985 3653.5433070866143 346.45669291338584 89.76377952755905 inconnu
2201.5748031496064 3653.5433070866143 314.96062992125985 89.76377952755905 qu’ils
2390.551181102362 3653.5433070866143 314.96062992125985 89.76377952755905 devaient

1007.8740157480315 3713.3858267716537 143.30708661417322 89.76377952755905 «
1064.5669291338584 3713.3858267716537 344.88188976377955 89.76377952755905 conduire
1324.4094488188975 3713.3858267716537 143.30708661417322 89.76377952755905 à
1381.1023622047244 3713.3858267716537 288.18897637795277 89.76377952755905 Paris,
1582.6771653543308 3713.3858267716537 173.22834645669292 89.76377952755905 il
1669.291338582677 3713.3858267716537 173.22834645669292 89.76377952755905 ne
1755.9055118110236 3713.3858267716537 288.18897637795277 89.76377952755905 trouva
1957.4803149606298 3713.3858267716537 258.26771653543307 89.76377952755905 qu’un
2129.1338582677167 3713.3858267716537 316.53543307086613 89.76377952755905 cadavre
2360.6299212598424 3713.3858267716537 143.30708661417322 89.76377952755905 —
2388.9763779527557 3713.3858267716537 316.53543307086613 89.76377952755905 Condorcet

1004.7244094488188 3766.9291338582675 144.88188976377953 77.16535433070867 »
1061.4173228346456 3766.9291338582675 316.53543307086613 77.16535433070867 s’était
1292.9133858267717 3766.9291338582675 288.18897637795277 77.16535433070867 dérobé
1494.4881889763778 3766.9291338582675 144.88188976377953 77.16535433070867 à
1552.755905511811 3766.9291338582675 403.1496062992126 77.16535433070867 l’échafaud
1869.291338582677 3766.9291338582675 201.5748031496063 77.16535433070867 par
1984.251968503937 3766.9291338582675 201.5748031496063 77.16535433070867 une
2099.212598425197 3766.9291338582675 259.84251968503935 77.16535433070867 forte
2272.4409448818897 3766.9291338582675 229.92125984251967 77.16535433070867 dose
2417.3228346456694 3766.9291338582675 173.22834645669292 77.16535433070867 de
2475.5905511811025 3766.9291338582675 229.92125984251967 77.16535433070867 poison

1006.2992125984252 3829.9212598425197 143.30708661417322 94.48818897637796 »
1062.992125984252 3829.9212598425197 374.8031496062992 94.48818897637796 concentré
1351.1811023622047 3829.9212598425197 259.84251968503935 94.48818897637796 qu’il
1524.4094488188975 3829.9212598425197 316.53543307086613 94.48818897637796 portait
1754.3307086614172 3829.9212598425197 229.92125984251967 94.48818897637796 dans
1899.2125984251968 3829.9212598425197 201.5748031496063 94.48818897637796 une
1984.251968503937 3829.9212598425197 259.84251968503935 94.48818897637796 bague.»

763.7795275590552 3932.283464566929 368.503937007874 113.38582677165354 599
1059.8425196850394 3932.283464566929 171.6535433070866 113.38582677165354 Les
1133.8582677165355 3932.283464566929 245.66929133858267 113.38582677165354 cerises.

2262.9921259842517 3866.1417322834645 329.13385826771656 96.06299212598425 (ARAGO).
