3078.740157480315 4959.055118110236
691.3385826771654 672.4409448818898 176.3779527559055 105.51181102362204 82

1514.9606299212599 700.7874015748032 382.6771653543307 111.81102362204724 DESSINS.

935.4330708661417 855.1181102362204 548.0314960629921 116.53543307086615 BOUTILLIÉ
1357.4803149606298 855.1181102362204 590.5511811023622 116.53543307086615 (Raphaël),
1820.4724409448818 855.1181102362204 253.54330708661416 116.53543307086615 né
1946.4566929133857 855.1181102362204 211.0236220472441 116.53543307086615 à
2031.4960629921259 855.1181102362204 422.0472440944882 116.53543307086615 Rouen,
2325.984251968504 855.1181102362204 379.5275590551181 116.53543307086615 élève
2537.0078740157483 855.1181102362204 168.50393700787401 116.53543307086615 de

1001.5748031496063 941.7322834645669 297.6377952755906 80.31496062992126 MM.
1171.6535433070867 941.7322834645669 255.11811023622047 80.31496062992126 M.
1299.2125984251968 941.7322834645669 340.15748031496065 80.31496062992126 Blum
1511.8110236220473 941.7322834645669 255.11811023622047 80.31496062992126 et
1639.3700787401574 941.7322834645669 552.7559055118111 80.31496062992126 Truphème.
2066.1417322834645 941.7322834645669 212.5984251968504 80.31496062992126 —
2151.181102362205 941.7322834645669 297.6377952755906 80.31496062992126 Rue
2321.259842519685 941.7322834645669 255.11811023622047 80.31496062992126 de
2406.299212598425 941.7322834645669 297.6377952755906 80.31496062992126 Lour-

1009.4488188976378 995.2755905511812 259.84251968503935 94.48818897637796 mel,
1171.6535433070867 995.2755905511812 226.77165354330708 94.48818897637796 24,
1269.291338582677 995.2755905511812 259.84251968503935 94.48818897637796 Paris.

749.6062992125984 1088.1889763779527 455.11811023622045 116.53543307086615 717
1113.3858267716535 1088.1889763779527 274.01574803149606 116.53543307086615 Cadre
1296.0629921259842 1088.1889763779527 395.2755905511811 116.53543307086615 contenant
1600.0 1088.1889763779527 242.51968503937007 116.53543307086615 deux
1751.1811023622047 1088.1889763779527 333.8582677165354 116.53543307086615 dessins
1995.275590551181 1088.1889763779527 242.51968503937007 116.53543307086615 pour
2116.535433070866 1088.1889763779527 455.11811023622045 116.53543307086615 illustration:

1066.1417322834645 1218.8976377952756 212.5984251968504 97.63779527559055 1.
1173.2283464566929 1218.8976377952756 212.5984251968504 97.63779527559055 Le
1280.3149606299212 1218.8976377952756 283.46456692913387 97.63779527559055 quai
1456.6929133858268 1218.8976377952756 212.5984251968504 97.63779527559055 de
1563.7795275590552 1218.8976377952756 461.4173228346457 97.63779527559055 Grenelle.
1918.1102362204724 1218.8976377952756 177.95275590551182 97.63779527559055 —
1988.976377952756 1218.8976377952756 212.5984251968504 97.63779527559055 2.
2094.488188976378 1218.8976377952756 212.5984251968504 97.63779527559055 Le
2201.5748031496064 1218.8976377952756 283.46456692913387 97.63779527559055 pont
2377.952755905512 1218.8976377952756 354.3307086614173 97.63779527559055 d’Iéna
2590.551181102362 1218.8976377952756 107.08661417322834 97.63779527559055 à

1006.2992125984252 1291.3385826771653 296.06299212598424 111.81102362204724 Paris
1203.1496062992126 1291.3385826771653 393.7007874015748 111.81102362204724 (travaux
1499.2125984251968 1291.3385826771653 262.99212598425197 111.81102362204724 pour
1662.992125984252 1291.3385826771653 525.9842519685039 111.81102362204724 l’Exposition
2089.763779527559 1291.3385826771653 196.8503937007874 111.81102362204724 de
2155.9055118110236 1291.3385826771653 262.99212598425197 111.81102362204724 1889).

940.1574803149606 1415.748031496063 337.00787401574803 116.53543307086615 BRICON
1176.3779527559054 1415.748031496063 303.93700787401576 116.53543307086615 (Mlle
1377.9527559055118 1415.748031496063 404.7244094488189 116.53543307086615 Fortunée
1681.8897637795276 1415.748031496063 472.4409448818898 116.53543307086615 Clotilde),
2053.5433070866143 1415.748031496063 236.2204724409449 116.53543307086615 née
2188.9763779527557 1415.748031496063 168.50393700787401 116.53543307086615 à
2255.1181102362207 1415.748031496063 337.00787401574803 116.53543307086615 Paris,
2458.267716535433 1415.748031496063 236.2204724409449 116.53543307086615 élève

1001.5748031496063 1521.259842519685 207.8740157480315 86.61417322834646 de
1105.5118110236222 1521.259842519685 242.51968503937007 86.61417322834646 Mme
1244.0944881889764 1521.259842519685 207.8740157480315 86.61417322834646 de
1348.0314960629921 1521.259842519685 311.81102362204723 86.61417322834646 Cool.
1555.9055118110236 1521.259842519685 173.22834645669292 86.61417322834646 —
1625.1968503937007 1521.259842519685 242.51968503937007 86.61417322834646 Rue
1763.7795275590552 1521.259842519685 207.8740157480315 86.61417322834646 de
1867.716535433071 1521.259842519685 381.1023622047244 86.61417322834646 Rennes,
2144.8818897637793 1521.259842519685 277.1653543307087 86.61417322834646 149,
2283.464566929134 1521.259842519685 277.1653543307087 86.61417322834646 Paris.

741.7322834645669 1606.2992125984251 448.81889763779526 102.36220472440945 618
1100.7874015748032 1606.2992125984251 269.29133858267716 102.36220472440945 Cadre
1280.3149606299212 1606.2992125984251 388.9763779527559 102.36220472440945 contenant
1581.1023622047244 1606.2992125984251 269.29133858267716 102.36220472440945 trois
1730.708661417323 1606.2992125984251 239.37007874015748 102.36220472440945 émaux:

1062.992125984252 1725.984251968504 212.5984251968504 111.81102362204724 1.
1168.5039370078741 1725.984251968504 212.5984251968504 111.81102362204724 La
1274.015748031496 1725.984251968504 566.9291338582677 111.81102362204724 présentation
1735.4330708661416 1725.984251968504 212.5984251968504 111.81102362204724 au
1840.9448818897638 1725.984251968504 388.9763779527559 111.81102362204724 temple,
2124.4094488188975 1725.984251968504 388.9763779527559 111.81102362204724 d’après
2373.228346456693 1725.984251968504 318.1102362204724 111.81102362204724 Memling

996.8503937007874 1806.2992125984251 346.45669291338584 86.61417322834646 (émail
1239.3700787401574 1806.2992125984251 207.8740157480315 86.61417322834646 de
1343.3070866141732 1806.2992125984251 448.81889763779526 86.61417322834646 Limoges).
1688.1889763779527 1806.2992125984251 173.22834645669292 86.61417322834646 —
1757.4803149606298 1806.2992125984251 207.8740157480315 86.61417322834646 2.
1861.4173228346456 1806.2992125984251 207.8740157480315 86.61417322834646 La
1965.3543307086613 1806.2992125984251 415.748031496063 86.61417322834646 fontaine
2277.165354330709 1806.2992125984251 415.748031496063 86.61417322834646 d’amour,
2552.755905511811 1806.2992125984251 138.58267716535434 86.61417322834646 de

996.8503937007874 1869.291338582677 360.62992125984255 94.48818897637796 Frogon
1250.3937007874015 1869.291338582677 360.62992125984255 94.48818897637796 (émail
1502.3622047244094 1869.291338582677 217.3228346456693 94.48818897637796 de
1611.023622047244 1869.291338582677 469.29133858267716 94.48818897637796 Limoges).
1971.6535433070867 1869.291338582677 181.10236220472441 94.48818897637796 —
2044.0944881889764 1869.291338582677 217.3228346456693 94.48818897637796 3.
2152.755905511811 1869.291338582677 217.3228346456693 94.48818897637796 Le
2225.196850393701 1869.291338582677 469.29133858267716 94.48818897637796 ravissement

996.8503937007874 1933.8582677165355 200.0 124.40944881889764 de
1096.0629921259842 1933.8582677165355 300.78740157480314 124.40944881889764 saint
1297.6377952755906 1933.8582677165355 401.5748031496063 124.40944881889764 François
1598.4251968503936 1933.8582677165355 401.5748031496063 124.40944881889764 d’Assise
1899.2125984251968 1933.8582677165355 333.8582677165354 124.40944881889764 (émail
2133.8582677165355 1933.8582677165355 200.0 124.40944881889764 de
2200.0 1933.8582677165355 368.503937007874 124.40944881889764 Limoges).

935.4330708661417 2074.015748031496 412.59842519685037 137.00787401574803 BROCHART
1245.6692913385828 2074.015748031496 516.5354330708661 137.00787401574803 (Constant),
1658.267716535433 2074.015748031496 206.29921259842519 137.00787401574803 né
1760.6299212598426 2074.015748031496 171.6535433070866 137.00787401574803 à
1829.9212598425197 2074.015748031496 343.3070866141732 137.00787401574803 Lille,
2070.8661417322833 2074.015748031496 310.23622047244095 137.00787401574803 élève
2277.165354330709 2074.015748031496 206.29921259842519 137.00787401574803 de
2346.4566929133857 2074.015748031496 343.3070866141732 137.00787401574803 Souchon;

996.8503937007874 2157.48031496063 226.77165354330708 111.81102362204724 1re
1127.5590551181103 2157.48031496063 292.9133858267717 111.81102362204724 méd.,
1322.8346456692914 2157.48031496063 681.8897637795276 111.81102362204724 Boulogne-sur-Mer;
1907.0866141732283 2157.48031496063 226.77165354330708 111.81102362204724 1re
2036.2204724409448 2157.48031496063 292.9133858267717 111.81102362204724 méd.,
2231.496062992126 2157.48031496063 292.9133858267717 111.81102362204724 Dipl.
2393.700787401575 2157.48031496063 292.9133858267717 111.81102362204724 d’hon.,

992.1259842519685 2222.047244094488 365.3543307086614 119.68503937007874 Dijon.
1247.244094488189 2222.047244094488 182.6771653543307 119.68503937007874 —
1319.6850393700788 2222.047244094488 255.11811023622047 119.68503937007874 Rue
1466.1417322834645 2222.047244094488 437.79527559055117 119.68503937007874 Lamande,
1793.7007874015749 2222.047244094488 255.11811023622047 119.68503937007874 16,
1903.9370078740158 2222.047244094488 291.33858267716533 119.68503937007874 Paris.

732.2834645669292 2311.8110236220473 522.8346456692914 122.83464566929133 719
1151.1811023622047 2311.8110236220473 418.8976377952756 122.83464566929133 Marchand
1464.5669291338584 2311.8110236220473 453.54330708661416 122.83464566929133 d’habits,
1812.5984251968505 2311.8110236220473 384.251968503937 122.83464566929133 galons,
2092.9133858267714 2311.8110236220473 348.0314960629921 122.83464566929133 époque
2337.0078740157483 2311.8110236220473 313.38582677165357 122.83464566929133 Louis
2510.236220472441 2311.8110236220473 174.8031496062992 122.83464566929133 XVI

959.0551181102362 2398.4251968503936 337.00787401574803 107.08661417322834 (pastel).

735.4330708661417 2481.8897637795276 434.6456692913386 130.70866141732284 720
1081.8897637795276 2481.8897637795276 376.37795275590554 130.70866141732284 Mauresque
1371.6535433070867 2481.8897637795276 173.22834645669292 130.70866141732284 au
1458.267716535433 2481.8897637795276 259.84251968503935 130.70866141732284 puits
1603.1496062992126 2481.8897637795276 318.1102362204724 130.70866141732284 (pastel).

922.8346456692914 2653.5433070866143 264.56692913385825 108.66141732283465 BRUN
1088.1889763779527 2653.5433070866143 297.6377952755906 108.66141732283465 (Mlle
1286.6141732283465 2653.5433070866143 363.7795275590551 108.66141732283465 Nelly),
1552.755905511811 2653.5433070866143 231.49606299212599 108.66141732283465 née
1685.0393700787401 2653.5433070866143 165.35433070866142 108.66141732283465 à
1751.1811023622047 2653.5433070866143 330.70866141732284 108.66141732283465 Paris,
1982.6771653543308 2653.5433070866143 297.6377952755906 108.66141732283465 élève
2181.1023622047246 2653.5433070866143 198.4251968503937 108.66141732283465 de
2281.8897637795276 2653.5433070866143 264.56692913385825 108.66141732283465 Mlle
2414.1732283464567 2653.5433070866143 264.56692913385825 108.66141732283465 Decan,

984.2519685039371 2730.7086614173227 220.4724409448819 85.03937007874016 et
1094.4881889763778 2730.7086614173227 220.4724409448819 85.03937007874016 de
1204.724409448819 2730.7086614173227 258.26771653543307 85.03937007874016 MM.
1351.1811023622047 2730.7086614173227 220.4724409448819 85.03937007874016 E.
1462.992125984252 2730.7086614173227 368.503937007874 85.03937007874016 Claude
1719.6850393700788 2730.7086614173227 220.4724409448819 85.03937007874016 et
1829.9212598425197 2730.7086614173227 220.4724409448819 85.03937007874016 E.
1940.1574803149606 2730.7086614173227 220.4724409448819 85.03937007874016 de
2051.968503937008 2730.7086614173227 514.9606299212599 85.03937007874016 Landerset.
2456.6929133858266 2730.7086614173227 184.251968503937 85.03937007874016 —
2492.9133858267714 2730.7086614173227 184.251968503937 85.03937007874016 Rue

982.6771653543307 2800.0 207.8740157480315 85.03937007874016 du
1086.6141732283465 2800.0 899.2125984251968 85.03937007874016 Faubourg-Saint-Honoré,
1881.8897637795276 2800.0 277.1653543307087 85.03937007874016 155,
2018.8976377952756 2800.0 277.1653543307087 85.03937007874016 Paris.

732.2834645669292 2869.2913385826773 470.86614173228344 116.53543307086615 721
1108.6614173228347 2869.2913385826773 218.89763779527559 116.53543307086615 Les
1234.6456692913387 2869.2913385826773 407.87401574803147 116.53543307086615 dernières
1548.0314960629921 2869.2913385826773 281.8897637795276 116.53543307086615 roses
1737.007874015748 2869.2913385826773 188.9763779527559 116.53543307086615 de
1829.9212598425197 2869.2913385826773 313.38582677165357 116.53543307086615 Pœstum
2018.8976377952756 2869.2913385826773 439.37007874015745 116.53543307086615 (miniature).

1837.7952755905512 3026.771653543307 318.1102362204724 114.96062992125984 (Voir
2077.165354330709 3026.771653543307 132.28346456692913 114.96062992125984 à
2129.1338582677167 3026.771653543307 159.0551181102362 114.96062992125984 la
2182.6771653543306 3026.771653543307 423.62204724409446 114.96062992125984 Peinture)

911.8110236220473 3092.9133858267714 422.0472440944882 162.20472440944883 BRUYERRE
1228.3464566929133 3092.9133858267714 316.53543307086613 162.20472440944883 (Mlle
1439.3700787401574 3092.9133858267714 352.755905511811 162.20472440944883 Jeanne
1686.6141732283465 3092.9133858267714 422.0472440944882 162.20472440944883 Louise),
2003.1496062992126 3092.9133858267714 247.24409448818898 162.20472440944883 née
2143.3070866141734 3092.9133858267714 176.3779527559055 162.20472440944883 à
2214.1732283464567 3092.9133858267714 352.755905511811 162.20472440944883 Paris,
2425.196850393701 3092.9133858267714 247.24409448818898 162.20472440944883 élève

944.8818897637796 3242.51968503937 195.2755905511811 80.31496062992126 de
1042.5196850393702 3242.51968503937 226.77165354330708 80.31496062992126 Mme
1173.2283464566929 3242.51968503937 195.2755905511811 80.31496062992126 de
1269.291338582677 3242.51968503937 291.33858267716533 80.31496062992126 Cool.
1464.5669291338584 3242.51968503937 162.20472440944883 80.31496062992126 —
1529.1338582677165 3242.51968503937 291.33858267716533 80.31496062992126 Place
1724.4094488188975 3242.51968503937 551.1811023622047 80.31496062992126 Saint-Michel,
2177.952755905512 3242.51968503937 195.2755905511811 80.31496062992126 2,
2242.51968503937 3242.51968503937 259.84251968503935 80.31496062992126 Paris.

721.2598425196851 3310.236220472441 396.8503937007874 125.98425196850394 722
1039.3700787401574 3310.236220472441 264.56692913385825 125.98425196850394 Pavots
1198.4251968503936 3310.236220472441 370.0787401574803 125.98425196850394 (aquarelle).

718.1102362204724 3453.5433070866143 403.1496062992126 118.11023622047244 723
1040.9448818897638 3453.5433070866143 322.8346456692913 118.11023622047244 Pivoines
1256.6929133858268 3453.5433070866143 376.37795275590554 118.11023622047244 (aquarelle).

905.511811023622 3577.952755905512 352.755905511811 130.70866141732284 BUQUET
1151.1811023622047 3577.952755905512 458.26771653543307 130.70866141732284 (Alfred),
1503.9370078740158 3577.952755905512 211.0236220472441 130.70866141732284 né
1609.4488188976377 3577.952755905512 176.3779527559055 130.70866141732284 à
1680.3149606299212 3577.952755905512 774.8031496062993 130.70866141732284 Déville-lès-Rouen,
2349.6062992125985 3577.952755905512 316.53543307086613 130.70866141732284 élève
2525.984251968504 3577.952755905512 140.15748031496062 130.70866141732284 de

965.3543307086615 3681.8897637795276 256.6929133858268 94.48818897637796 MM.
1111.8110236220473 3681.8897637795276 220.4724409448819 94.48818897637796 E.
1222.0472440944882 3681.8897637795276 330.70866141732284 94.48818897637796 Lebel
1442.5196850393702 3681.8897637795276 220.4724409448819 94.48818897637796 et
1552.755905511811 3681.8897637795276 404.7244094488189 94.48818897637796 Gérôme.
1847.244094488189 3681.8897637795276 184.251968503937 94.48818897637796 —
1921.259842519685 3681.8897637795276 256.6929133858268 94.48818897637796 Rue
2067.716535433071 3681.8897637795276 220.4724409448819 94.48818897637796 du
2177.952755905512 3681.8897637795276 404.7244094488189 94.48818897637796 Renard,
2436.220472440945 3681.8897637795276 220.4724409448819 94.48818897637796 237,

927.5590551181102 3746.4566929133857 321.25984251968504 96.06299212598425 Rouen.

711.8110236220473 3828.3464566929133 429.9212598425197 148.03149606299212 724
1055.1181102362204 3828.3464566929133 314.96062992125985 148.03149606299212 Etudes,
1285.0393700787401 3828.3464566929133 314.96062992125985 148.03149606299212 paysage
1486.6141732283465 3828.3464566929133 429.9212598425197 148.03149606299212 (aquarelles).

711.8110236220473 3960.6299212598424 429.9212598425197 100.78740157480316 725
1055.1181102362204 3960.6299212598424 343.3070866141732 100.78740157480316 Portrait
1313.3858267716535 3960.6299212598424 171.6535433070866 100.78740157480316 de
1398.4251968503936 3960.6299212598424 200.0 100.78740157480316 Mme
1513.3858267716535 3960.6299212598424 228.3464566929134 100.78740157480316 H...
1628.3464566929133 3960.6299212598424 400.0 100.78740157480316 (aquarelle).
