1557 2902
478 69 538 146 CATALOGUE

52 223 234 95 DE
169 223 430 95 LETTRES
482 223 625 95 AUTOGRAPHES,
950 223 508 95 MANUSCRITS,

432 307 297 107 DOCUMENTS
674 307 297 107 HISTORIQUES,
897 307 204 107 ETC.,

253 404 393 157 DE
515 404 262 157 A.
602 404 655 157 LAVERDET

345 548 163 113 A
438 548 232 113 Paris,
600 548 163 113 rue
693 548 395 113 Saint-Lazare,
995 548 186 113 24

542 731 207 101 Vente
697 731 86 101 à
714 731 276 101 l’amiable,

319 793 198 83 soit
458 793 138 83 par
537 793 296 83 l’insertion
774 793 158 83 dans
872 793 119 83 le
912 793 296 83 bulletin,

141 841 220 96 soit
301 841 140 96 aux
381 841 240 96 enchères
561 841 280 96 publiques,
782 841 120 96 de
842 841 300 96 Collections
1082 841 120 96 ou
1122 841 260 96 parties

320 915 174 61 de
436 915 290 61 Collections
667 915 116 61 de
725 915 212 61 Lettres
860 915 348 61 autographes,

470 958 314 66 Documents
706 958 353 66 historiques,

515 1002 297 69 Manuscrits,
763 1002 149 69 etc.,
846 1002 165 69 etc.

78 1027 286 88 Achats.
302 1027 286 88 —Échanges.
527 1027 102 88 —
568 1027 306 88 Expertises.
813 1027 102 88 —
854 1027 266 88 Rédaction
1058 1027 123 88 de
1099 1027 347 88 Catalogues.

446 1203 266 88 N°1.
639 1203 121 88 —
688 1203 218 88 AVRIL
809 1203 266 88 1856.

36 1366 121 101 1.
96 1366 403 101 Aérostats
439 1366 302 101 (Collection
681 1366 302 101 d’ouvrages,
923 1366 363 101 d’autographes,
1225 1366 121 101 de
1265 1366 222 101 portraits

79 1421 125 73 et
142 1421 291 73 d’estampes
370 1421 208 73 gravés
516 1421 146 73 sur
578 1421 146 73 les).

126 1458 126 79 1°
189 1458 251 79 OUVRAGES
377 1458 272 79 IMPRIMÉS:
586 1458 335 79 Dissertation
858 1458 146 79 sur
942 1458 146 79 les
1026 1458 209 79 globes
1151 1458 335 79 aérostatiques,

81 1519 141 64 par
161 1519 120 64 M.
221 1519 120 64 de
282 1519 301 64 Parcieux...
523 1519 201 64 Paris,
663 1519 181 64 1783,
783 1519 161 64 in-8
884 1519 120 64 de
944 1519 120 64 38
1004 1519 201 64 pages,
1145 1519 161 64 avec
1245 1519 141 64 une
1305 1519 181 64 planche

78 1577 232 58 gravée,
246 1577 210 58 broch.
394 1577 105 58 —
436 1577 210 58 Lettre
583 1577 105 58 à
625 1577 126 58 M.
688 1577 126 58 le
751 1577 274 58 président
962 1577 126 58 de
1025 1577 168 58 ***,
1130 1577 147 58 sur
1214 1577 126 58 le
1278 1577 189 58 globe
1383 1577 105 58 ai-

78 1615 298 57 rostatique,
316 1615 139 57 sur
396 1615 139 57 les
475 1615 179 57 têtes
594 1615 258 57 parlantes
793 1615 119 57 et
852 1615 139 57 sur
931 1615 198 57 l’état
1070 1615 218 57 présent
1229 1615 119 57 de
1269 1615 218 57 l’opinion

76 1662 246 55 publique
260 1662 123 55 de
321 1662 205 55 Paris,
464 1662 164 55 pour
567 1662 205 55 servir
710 1662 123 55 de
772 1662 184 55 suite
894 1662 102 55 à
935 1662 123 55 la
997 1662 205 55 lettre
1140 1662 143 55 sur
1222 1662 123 55 le
1283 1662 184 55 Poëme
1386 1662 102 55 des

75 1705 235 58 Jardins
246 1705 171 58 (par
353 1705 128 58 le
417 1705 193 58 comte
545 1705 128 58 de
610 1705 278 58 Barruel).
824 1705 214 58 Paris,
973 1705 193 58 1783.
1102 1705 128 58 32
1166 1705 128 58 p.
1230 1705 193 58 in-8,
1359 1705 150 58 br.
1423 1705 64 58 —

75 1758 178 54 Essai
194 1758 139 54 sur
273 1758 178 54 l’art
392 1758 119 54 du
452 1758 139 54 vol
531 1758 218 54 aérien,
689 1758 159 54 avec
789 1758 159 54 fig.
888 1758 198 54 Paris,
1026 1758 178 54 1780.
1145 1758 119 54 82
1205 1758 119 54 p.
1264 1758 198 54 in-12,
1383 1758 99 54 br.

74 1808 102 44 —
114 1808 286 44 Recherches
339 1808 143 44 sur
421 1808 184 44 l’art
544 1808 123 44 de
605 1808 205 44 voler,
749 1808 205 44 depuis
892 1808 123 44 la
953 1808 164 44 plus
1055 1808 184 44 haute
1178 1808 266 44 antiquité
1362 1808 123 44 jus-

74 1851 169 61 qu’à
179 1851 126 61 ce
243 1851 190 61 jour,
369 1851 169 61 pour
474 1851 211 61 servir
622 1851 126 61 de
685 1851 295 61 supplément
917 1851 105 61 à
959 1851 126 61 la
1022 1851 316 61 description
1275 1851 148 61 des
1338 1851 148 61 expé-

74 1908 235 50 riences
245 1908 363 50 aérostatiques
544 1908 128 50 de
608 1908 128 50 M.
672 1908 214 50 Faujas
822 1908 128 50 de
886 1908 321 50 Saint-Fond;
1142 1908 150 50 par
1228 1908 192 50 David
1334 1908 150 50 Bour-

75 1947 201 73 geois.
216 1947 201 73 Paris,
356 1947 181 73 1784.
477 1947 161 73 In-8
577 1947 121 73 de
638 1947 141 73 143
718 1947 121 73 p.
778 1947 141 73 br.
859 1947 101 73 —
899 1947 181 73 Moyen
1020 1947 121 73 de
1080 1947 221 73 diriger
1221 1947 261 73 l’aérostat,

76 1998 166 56 avec
180 1998 124 56 un
242 1998 207 56 précis
387 1998 290 56 historique
615 1998 145 56 des
698 1998 269 56 démarches
905 1998 145 56 que
988 1998 249 56 l’auteur
1174 1998 104 56 a
1216 1998 228 56 faites,
1361 1998 124 56 par-

72 2046 388 66 ticulièrement
392 2046 228 66 auprès
552 2046 137 66 de
620 2046 320 66 l’Académie
871 2046 160 66 des
963 2046 297 66 Sciences,
1191 2046 137 66 et
1260 2046 137 66 du
1305 2046 183 66 succès

74 2091 234 62 qu’elles
250 2091 137 62 ont
328 2091 137 62 eu,
407 2091 137 62 par
485 2091 117 62 M.
543 2091 254 62 Salles...
739 2091 176 62 Pékin
856 2091 234 62 (Paris),
1032 2091 176 62 1784.
1149 2091 117 62 96
1208 2091 117 62 p.
1266 2091 176 62 in-8,
1364 2091 117 62 br.,

72 2145 179 44 avec
183 2145 112 44 5
228 2145 156 44 gr.
318 2145 156 44 pl.
407 2145 268 44 gravées.
608 2145 112 44 —
653 2145 246 44 Mémoire
832 2145 156 44 sur
921 2145 156 44 les
1011 2145 335 44 expériences
1256 2145 224 44 aérosta-

72 2183 213 67 tiques
221 2183 213 67 faites
370 2183 149 67 par
456 2183 149 67 MM.
541 2183 213 67 Robert
690 2183 277 67 frères...
904 2183 213 67 Paris,
1053 2183 192 67 1784.
1181 2183 128 67 20
1245 2183 128 67 p.
1309 2183 192 67 in-4.
1416 2183 64 67 —

71 2238 124 51 La
133 2238 290 51 Robertiade
362 2238 124 51 ou
424 2238 124 51 le
486 2238 249 51 triomphe
672 2238 145 51 des
755 2238 166 51 plus
859 2238 290 51 intrépides
1087 2238 124 51 et
1149 2238 145 51 des
1232 2238 166 51 plus
1315 2238 166 51 illus-

70 2283 176 53 tres
180 2283 308 53 voyageurs;
422 2283 154 53 MM.
510 2283 242 53 Robert.
686 2283 198 53 1784.
818 2283 110 53 4
862 2283 132 53 p.
928 2283 198 53 in-4.
1060 2283 110 53 —
1104 2283 220 53 Vovage
1258 2283 220 53 autour
1390 2283 88 53 de

72 2328 121 56 la
132 2328 201 56 terre,
273 2328 161 56 avec
373 2328 121 56 le
434 2328 181 56 globe
554 2328 342 56 aérostatique,
836 2328 141 56 par
916 2328 121 56 M.
976 2328 161 56 L...
1077 2328 121 56 de
1137 2328 161 56 M...
1238 2328 201 56 Paris,
1358 2328 121 56 1784

69 2379 145 51 (en
152 2379 187 51 vers,
277 2379 104 51 6
318 2379 124 51 p.
380 2379 187 51 in-8,
505 2379 270 51 incomplet
712 2379 124 51 de
774 2379 124 51 la
836 2379 187 51 fin).
961 2379 104 51 —
1002 2379 249 51 Première
1189 2379 290 51 expérience
1396 2379 83 51 de

69 2425 126 52 la
132 2425 336 52 Montgolfière
405 2425 294 52 construite
636 2425 147 52 par
720 2425 189 52 ordre
847 2425 126 52 du
910 2425 168 52 Roi,
1015 2425 210 52 lancée
1162 2425 126 52 en
1225 2425 252 52 présence
1393 2425 84 52 de

66 2473 201 63 Leurs
200 2473 291 63 Majestés,
424 2473 134 63 de
491 2473 134 63 la
558 2473 246 63 famille
737 2473 224 63 royale
893 2473 134 63 et
960 2473 134 63 de
1028 2473 134 63 M.
1095 2473 134 63 le
1162 2473 201 63 comte
1274 2473 201 63 d’Haga.

66 2520 217 53 Paris,
218 2520 304 53 imprimerie
457 2520 130 53 de
522 2520 282 53 Monsieur,
739 2520 195 53 1784.
869 2520 130 53 20
934 2520 130 53 p.
1000 2520 195 53 in-4.
1130 2520 109 53 —
1173 2520 152 53 Des
1238 2520 239 53 avantages

69 2570 152 66 que
156 2570 130 66 la
221 2570 260 66 physique
416 2570 130 66 et
481 2570 152 66 les
568 2570 173 66 arts
676 2570 152 66 qui
763 2570 130 66 en
828 2570 282 66 dépendent
1045 2570 238 66 peuvent
1218 2570 238 66 retirer
1370 2570 108 66 des

71 2618 203 71 globes
213 2618 366 71 aérostatiques,
517 2618 142 71 par
599 2618 203 71 l’abbé
741 2618 284 71 Bertholon.
964 2618 325 71 Montpellier,
1228 2618 183 71 1784,
1350 2618 122 71 82
1391 2618 81 71 p.

70 2674 189 38 in-8,
196 2674 168 38 rel.
301 2674 105 38 —
343 2674 336 38 Dissertation
616 2674 147 38 sur
700 2674 147 38 les
784 2674 273 38 aérostats
993 2674 147 38 des
1077 2674 231 38 anciens
1245 2674 126 38 et
1308 2674 147 38 des
1371 2674 105 38 mo-

68 2708 235 66 dernes,
238 2708 149 66 par
324 2708 128 66 A.
388 2708 128 66 G.
452 2708 213 66 RO***.
601 2708 235 66 Genève,
772 2708 192 66 1784.
900 2708 149 66 175
985 2708 128 66 p.
1049 2708 213 66 in-12,
1199 2708 149 66 br.
1284 2708 107 66 —
1305 2708 171 66 Lettre

70 2758 106 94 à
112 2758 127 94 M.
176 2758 127 94 de
240 2758 319 94 Saint-Just,
495 2758 149 94 sur
580 2758 127 94 le
643 2758 191 94 globe
771 2758 340 94 aérostatique
1047 2758 127 94 de
1111 2758 149 94 MM.
1175 2758 297 94 Montgolfier,
