3321.259842519685 5381.102362204724
1185.8267716535433 475.59055118110234 374.8031496062992 170.07874015748033 —
1261.4173228346456 475.59055118110234 225.1968503937008 170.07874015748033 7

437.79527559055117 640.9448818897638 420.4724409448819 151.1811023622047 Portrait
752.7559055118111 640.9448818897638 209.4488188976378 151.1811023622047 de
856.6929133858267 640.9448818897638 280.31496062992125 151.1811023622047 Mlle
996.8503937007874 640.9448818897638 140.15748031496062 151.1811023622047 L.

437.79527559055117 766.9291338582677 310.23622047244095 132.28346456692913 Deux
631.496062992126 766.9291338582677 387.40157480314963 132.28346456692913 copies
902.3622047244095 766.9291338582677 425.1968503937008 132.28346456692913 d’après
1212.5984251968505 766.9291338582677 464.56692913385825 132.28346456692913 Van-Dick
1560.6299212598426 766.9291338582677 231.49606299212599 132.28346456692913 et
1637.7952755905512 766.9291338582677 464.56692913385825 132.28346456692913 Velesquez.

439.37007874015745 903.9370078740158 338.5826771653543 141.73228346456693 Copie
664.5669291338583 903.9370078740158 412.59842519685037 141.73228346456693 d’après
965.3543307086615 903.9370078740158 225.1968503937008 141.73228346456693 la
1077.1653543307086 903.9370078740158 412.59842519685037 141.73228346456693 gravure
1377.9527559055118 903.9370078740158 300.78740157480314 141.73228346456693 d’un
1565.3543307086613 903.9370078740158 412.59842519685037 141.73228346456693 tableau
1866.1417322834645 903.9370078740158 225.1968503937008 141.73228346456693 de
1941.732283464567 903.9370078740158 374.8031496062992 141.73228346456693 Raphaël.

922.8346456692914 1048.8188976377953 261.4173228346457 162.20472440944883 Mlle
1086.6141732283465 1048.8188976377953 393.7007874015748 162.20472440944883 HUMBERT,
1381.1023622047244 1048.8188976377953 294.48818897637796 162.20472440944883 de
1544.8818897637796 1048.8188976377953 360.62992125984255 162.20472440944883 Metz

261.4173228346457 1193.7007874015749 275.59055118110234 193.70078740157481 67.
418.8976377952756 1193.7007874015749 236.2204724409449 193.70078740157481 Un
497.6377952755906 1193.7007874015749 472.4409448818898 193.70078740157481 intérieur.

1187.4015748031495 1280.3149606299212 374.8031496062992 173.22834645669292 HEYM.

259.84251968503935 1431.4960629921259 278.74015748031496 179.5275590551181 68.
418.8976377952756 1431.4960629921259 278.74015748031496 179.5275590551181 Une
577.9527559055118 1431.4960629921259 598.4251968503937 179.5275590551181 Cathédrale,
1056.6929133858268 1431.4960629921259 439.37007874015745 179.5275590551181 ouvrage
1376.3779527559054 1431.4960629921259 239.37007874015748 179.5275590551181 en
1456.6929133858268 1431.4960629921259 278.74015748031496 179.5275590551181 bois.

883.4645669291339 1603.1496062992126 363.7795275590551 155.90551181102362 JACQUEL
1148.0314960629921 1603.1496062992126 396.8503937007874 155.90551181102362 (Émile),
1447.244094488189 1603.1496062992126 297.6377952755906 155.90551181102362 de
1612.5984251968505 1603.1496062992126 330.70866141732284 155.90551181102362 Vie

256.6929133858268 1776.3779527559054 274.01574803149606 157.48031496062993 69.
412.59842519685037 1776.3779527559054 429.9212598425197 157.48031496062993 L’heure
725.9842519685039 1776.3779527559054 234.64566929133858 157.48031496062993 du
842.5196850393701 1776.3779527559054 429.9212598425197 157.48031496062993 Berger,
1116.5354330708662 1776.3779527559054 546.4566929133858 157.48031496062993 (aquarelle).

259.84251968503935 1903.9370078740158 248.8188976377953 151.1811023622047 70.
403.1496062992126 1903.9370078740158 248.8188976377953 151.1811023622047 Une
544.8818897637796 1903.9370078740158 283.46456692913387 151.1811023622047 nuit
721.2598425196851 1903.9370078740158 212.5984251968504 151.1811023622047 de
828.3464566929134 1903.9370078740158 354.3307086614173 151.1811023622047 noces,
1075.5905511811025 1903.9370078740158 532.2834645669292 151.1811023622047 idem
1502.3622047244094 1903.9370078740158 390.5511811023622 151.1811023622047 d’après
1785.8267716535433 1903.9370078740158 319.68503937007875 151.1811023622047 Tonny
1998.4251968503936 1903.9370078740158 461.4173228346457 151.1811023622047 Johannot,
2316.535433070866 1903.9370078740158 248.8188976377953 151.1811023622047 sujet

538.5826771653543 2051.968503937008 318.1102362204724 138.58267716535434 tiré
737.007874015748 2051.968503937008 239.37007874015748 138.58267716535434 du
856.6929133858267 2051.968503937008 357.4803149606299 138.58267716535434 roman
1096.0629921259842 2051.968503937008 239.37007874015748 138.58267716535434 de
1214.1732283464567 2051.968503937008 557.4803149606299 138.58267716535434 Notre-Dame
1651.9685039370079 2051.968503937008 239.37007874015748 138.58267716535434 de
1732.283464566929 2051.968503937008 318.1102362204724 138.58267716535434 Paris.

255.11811023622047 2144.8818897637793 277.1653543307087 144.88188976377953 71.
414.1732283464567 2144.8818897637793 277.1653543307087 144.88188976377953 Les
571.6535433070866 2144.8818897637793 318.1102362204724 144.88188976377953 oies
771.6535433070866 2144.8818897637793 237.79527559055117 144.88188976377953 du
889.7637795275591 2144.8818897637793 357.4803149606299 144.88188976377953 frère
1127.5590551181103 2144.8818897637793 516.5354330708661 144.88188976377953 Philippe,
1525.984251968504 2144.8818897637793 436.2204724409449 144.88188976377953 d’après
1842.5196850393702 2144.8818897637793 396.8503937007874 144.88188976377953 Baron,
2121.259842519685 2144.8818897637793 357.4803149606299 144.88188976377953 sujet
2319.685039370079 2144.8818897637793 237.79527559055117 144.88188976377953 d’un

537.007874015748 2269.2913385826773 344.88188976377955 138.58267716535434 conte
766.9291338582677 2269.2913385826773 229.92125984251967 138.58267716535434 de
842.5196850393701 2269.2913385826773 384.251968503937 138.58267716535434 Boccace.

1107.0866141732283 2371.6535433070867 505.51181102362204 177.95275590551182 LÆEMLIN
1428.3464566929133 2371.6535433070867 275.59055118110234 177.95275590551182 (A).

258.26771653543307 2489.763779527559 256.6929133858268 152.75590551181102 72.
404.7244094488189 2489.763779527559 585.8267716535433 152.75590551181102 Lithographie
880.3149606299213 2489.763779527559 256.6929133858268 152.75590551181102 par
1025.1968503937007 2489.763779527559 439.37007874015745 152.75590551181102 l’auteur
1354.3307086614172 2489.763779527559 218.89763779527559 152.75590551181102 de
1464.5669291338584 2489.763779527559 256.6929133858268 152.75590551181102 son
1611.023622047244 2489.763779527559 401.5748031496063 152.75590551181102 tableau
1903.9370078740158 2489.763779527559 218.89763779527559 152.75590551181102 de
2012.5984251968505 2489.763779527559 218.89763779527559 152.75590551181102 la
2086.6141732283463 2489.763779527559 365.3543307086614 152.75590551181102 Charité.

563.7795275590552 2666.1417322834645 447.244094488189 170.07874015748033 LEBORNE,
899.2125984251968 2666.1417322834645 595.2755905511812 170.07874015748033 Directeur
1382.6771653543308 2666.1417322834645 223.6220472440945 170.07874015748033 du
1494.4881889763778 2666.1417322834645 335.43307086614175 170.07874015748033 Musée
1718.1102362204724 2666.1417322834645 223.6220472440945 170.07874015748033 de
1792.1259842519685 2666.1417322834645 447.244094488189 170.07874015748033 Nancy

253.54330708661416 2812.5984251968503 264.56692913385825 185.82677165354332 73.
404.7244094488189 2812.5984251968503 379.5275590551181 185.82677165354332 Séjour
670.8661417322835 2812.5984251968503 226.77165354330708 185.82677165354332 de
784.2519685039371 2812.5984251968503 455.11811023622045 185.82677165354332 Salvator
1124.4094488188975 2812.5984251968503 303.93700787401576 185.82677165354332 Rosa
1314.9606299212599 2812.5984251968503 341.73228346456693 185.82677165354332 parmi
1541.732283464567 2812.5984251968503 264.56692913385825 185.82677165354332 les
1655.1181102362204 2812.5984251968503 379.5275590551181 185.82677165354332 bandits.

333.8582677165354 2992.1259842519685 451.9685039370079 141.73228346456693 Salvator,
680.3149606299213 2992.1259842519685 382.6771653543307 141.73228346456693 peintre
959.0551181102362 2992.1259842519685 417.3228346456693 141.73228346456693 célèbre,
1270.8661417322835 2992.1259842519685 486.61417322834643 141.73228346456693 parcourant
1653.5433070866143 2992.1259842519685 277.1653543307087 141.73228346456693 dans
1826.7716535433071 2992.1259842519685 207.8740157480315 141.73228346456693 sa
1930.708661417323 2992.1259842519685 417.3228346456693 141.73228346456693 jeunesse
2244.0944881889764 2992.1259842519685 242.51968503937007 141.73228346456693 les
2348.031496062992 2992.1259842519685 207.8740157480315 141.73228346456693 mon-

255.11811023622047 3088.1889763779527 343.3070866141732 113.38582677165354 tagnes
496.06299212598424 3088.1889763779527 240.9448818897638 113.38582677165354 des
633.0708661417323 3088.1889763779527 445.6692913385827 113.38582677165354 Abruzzes,
976.3779527559055 3088.1889763779527 240.9448818897638 113.38582677165354 fut
1113.3858267716535 3088.1889763779527 274.01574803149606 113.38582677165354 pris
1285.0393700787401 3088.1889763779527 240.9448818897638 113.38582677165354 par
1422.0472440944882 3088.1889763779527 240.9448818897638 113.38582677165354 une
1560.6299212598426 3088.1889763779527 343.3070866141732 113.38582677165354 troupe
1800.0 3088.1889763779527 206.29921259842519 113.38582677165354 de
1903.9370078740158 3088.1889763779527 377.9527559055118 113.38582677165354 bandits
2177.952755905512 3088.1889763779527 240.9448818897638 113.38582677165354 qui
2314.9606299212596 3088.1889763779527 206.29921259842519 113.38582677165354 le
2384.251968503937 3088.1889763779527 171.6535433070866 113.38582677165354 re-

262.99212598425197 3207.8740157480315 351.18110236220474 111.81102362204724 tinrent
518.1102362204724 3207.8740157480315 478.74015748031496 111.81102362204724 prisonnier.
900.7874015748032 3207.8740157480315 190.5511811023622 111.81102362204724 Il
995.2755905511812 3207.8740157480315 255.11811023622047 111.81102362204724 tira
1154.3307086614172 3207.8740157480315 286.61417322834643 111.81102362204724 parti
1346.4566929133857 3207.8740157480315 190.5511811023622 111.81102362204724 de
1442.5196850393702 3207.8740157480315 286.61417322834643 111.81102362204724 cette
1633.0708661417323 3207.8740157480315 223.6220472440945 111.81102362204724 vie
1760.6299212598426 3207.8740157480315 351.18110236220474 111.81102362204724 errante
2015.748031496063 3207.8740157480315 190.5511811023622 111.81102362204724 au
2111.8110236220473 3207.8740157480315 318.1102362204724 111.81102362204724 profit
2333.8582677165355 3207.8740157480315 190.5511811023622 111.81102362204724 de
2398.4251968503936 3207.8740157480315 159.0551181102362 111.81102362204724 son

256.6929133858268 3292.9133858267714 266.1417322834646 116.53543307086615 art,
423.62204724409446 3292.9133858267714 200.0 116.53543307086615 en
522.8346456692914 3292.9133858267714 466.1417322834646 116.53543307086615 dessinant,
888.1889763779527 3292.9133858267714 266.1417322834646 116.53543307086615 dans
1055.1181102362204 3292.9133858267714 233.0708661417323 116.53543307086615 les
1188.976377952756 3292.9133858267714 365.3543307086614 116.53543307086615 moments
1455.1181102362204 3292.9133858267714 200.0 116.53543307086615 de
1554.3307086614172 3292.9133858267714 332.2834645669291 116.53543307086615 repos,
1787.4015748031495 3292.9133858267714 233.0708661417323 116.53543307086615 les
1919.6850393700788 3292.9133858267714 299.21259842519686 116.53543307086615 sites
2119.685039370079 3292.9133858267714 400.0 116.53543307086615 sauvages
2385.8267716535433 3292.9133858267714 166.9291338582677 116.53543307086615 qui

255.11811023622047 3398.4251968503936 600.0 140.15748031496062 l’entouraient,
754.3307086614174 3398.4251968503936 299.21259842519686 140.15748031496062 ainsi
954.3307086614174 3398.4251968503936 233.0708661417323 140.15748031496062 que
1088.1889763779527 3398.4251968503936 233.0708661417323 140.15748031496062 les
1222.0472440944882 3398.4251968503936 366.92913385826773 140.15748031496062 figures
1488.1889763779527 3398.4251968503936 400.0 140.15748031496062 étranges
1787.4015748031495 3398.4251968503936 200.0 140.15748031496062 et
1888.1889763779527 3398.4251968503936 533.8582677165355 140.15748031496062 pittoresques
2321.259842519685 3398.4251968503936 200.0 140.15748031496062 de
2387.4015748031497 3398.4251968503936 166.9291338582677 140.15748031496062 ses

207.8740157480315 3497.6377952755906 522.8346456692914 127.55905511811024 compagnons.

248.8188976377953 3629.9212598425197 277.1653543307087 137.00787401574803 74.
406.2992125984252 3629.9212598425197 434.6456692913386 137.00787401574803 Épisode
722.8346456692914 3629.9212598425197 237.79527559055117 137.00787401574803 de
840.9448818897638 3629.9212598425197 237.79527559055117 137.00787401574803 la
960.6299212598425 3629.9212598425197 395.2755905511811 137.00787401574803 guerre
1236.2204724409448 3629.9212598425197 513.3858267716536 137.00787401574803 d’Espagne
1631.4960629921259 3629.9212598425197 237.79527559055117 137.00787401574803 en
1710.236220472441 3629.9212598425197 277.1653543307087 137.00787401574803 1809.

327.5590551181102 3763.779527559055 244.09448818897638 124.40944881889764 Des
466.1417322834646 3763.779527559055 451.9685039370079 124.40944881889764 guérillas
814.1732283464567 3763.779527559055 486.61417322834643 124.40944881889764 poursuivis
1196.8503937007874 3763.779527559055 244.09448818897638 124.40944881889764 par
1337.007874015748 3763.779527559055 209.4488188976378 124.40944881889764 un
1440.9448818897638 3763.779527559055 521.2598425196851 124.40944881889764 détachement
1858.267716535433 3763.779527559055 209.4488188976378 124.40944881889764 de
1962.2047244094488 3763.779527559055 382.6771653543307 124.40944881889764 soldats
2206.299212598425 3763.779527559055 348.0314960629921 124.40944881889764 Français

253.54330708661416 3875.5905511811025 200.0 122.83464566929133 se
352.755905511811 3875.5905511811025 267.7165354330709 122.83464566929133 sont
521.2598425196851 3875.5905511811025 366.92913385826773 122.83464566929133 retirés
787.4015748031496 3875.5905511811025 267.7165354330709 122.83464566929133 dans
954.3307086614174 3875.5905511811025 200.0 122.83464566929133 un
1055.1181102362204 3875.5905511811025 300.78740157480314 122.83464566929133 petit
1255.1181102362204 3875.5905511811025 401.5748031496063 122.83464566929133 couvent.
1555.9055118110236 3875.5905511811025 234.64566929133858 122.83464566929133 Les
1689.763779527559 3875.5905511811025 366.92913385826773 122.83464566929133 moines,
1957.4803149606298 3875.5905511811025 300.78740157480314 122.83464566929133 comme
2157.48031496063 3875.5905511811025 200.0 122.83464566929133 il
2225.196850393701 3875.5905511811025 333.8582677165354 122.83464566929133 arrivait

253.54330708661416 3992.1259842519685 371.65354330708664 116.53543307086615 souvent
522.8346456692914 3992.1259842519685 338.5826771653543 116.53543307086615 alors,
760.6299212598425 3992.1259842519685 203.1496062992126 116.53543307086615 se
861.4173228346457 3992.1259842519685 406.2992125984252 116.53543307086615 joignent
1165.3543307086613 3992.1259842519685 168.50393700787401 116.53543307086615 à
1233.0708661417323 3992.1259842519685 236.2204724409449 116.53543307086615 eux
1368.5039370078741 3992.1259842519685 270.86614173228344 116.53543307086615 pour
1538.5826771653544 3992.1259842519685 236.2204724409449 116.53543307086615 les
1674.015748031496 3992.1259842519685 371.65354330708664 116.53543307086615 exciter
1943.3070866141732 3992.1259842519685 203.1496062992126 116.53543307086615 et
2045.6692913385828 3992.1259842519685 236.2204724409449 116.53543307086615 les
2181.1023622047246 3992.1259842519685 303.93700787401576 116.53543307086615 aider
2384.251968503937 3992.1259842519685 168.50393700787401 116.53543307086615 à
2417.3228346456694 3992.1259842519685 135.43307086614172 116.53543307086615 la

251.96850393700788 4069.2913385826773 437.79527559055117 149.60629921259843 défense.
581.1023622047244 4069.2913385826773 218.89763779527559 149.60629921259843 Un
689.7637795275591 4069.2913385826773 329.13385826771656 149.60629921259843 jeune
908.6614173228346 4069.2913385826773 437.79527559055117 149.60629921259843 Espagnol
1237.7952755905512 4069.2913385826773 329.13385826771656 149.60629921259843 tombe
1456.6929133858268 4069.2913385826773 365.3543307086614 149.60629921259843 frappé
1713.3858267716535 4069.2913385826773 584.2519685039371 149.60629921259843 mortellement
2187.4015748031497 4069.2913385826773 292.9133858267717 149.60629921259843 près
2333.8582677165355 4069.2913385826773 218.89763779527559 149.60629921259843 d’un

251.96850393700788 4177.952755905511 333.8582677165354 143.30708661417322 moine;
485.03937007874015 4177.952755905511 299.21259842519686 143.30708661417322 celui
685.0393700787401 4177.952755905511 200.0 143.30708661417322 ci
784.2519685039371 4177.952755905511 333.8582677165354 143.30708661417322 saisit
1018.8976377952756 4177.952755905511 299.21259842519686 143.30708661417322 d’une
1218.8976377952756 4177.952755905511 266.1417322834646 143.30708661417322 main
1384.251968503937 4177.952755905511 200.0 143.30708661417322 le
1485.0393700787401 4177.952755905511 299.21259842519686 143.30708661417322 fusil
1685.0393700787401 4177.952755905511 200.0 143.30708661417322 du
1784.251968503937 4177.952755905511 333.8582677165354 143.30708661417322 blessé
2017.3228346456692 4177.952755905511 266.1417322834646 143.30708661417322 pour
2184.251968503937 4177.952755905511 200.0 143.30708661417322 le
2251.968503937008 4177.952755905511 299.21259842519686 143.30708661417322 venger,

251.96850393700788 4297.63779527559 203.1496062992126 155.90551181102362 et
352.755905511811 4297.63779527559 203.1496062992126 155.90551181102362 de
453.54330708661416 4297.63779527559 371.65354330708664 155.90551181102362 l’autre
724.4094488188977 4297.63779527559 203.1496062992126 155.90551181102362 il
825.1968503937007 4297.63779527559 303.93700787401576 155.90551181102362 élève
1028.3464566929133 4297.63779527559 203.1496062992126 155.90551181102362 la
1129.1338582677165 4297.63779527559 303.93700787401576 155.90551181102362 croix
1332.283464566929 4297.63779527559 270.86614173228344 155.90551181102362 pour
1500.7874015748032 4297.63779527559 404.7244094488189 155.90551181102362 implorer
1804.724409448819 4297.63779527559 203.1496062992126 155.90551181102362 le
1905.5118110236222 4297.63779527559 371.65354330708664 155.90551181102362 secours
2176.3779527559054 4297.63779527559 203.1496062992126 155.90551181102362 du
2277.165354330709 4297.63779527559 270.86614173228344 155.90551181102362 ciel
2412.5984251968503 4297.63779527559 135.43307086614172 155.90551181102362 en

253.54330708661416 4385.826771653543 337.00787401574803 152.75590551181102 faveur
489.76377952755905 4385.826771653543 203.1496062992126 152.75590551181102 de
590.5511811023622 4385.826771653543 203.1496062992126 152.75590551181102 sa
691.3385826771654 4385.826771653543 337.00787401574803 152.75590551181102 patrie
927.5590551181102 4385.826771653543 203.1496062992126 152.75590551181102 si
1029.9212598425197 4385.826771653543 505.51181102362204 152.75590551181102 injustement
1400.0 4385.826771653543 371.65354330708664 152.75590551181102 opprimée.
