3296.0629921259842 5400.0
1639.3700787401574 496.06299212598424 357.4803149606299 124.40944881889764 —
1781.1023622047244 496.06299212598424 357.4803149606299 124.40944881889764 8
1853.5433070866143 496.06299212598424 214.17322834645668 124.40944881889764 —

710.2362204724409 670.8661417322835 269.29133858267716 129.13385826771653 75.
862.992125984252 670.8661417322835 462.99212598425197 129.13385826771653 Portrait
1211.023622047244 670.8661417322835 346.45669291338584 129.13385826771653 d’une
1442.5196850393702 670.8661417322835 346.45669291338584 129.13385826771653 jeune
1674.015748031496 670.8661417322835 385.8267716535433 129.13385826771653 femme,
1943.3070866141732 670.8661417322835 346.45669291338584 129.13385826771653 étude
2174.803149606299 670.8661417322835 346.45669291338584 129.13385826771653 faite
2406.299212598425 670.8661417322835 231.49606299212599 129.13385826771653 en
2483.464566929134 670.8661417322835 269.29133858267716 129.13385826771653 1844.

707.0866141732283 774.8031496062993 274.01574803149606 129.13385826771653 76.
862.992125984252 774.8031496062993 234.64566929133858 129.13385826771653 La
981.1023622047244 774.8031496062993 351.18110236220474 129.13385826771653 chute
1215.748031496063 774.8031496062993 390.5511811023622 129.13385826771653 d’eau.
1489.763779527559 774.8031496062993 469.29133858267716 129.13385826771653 Souvenir
1840.9448818897638 774.8031496062993 234.64566929133858 129.13385826771653 du
1957.4803149606298 774.8031496062993 313.38582677165357 129.13385826771653 Jura
2114.9606299212596 774.8031496062993 351.18110236220474 129.13385826771653 Suisse.

705.511811023622 903.9370078740158 272.4409448818898 124.40944881889764 77.
861.4173228346457 903.9370078740158 272.4409448818898 124.40944881889764 Vue
1017.3228346456693 903.9370078740158 349.6062992125984 124.40944881889764 prise
1250.3937007874015 903.9370078740158 272.4409448818898 124.40944881889764 sur
1404.724409448819 903.9370078740158 233.0708661417323 124.40944881889764 la
1521.259842519685 903.9370078740158 388.9763779527559 124.40944881889764 Birse,
1793.7007874015749 903.9370078740158 310.23622047244095 124.40944881889764 dans
1987.4015748031495 903.9370078740158 233.0708661417323 124.40944881889764 le
2103.9370078740158 903.9370078740158 349.6062992125984 124.40944881889764 grand
2337.0078740157483 903.9370078740158 349.6062992125984 124.40944881889764 duché
2570.0787401574803 903.9370078740158 233.0708661417323 124.40944881889764 de
2647.244094488189 903.9370078740158 272.4409448818898 124.40944881889764 Bade.

707.0866141732283 1022.0472440944882 267.7165354330709 140.15748031496062 78.
859.8425196850394 1022.0472440944882 343.3070866141732 140.15748031496062 Effet
1088.1889763779527 1022.0472440944882 228.3464566929134 140.15748031496062 du
1203.1496062992126 1022.0472440944882 343.3070866141732 140.15748031496062 soir.
1393.7007874015749 1022.0472440944882 381.1023622047244 140.15748031496062 Paysage.

710.2362204724409 1138.5826771653544 262.99212598425197 144.88188976377953 79.
861.4173228346457 1138.5826771653544 300.78740157480314 144.88188976377953 Tête
1048.8188976377953 1138.5826771653544 225.1968503937008 144.88188976377953 de
1160.6299212598426 1138.5826771653544 412.59842519685037 144.88188976377953 Vierge.
1461.4173228346456 1138.5826771653544 488.18897637795277 144.88188976377953 Fantaisie
1837.7952755905512 1138.5826771653544 225.1968503937008 144.88188976377953 au
1911.8110236220473 1138.5826771653544 338.5826771653543 144.88188976377953 pastel.

714.9606299212599 1240.9448818897638 245.66929133858267 206.29921259842519 80.
855.1181102362204 1240.9448818897638 280.31496062992125 206.29921259842519 Tête
1029.9212598425197 1240.9448818897638 211.0236220472441 206.29921259842519 de
1135.4330708661416 1240.9448818897638 314.96062992125985 206.29921259842519 jeune
1344.8818897637796 1240.9448818897638 351.18110236220474 206.29921259842519 femme;
1590.5511811023623 1240.9448818897638 385.8267716535433 206.29921259842519 costume
1870.8661417322835 1240.9448818897638 314.96062992125985 206.29921259842519 Louis
2081.8897637795276 1240.9448818897638 245.66929133858267 206.29921259842519 XV,
2185.8267716535433 1240.9448818897638 491.33858267716533 206.29921259842519 idem

1587.4015748031495 1444.0944881889764 502.3622047244094 162.20472440944883 LEBOEUF.

718.1102362204724 1614.1732283464567 266.1417322834646 152.75590551181102 81.
869.2913385826772 1614.1732283464567 455.11811023622045 152.75590551181102 Portrait
1211.023622047244 1614.1732283464567 228.3464566929134 152.75590551181102 du
1325.984251968504 1614.1732283464567 303.93700787401576 152.75590551181102 pape
1514.9606299212599 1614.1732283464567 266.1417322834646 152.75590551181102 Pie
1628.3464566929133 1614.1732283464567 190.5511811023622 152.75590551181102 IX.

718.1102362204724 1743.3070866141732 296.06299212598424 162.20472440944883 82.
888.1889763779527 1743.3070866141732 253.54330708661416 162.20472440944883 Un
1014.1732283464567 1743.3070866141732 508.66141732283467 162.20472440944883 Capucin,
1352.755905511811 1743.3070866141732 423.62204724409446 162.20472440944883 (étude).

1489.763779527559 1902.3622047244094 685.0393700787401 159.0551181102362 LEFORESTIER.

718.1102362204724 2025.1968503937007 285.03937007874015 190.5511811023622 82.
881.8897637795276 2025.1968503937007 366.92913385826773 190.5511811023622 Trois
1125.984251968504 2025.1968503937007 406.2992125984252 190.5511811023622 cadres
1409.4488188976377 2025.1968503937007 244.09448818897638 190.5511811023622 de
1532.283464566929 2025.1968503937007 488.18897637795277 190.5511811023622 dessins,
1897.6377952755906 2025.1968503937007 366.92913385826773 190.5511811023622 (même
2102.3622047244094 2025.1968503937007 406.2992125984252 190.5511811023622 numéro).

798.4251968503937 2272.4409448818897 253.54330708661416 138.58267716535434 LÉVY
957.4803149606299 2272.4409448818897 444.09448818897636 138.58267716535434 (Gustave),
1305.5118110236222 2272.4409448818897 475.59055118110234 138.58267716535434 graveur,
1686.6141732283465 2272.4409448818897 222.04724409448818 138.58267716535434 rue
1814.1732283464567 2272.4409448818897 603.1496062992126 138.58267716535434 St-Antoine
2321.259842519685 2272.4409448818897 222.04724409448818 138.58267716535434 32,
2448.818897637795 2272.4409448818897 253.54330708661416 138.58267716535434 à
2574.803149606299 2272.4409448818897 381.1023622047244 138.58267716535434 Paris

721.2598425196851 2381.1023622047246 266.1417322834646 173.22834645669292 83.
872.4409448818898 2381.1023622047246 228.3464566929134 173.22834645669292 Le
987.4015748031496 2381.1023622047246 266.1417322834646 173.22834645669292 roi
1138.5826771653544 2381.1023622047246 266.1417322834646 173.22834645669292 des
1289.763779527559 2381.1023622047246 417.3228346456693 173.22834645669292 Belges,
1593.7007874015749 2381.1023622047246 341.73228346456693 173.22834645669292 gravé
1822.0472440944882 2381.1023622047246 266.1417322834646 173.22834645669292 sur
1935.4330708661416 2381.1023622047246 303.93700787401576 173.22834645669292 acier.

716.5354330708661 2532.283464566929 311.81102362204723 129.13385826771653 84.
850.3937007874016 2532.283464566929 533.8582677165355 129.13385826771653 Rembrandt.

725.9842519685039 2648.818897637795 272.4409448818898 192.1259842519685 85.
881.8897637795276 2648.818897637795 505.51181102362204 192.1259842519685 Edelinck,
1270.8661417322835 2648.818897637795 428.34645669291336 192.1259842519685 graveur
1582.6771653543308 2648.818897637795 311.81102362204723 192.1259842519685 sous
1776.3779527559054 2648.818897637795 349.6062992125984 192.1259842519685 Louis
1971.6535433070867 2648.818897637795 233.0708661417323 192.1259842519685 XIV.

1096.0629921259842 2840.9448818897636 462.99212598425197 168.50393700787401 MÉNESSIER
1451.9685039370079 2840.9448818897636 497.6377952755906 168.50393700787401 (Auguste),
1844.0944881889764 2840.9448818897636 497.6377952755906 168.50393700787401 peintre
2236.220472440945 2840.9448818897636 177.95275590551182 168.50393700787401 à
2270.8661417322833 2840.9448818897636 392.12598425196853 168.50393700787401 Metz

729.1338582677165 3011.0236220472443 259.84251968503935 135.43307086614172 86.
878.7401574803149 3011.0236220472443 333.8582677165354 135.43307086614172 Effet
1100.7874015748032 3011.0236220472443 222.04724409448818 135.43307086614172 de
1211.023622047244 3011.0236220472443 333.8582677165354 135.43307086614172 clair
1433.0708661417323 3011.0236220472443 222.04724409448818 135.43307086614172 de
1507.0866141732283 3011.0236220472443 259.84251968503935 135.43307086614172 lune.

730.7086614173228 3119.685039370079 261.4173228346457 138.58267716535434 87.
880.3149606299213 3119.685039370079 337.00787401574803 138.58267716535434 Effet
1105.5118110236222 3119.685039370079 225.1968503937008 138.58267716535434 du
1181.1023622047244 3119.685039370079 261.4173228346457 138.58267716535434 soir.

733.8582677165355 3203.149606299213 259.84251968503935 215.748031496063 88.
883.4645669291339 3203.149606299213 445.6692913385827 215.748031496063 Souvenir
1217.3228346456692 3203.149606299213 335.43307086614175 215.748031496063 d’une
1440.9448818897638 3203.149606299213 483.46456692913387 215.748031496063 chapelle,
1812.5984251968505 3203.149606299213 259.84251968503935 215.748031496063 sur
1962.2047244094488 3203.149606299213 259.84251968503935 215.748031496063 les
2110.236220472441 3203.149606299213 335.43307086614175 215.748031496063 bords
2333.8582677165355 3203.149606299213 223.6220472440945 215.748031496063 de
2445.6692913385828 3203.149606299213 223.6220472440945 215.748031496063 la
2519.685039370079 3203.149606299213 371.65354330708664 215.748031496063 Moselle.

735.4330708661417 3396.850393700787 274.01574803149606 116.53543307086615 89.
892.9133858267717 3396.850393700787 352.755905511811 116.53543307086615 Cadre
1127.5590551181103 3396.850393700787 234.64566929133858 116.53543307086615 de
1245.6692913385828 3396.850393700787 313.38582677165357 116.53543307086615 cinq
1440.9448818897638 3396.850393700787 470.86614173228344 116.53543307086615 dessins,
1795.275590551181 3396.850393700787 470.86614173228344 116.53543307086615 (manière
2108.6614173228345 3396.850393700787 352.755905511811 116.53543307086615 noire).

738.5826771653543 3516.535433070866 253.54330708661416 146.45669291338584 90.
883.4645669291339 3516.535433070866 325.98425196850394 146.45669291338584 Trois
1100.7874015748032 3516.535433070866 362.20472440944883 146.45669291338584 autres
1354.3307086614172 3516.535433070866 398.4251968503937 146.45669291338584 cadres,
1644.0944881889764 3516.535433070866 579.5275590551181 146.45669291338584 idem
2113.3858267716537 3516.535433070866 325.98425196850394 146.45669291338584 (même
2294.488188976378 3516.535433070866 362.20472440944883 146.45669291338584 numéro).

738.5826771653543 3625.196850393701 278.74015748031496 176.3779527559055 91.
897.6377952755905 3625.196850393701 359.0551181102362 176.3779527559055 Cadre
1137.007874015748 3625.196850393701 239.37007874015748 176.3779527559055 de
1256.6929133858268 3625.196850393701 319.68503937007875 176.3779527559055 deux
1415.748031496063 3625.196850393701 359.0551181102362 176.3779527559055 sépias.

1651.9685039370079 3776.3779527559054 422.0472440944882 137.00787401574803 MOYSE.

746.4566929133858 3955.9055118110236 275.59055118110234 137.00787401574803 92.
903.9370078740158 3955.9055118110236 354.3307086614173 137.00787401574803 Étude
1140.1574803149606 3955.9055118110236 236.2204724409449 137.00787401574803 de
1258.267716535433 3955.9055118110236 433.07086614173227 137.00787401574803 vieille
1532.283464566929 3955.9055118110236 314.96062992125985 137.00787401574803 femme.

751.1811023622047 4097.63779527559 261.4173228346457 140.15748031496062 93.
900.7874015748032 4097.63779527559 448.81889763779526 140.15748031496062 Portrait
1237.7952755905512 4097.63779527559 223.6220472440945 140.15748031496062 de
1349.6062992125985 4097.63779527559 223.6220472440945 140.15748031496062 M.
1425.1968503937007 4097.63779527559 223.6220472440945 140.15748031496062 ***.

752.7559055118111 4203.149606299213 247.24409448818898 148.03149606299212 94.
892.9133858267717 4203.149606299213 494.48818897637796 148.03149606299212 Id.
1281.8897637795276 4203.149606299213 212.5984251968504 148.03149606299212 de
1352.755905511811 4203.149606299213 212.5984251968504 148.03149606299212 Mme.

755.9055118110236 4321.259842519685 239.37007874015748 170.07874015748033 95.
892.9133858267717 4321.259842519685 477.1653543307087 170.07874015748033 Id.
1233.0708661417323 4321.259842519685 137.00787401574803 170.07874015748033 de
