3308.6614173228345 5381.102362204724
1409.4488188976377 480.31496062992125 201.5748031496063 140.15748031496062 11

388.9763779527559 666.1417322834645 411.0236220472441 151.1811023622047 THORELLE
697.6377952755905 666.1417322834645 377.9527559055118 151.1811023622047 (J.-J.)
973.2283464566929 666.1417322834645 480.31496062992125 151.1811023622047 <i>peintre
1349.6062992125985 666.1417322834645 206.29921259842519 151.1811023622047 et
1453.5433070866143 666.1417322834645 480.31496062992125 151.1811023622047 professeur
1829.9212598425197 666.1417322834645 206.29921259842519 151.1811023622047 de
1933.8582677165355 666.1417322834645 377.9527559055118 151.1811023622047 dessin,
2207.8740157480315 666.1417322834645 240.9448818897638 151.1811023622047 rue
2310.236220472441 666.1417322834645 377.9527559055118 151.1811023622047 Saint</i>

1228.3464566929133 792.1259842519685 508.66141732283467 149.60629921259843 <i>Georges</i>
1656.6929133858268 792.1259842519685 133.85826771653544 149.60629921259843 7
1683.4645669291338 792.1259842519685 160.62992125984252 149.60629921259843 bis.

395.2755905511811 922.8346456692914 311.81102362204723 127.55905511811024 126.
590.5511811023622 922.8346456692914 505.51181102362204 127.55905511811024 L’arrivée
979.5275590551181 922.8346456692914 233.0708661417323 127.55905511811024 de
1096.0629921259842 922.8346456692914 351.18110236220474 127.55905511811024 Jacob
1330.708661417323 922.8346456692914 233.0708661417323 127.55905511811024 en
1447.244094488189 922.8346456692914 428.34645669291336 127.55905511811024 Égypte,
1759.0551181102362 922.8346456692914 428.34645669291336 127.55905511811024 (dessin
2069.2913385826773 922.8346456692914 195.2755905511811 127.55905511811024 à
2148.031496062992 922.8346456692914 233.0708661417323 127.55905511811024 la
2264.566929133858 922.8346456692914 351.18110236220474 127.55905511811024 plume
2497.6377952755906 922.8346456692914 233.0708661417323 127.55905511811024 et
2576.3779527559054 922.8346456692914 116.53543307086615 127.55905511811024 à

675.5905511811023 1045.6692913385828 409.4488188976378 151.1811023622047 l’encre
974.8031496062993 1045.6692913385828 223.6220472440945 151.1811023622047 de
1048.8188976377953 1045.6692913385828 297.6377952755906 151.1811023622047 Chine.

462.99212598425197 1209.4488188976377 244.09448818897638 99.21259842519684 28.
601.5748031496063 1209.4488188976377 278.74015748031496 99.21259842519684 «Or,
776.3779527559055 1209.4488188976377 313.38582677165357 99.21259842519684 Jacob
985.8267716535433 1209.4488188976377 348.0314960629921 99.21259842519684 envoya
1228.3464566929133 1209.4488188976377 278.74015748031496 99.21259842519684 Juda
1403.1496062992126 1209.4488188976377 348.0314960629921 99.21259842519684 devant
1647.244094488189 1209.4488188976377 244.09448818897638 99.21259842519684 lui
1785.8267716535433 1209.4488188976377 278.74015748031496 99.21259842519684 vers
1960.6299212598426 1209.4488188976377 382.6771653543307 99.21259842519684 Joseph,
2239.3700787401576 1209.4488188976377 278.74015748031496 99.21259842519684 pour
2377.952755905512 1209.4488188976377 313.38582677165357 99.21259842519684 l’aver-

395.2755905511811 1307.0866141732283 269.29133858267716 125.98425196850394 «tir
563.7795275590552 1307.0866141732283 203.1496062992126 125.98425196850394 de
664.5669291338583 1307.0866141732283 203.1496062992126 125.98425196850394 sa
765.3543307086615 1307.0866141732283 337.00787401574803 125.98425196850394 venue,
1001.5748031496063 1307.0866141732283 269.29133858267716 125.98425196850394 afin
1171.6535433070867 1307.0866141732283 303.93700787401576 125.98425196850394 qu’il
1373.2283464566929 1307.0866141732283 269.29133858267716 125.98425196850394 vint
1541.732283464567 1307.0866141732283 439.37007874015745 125.98425196850394 au-devant
1880.3149606299212 1307.0866141732283 203.1496062992126 125.98425196850394 de
1981.1023622047244 1307.0866141732283 236.2204724409449 125.98425196850394 lui
2116.535433070866 1307.0866141732283 269.29133858267716 125.98425196850394 dans
2285.0393700787404 1307.0866141732283 203.1496062992126 125.98425196850394 la
2385.8267716535433 1307.0866141732283 303.93700787401576 125.98425196850394 terre
2554.3307086614172 1307.0866141732283 135.43307086614172 125.98425196850394 de

393.7007874015748 1409.4488188976377 184.251968503937 111.81102362204724 «
429.9212598425197 1409.4488188976377 330.70866141732284 111.81102362204724 Gessen.

466.1417322834646 1458.267716535433 242.51968503937007 159.0551181102362 29.
604.7244094488188 1458.267716535433 173.22834645669292 159.0551181102362 »
674.0157480314961 1458.267716535433 313.38582677165357 159.0551181102362 Quand
883.4645669291339 1458.267716535433 313.38582677165357 159.0551181102362 Jacob
1091.3385826771653 1458.267716535433 173.22834645669292 159.0551181102362 y
1160.6299212598426 1458.267716535433 242.51968503937007 159.0551181102362 fut
1299.2125984251968 1458.267716535433 382.6771653543307 159.0551181102362 arrivé,
1577.9527559055118 1458.267716535433 348.0314960629921 159.0551181102362 Joseph
1820.4724409448818 1458.267716535433 242.51968503937007 159.0551181102362 fit
1960.6299212598426 1458.267716535433 348.0314960629921 159.0551181102362 mettre
2203.149606299213 1458.267716535433 242.51968503937007 159.0551181102362 les
2341.732283464567 1458.267716535433 382.6771653543307 159.0551181102362 chevaux
2585.8267716535433 1458.267716535433 103.93700787401575 159.0551181102362 à

401.5748031496063 1604.724409448819 173.22834645669292 137.00787401574803 «
470.86614173228344 1604.724409448819 242.51968503937007 137.00787401574803 son
609.4488188976378 1604.724409448819 450.3937007874016 137.00787401574803 charriot,
955.9055118110236 1604.724409448819 207.8740157480315 137.00787401574803 et
1059.8425196850394 1604.724409448819 277.1653543307087 137.00787401574803 vint
1233.0708661417323 1604.724409448819 207.8740157480315 137.00787401574803 au
1337.007874015748 1604.724409448819 277.1653543307087 137.00787401574803 même
1510.236220472441 1604.724409448819 277.1653543307087 137.00787401574803 lieu
1683.4645669291338 1604.724409448819 450.3937007874016 137.00787401574803 au-devant
2029.9212598425197 1604.724409448819 207.8740157480315 137.00787401574803 de
2133.8582677165355 1604.724409448819 242.51968503937007 137.00787401574803 son
2272.4409448818897 1604.724409448819 311.81102362204723 137.00787401574803 père,
2480.314960629921 1604.724409448819 207.8740157480315 137.00787401574803 et
2549.6062992125985 1604.724409448819 138.58267716535434 137.00787401574803 le

396.8503937007874 1735.4330708661416 162.20472440944883 111.81102362204724 «
462.99212598425197 1735.4330708661416 322.8346456692913 111.81102362204724 voyant
688.1889763779527 1735.4330708661416 193.70078740157481 111.81102362204724 il
785.8267716535433 1735.4330708661416 193.70078740157481 111.81102362204724 se
881.8897637795276 1735.4330708661416 258.26771653543307 111.81102362204724 jeta
1044.0944881889764 1735.4330708661416 162.20472440944883 111.81102362204724 à
1108.6614173228347 1735.4330708661416 226.77165354330708 111.81102362204724 son
1237.7952755905512 1735.4330708661416 226.77165354330708 111.81102362204724 cou
1366.9291338582677 1735.4330708661416 193.70078740157481 111.81102362204724 et
1462.992125984252 1735.4330708661416 451.9685039370079 111.81102362204724 l’embrassa
1818.8976377952756 1735.4330708661416 193.70078740157481 111.81102362204724 en
1883.4645669291338 1735.4330708661416 387.40157480314963 111.81102362204724 pleurant.»

1861.4173228346456 1814.1732283464567 406.2992125984252 148.03149606299212 (GENÈSE
2119.685039370079 1814.1732283464567 294.48818897637796 148.03149606299212 XLVI).

393.7007874015748 1965.3543307086613 327.5590551181102 154.33070866141733 127.
598.4251968503937 1965.3543307086613 245.66929133858267 154.33070866141733 Le
721.2598425196851 1965.3543307086613 409.4488188976378 154.33070866141733 Paier,
1007.8740157480315 1965.3543307086613 368.503937007874 154.33070866141733 genre
1253.5433070866143 1965.3543307086613 245.66929133858267 154.33070866141733 de
1376.3779527559054 1965.3543307086613 491.33858267716533 154.33070866141733 peinture
1746.4566929133857 1965.3543307086613 573.2283464566929 154.33070866141733 manuscrite
2196.850393700787 1965.3543307086613 286.61417322834643 154.33070866141733 sur
2360.6299212598424 1965.3543307086613 327.5590551181102 154.33070866141733 peau
2524.4094488188975 1965.3543307086613 163.7795275590551 154.33070866141733 de

727.5590551181102 2083.464566929134 300.78740157480314 113.38582677165354 vélin.

396.8503937007874 2174.803149606299 322.8346456692913 140.15748031496062 128.
600.0 2174.803149606299 485.03937007874015 140.15748031496062 Salvator
922.8346456692914 2174.803149606299 322.8346456692913 140.15748031496062 mundi.

396.8503937007874 2256.6929133858266 294.48818897637796 179.5275590551181 129.
581.1023622047244 2256.6929133858266 220.4724409448819 179.5275590551181 La
691.3385826771654 2256.6929133858266 404.7244094488189 179.5275590551181 Vierge,
985.8267716535433 2256.6929133858266 442.5196850393701 179.5275590551181 l’enfant
1316.5354330708662 2256.6929133858266 330.70866141732284 179.5275590551181 Jésus
1537.007874015748 2256.6929133858266 220.4724409448819 179.5275590551181 et
1647.244094488189 2256.6929133858266 330.70866141732284 179.5275590551181 Saint
1869.291338582677 2256.6929133858266 330.70866141732284 179.5275590551181 Jean,
2089.763779527559 2256.6929133858266 330.70866141732284 179.5275590551181 peint
2310.236220472441 2256.6929133858266 258.26771653543307 179.5275590551181 sur
2420.472440944882 2256.6929133858266 258.26771653543307 179.5275590551181 bois.

385.8267716535433 2418.8976377952754 360.62992125984255 141.73228346456693 130.
566.9291338582677 2418.8976377952754 541.7322834645669 141.73228346456693 Andromède.

483.46456692913387 2571.6535433070867 170.07874015748033 130.70866141732284 «
552.7559055118111 2571.6535433070867 475.59055118110234 130.70866141732284 Andromède,
925.9842519685039 2571.6535433070867 305.51181102362204 130.70866141732284 fille
1129.1338582677165 2571.6535433070867 203.1496062992126 130.70866141732284 de
1231.4960629921259 2571.6535433070867 373.2283464566929 130.70866141732284 Céphée,
1503.9370078740158 2571.6535433070867 237.79527559055117 130.70866141732284 roi
1639.3700787401574 2571.6535433070867 475.59055118110234 130.70866141732284 d’Ethiopie
2012.5984251968505 2571.6535433070867 203.1496062992126 130.70866141732284 et
2114.9606299212596 2571.6535433070867 203.1496062992126 130.70866141732284 de
2217.3228346456694 2571.6535433070867 442.5196850393701 130.70866141732284 Cassiope,
2522.834645669291 2571.6535433070867 170.07874015748033 130.70866141732284 qui

396.8503937007874 2675.5905511811025 173.22834645669292 110.23622047244095 «
466.1417322834646 2675.5905511811025 244.09448818897638 110.23622047244095 eut
604.7244094488188 2675.5905511811025 313.38582677165357 110.23622047244095 assez
814.1732283464567 2675.5905511811025 209.4488188976378 110.23622047244095 de
918.1102362204724 2675.5905511811025 417.3228346456693 110.23622047244095 témérité
1231.4960629921259 2675.5905511811025 278.74015748031496 110.23622047244095 pour
1406.2992125984251 2675.5905511811025 417.3228346456693 110.23622047244095 disputer
1718.1102362204724 2675.5905511811025 209.4488188976378 110.23622047244095 de
1823.6220472440946 2675.5905511811025 348.0314960629921 110.23622047244095 beauté
2066.1417322834645 2675.5905511811025 278.74015748031496 110.23622047244095 avec
2240.9448818897636 2675.5905511811025 313.38582677165357 110.23622047244095 Junon
2448.818897637795 2675.5905511811025 209.4488188976378 110.23622047244095 et
2519.685039370079 2675.5905511811025 173.22834645669292 110.23622047244095 les

393.7007874015748 2779.527559055118 192.1259842519685 149.60629921259843 «
469.29133858267716 2779.527559055118 497.6377952755906 149.60629921259843 Néréïdes.
853.5433070866142 2779.527559055118 382.6771653543307 149.60629921259843 Junon,
1121.259842519685 2779.527559055118 307.0866141732283 149.60629921259843 pour
1311.8110236220473 2779.527559055118 229.92125984251967 149.60629921259843 la
1426.7716535433071 2779.527559055118 382.6771653543307 149.60629921259843 punir,
1696.0629921259842 2779.527559055118 459.84251968503935 149.60629921259843 condamna
2040.9448818897638 2779.527559055118 497.6377952755906 149.60629921259843 Andromède
2423.6220472440946 2779.527559055118 192.1259842519685 149.60629921259843 à
2461.417322834646 2779.527559055118 229.92125984251967 149.60629921259843 être

400.0 2889.763779527559 168.50393700787401 92.91338582677166 «
466.1417322834646 2889.763779527559 269.29133858267716 92.91338582677166 liée
634.6456692913385 2889.763779527559 236.2204724409449 92.91338582677166 par
770.0787401574803 2889.763779527559 236.2204724409449 92.91338582677166 les
905.511811023622 2889.763779527559 404.7244094488189 92.91338582677166 Néréïdes
1207.8740157480315 2889.763779527559 269.29133858267716 92.91338582677166 avec
1376.3779527559054 2889.763779527559 236.2204724409449 92.91338582677166 des
1511.8110236220473 2889.763779527559 370.0787401574803 92.91338582677166 chaînes
1781.1023622047244 2889.763779527559 201.5748031496063 92.91338582677166 et
1881.8897637795276 2889.763779527559 370.0787401574803 92.91338582677166 exposée
2152.755905511811 2889.763779527559 236.2204724409449 92.91338582677166 sur
2286.6141732283463 2889.763779527559 201.5748031496063 92.91338582677166 un
2387.4015748031497 2889.763779527559 337.00787401574803 92.91338582677166 rocher
2590.551181102362 2889.763779527559 100.78740157480316 92.91338582677166 à

392.12598425196853 2992.1259842519685 177.95275590551182 124.40944881889764 «
464.56692913385825 2992.1259842519685 212.5984251968504 124.40944881889764 un
570.0787401574803 2992.1259842519685 390.5511811023622 124.40944881889764 monstre
853.5433070866142 2992.1259842519685 354.3307086614173 124.40944881889764 marin;
1102.3622047244094 2992.1259842519685 283.46456692913387 124.40944881889764 mais
1278.740157480315 2992.1259842519685 390.5511811023622 124.40944881889764 Persée,
1563.7795275590552 2992.1259842519685 319.68503937007875 124.40944881889764 monté
1776.3779527559054 2992.1259842519685 248.8188976377953 124.40944881889764 sur
1918.1102362204724 2992.1259842519685 212.5984251968504 124.40944881889764 le
2023.6220472440946 2992.1259842519685 354.3307086614173 124.40944881889764 cheval
2272.4409448818897 2992.1259842519685 390.5511811023622 124.40944881889764 Pégase,
2519.685039370079 2992.1259842519685 177.95275590551182 124.40944881889764 pé-

395.2755905511811 3088.1889763779527 166.9291338582677 88.18897637795276 «
461.4173228346457 3088.1889763779527 332.2834645669291 88.18897637795276 trifia
694.488188976378 3088.1889763779527 200.0 88.18897637795276 le
793.7007874015748 3088.1889763779527 365.3543307086614 88.18897637795276 monstre
1061.4173228346456 3088.1889763779527 200.0 88.18897637795276 en
1160.6299212598426 3088.1889763779527 233.0708661417323 88.18897637795276 lui
1292.9133858267717 3088.1889763779527 400.0 88.18897637795276 montrant
1593.7007874015749 3088.1889763779527 200.0 88.18897637795276 la
1692.9133858267717 3088.1889763779527 266.1417322834646 88.18897637795276 tête
1859.8425196850394 3088.1889763779527 200.0 88.18897637795276 de
1959.0551181102362 3088.1889763779527 332.2834645669291 88.18897637795276 Méduse
2192.1259842519685 3088.1889763779527 200.0 88.18897637795276 et
2291.3385826771655 3088.1889763779527 365.3543307086614 88.18897637795276 délivra
2524.4094488188975 3088.1889763779527 166.9291338582677 88.18897637795276 An-

398.4251968503937 3190.551181102362 173.22834645669292 140.15748031496062 «
467.7165354330709 3190.551181102362 417.3228346456693 140.15748031496062 dromède,
781.1023622047244 3190.551181102362 313.38582677165357 140.15748031496062 qu’il
988.9763779527559 3190.551181102362 348.0314960629921 140.15748031496062 rendit
1233.0708661417323 3190.551181102362 173.22834645669292 140.15748031496062 à
1302.3622047244094 3190.551181102362 244.09448818897638 140.15748031496062 son
1440.9448818897638 3190.551181102362 313.38582677165357 140.15748031496062 père,
1650.3937007874015 3190.551181102362 382.6771653543307 140.15748031496062 lequel,
1927.5590551181103 3190.551181102362 207.8740157480315 140.15748031496062 en
2033.0708661417323 3190.551181102362 659.8425196850394 140.15748031496062 reconnaissance,
2554.3307086614172 3190.551181102362 138.58267716535434 140.15748031496062 la

400.0 3281.8897637795276 177.95275590551182 133.85826771653544 «
472.4409448818898 3281.8897637795276 248.8188976377953 133.85826771653544 lui
614.1732283464567 3281.8897637795276 319.68503937007875 133.85826771653544 donna
826.7716535433071 3281.8897637795276 212.5984251968504 133.85826771653544 en
897.6377952755905 3281.8897637795276 390.5511811023622 133.85826771653544 mariage.»

396.8503937007874 3406.299212598425 327.5590551181102 140.15748031496062 131.
601.5748031496063 3406.299212598425 327.5590551181102 140.15748031496062 Ecce
806.2992125984252 3406.299212598425 368.503937007874 140.15748031496062 Homo,
1051.9685039370079 3406.299212598425 409.4488188976378 140.15748031496062 (encre
1338.5826771653544 3406.299212598425 245.66929133858267 140.15748031496062 de
1420.4724409448818 3406.299212598425 368.503937007874 140.15748031496062 Chine).

401.5748031496063 3533.8582677165355 314.96062992125985 144.88188976377953 132.
598.4251968503937 3533.8582677165355 354.3307086614173 144.88188976377953 Mater
795.2755905511812 3533.8582677165355 433.07086614173227 144.88188976377953 dolorosa.

393.7007874015748 3664.566929133858 302.3622047244094 133.85826771653544 133.
582.6771653543307 3664.566929133858 226.77165354330708 133.85826771653544 La
696.0629921259842 3664.566929133858 604.7244094488188 133.85826771653544 prédication,
1151.1811023622047 3664.566929133858 529.1338582677165 133.85826771653544 (intérieur).

403.1496062992126 3776.3779527559054 259.84251968503935 144.88188976377953 134.
565.3543307086615 3776.3779527559054 195.2755905511811 144.88188976377953 La
662.992125984252 3776.3779527559054 453.54330708661416 144.88188976377953 procession
1020.4724409448819 3776.3779527559054 259.84251968503935 144.88188976377953 dans
1181.1023622047244 3776.3779527559054 195.2755905511811 144.88188976377953 le
1278.740157480315 3776.3779527559054 388.9763779527559 144.88188976377953 cloître,
1538.5826771653544 3776.3779527559054 453.54330708661416 144.88188976377953 <i>idem</i>

1228.3464566929133 3937.0078740157483 573.2283464566929 148.03149606299212 WAULTRIN.

400.0 4097.63779527559 313.38582677165357 140.15748031496062 135.
596.8503937007874 4097.63779527559 274.01574803149606 140.15748031496062 Vue
752.7559055118111 4097.63779527559 352.755905511811 140.15748031496062 prise
987.4015748031496 4097.63779527559 234.64566929133858 140.15748031496062 au
1105.5118110236222 4097.63779527559 352.755905511811 140.15748031496062 vieux
1340.1574803149606 4097.63779527559 470.86614173228344 140.15748031496062 Château,
1692.9133858267717 4097.63779527559 470.86614173228344 140.15748031496062 environs
2045.6692913385828 4097.63779527559 234.64566929133858 140.15748031496062 de
2124.4094488188975 4097.63779527559 274.01574803149606 140.15748031496062 Bade.

401.5748031496063 4218.897637795276 316.53543307086613 140.15748031496062 136.
600.0 4218.897637795276 396.8503937007874 140.15748031496062 Entrée
877.1653543307086 4218.897637795276 237.79527559055117 140.15748031496062 du
995.2755905511812 4218.897637795276 355.90551181102364 140.15748031496062 vieux
1233.0708661417323 4218.897637795276 436.2204724409449 140.15748031496062 Château
1551.1811023622047 4218.897637795276 237.79527559055117 140.15748031496062 de
1629.9212598425197 4218.897637795276 277.1653543307087 140.15748031496062 Bade.

393.7007874015748 4310.236220472441 337.00787401574803 144.88188976377953 137.
604.7244094488188 4310.236220472441 548.0314960629921 144.88188976377953 Promenade
1026.7716535433071 4310.236220472441 253.54330708661416 144.88188976377953 en
1111.8110236220473 4310.236220472441 379.5275590551181 144.88188976377953 bateau.
