2982.6771653543306 4710.236220472441
1518.1102362204724 622.0472440944882 236.2204724409449 119.68503937007874 —
1612.5984251968505 622.0472440944882 283.46456692913387 119.68503937007874 18
1707.0866141732283 622.0472440944882 141.73228346456693 119.68503937007874 —

703.9370078740158 784.2519685039371 590.5511811023622 125.98425196850394 ANGEBEAUX
1159.0551181102362 784.2519685039371 409.4488188976378 125.98425196850394 (E.),
1431.4960629921259 784.2519685039371 272.4409448818898 125.98425196850394 né
1568.5039370078741 784.2519685039371 226.77165354330708 125.98425196850394 à
1659.8425196850394 784.2519685039371 546.4566929133858 125.98425196850394 Paimbœuf
2023.6220472440946 784.2519685039371 636.2204724409448 125.98425196850394 (Loire-

787.4015748031496 902.3622047244095 429.9212598425197 144.88188976377953 rieure).
1110.236220472441 902.3622047244095 179.5275590551181 144.88188976377953 —
1181.1023622047244 902.3622047244095 250.39370078740157 144.88188976377953 89,
1324.4094488188975 902.3622047244095 250.39370078740157 144.88188976377953 rue
1467.716535433071 902.3622047244095 466.1417322834646 144.88188976377953 Fazillau,
1826.7716535433071 902.3622047244095 179.5275590551181 144.88188976377953 à
1897.6377952755906 902.3622047244095 466.1417322834646 144.88188976377953 Levallois
2220.472440944882 902.3622047244095 357.4803149606299 144.88188976377953 (Seine).

932.2834645669292 1089.763779527559 415.748031496063 144.88188976377953 72
1251.9685039370079 1089.763779527559 447.244094488189 144.88188976377953 Saint-Marc
1603.1496062992126 1089.763779527559 319.68503937007875 144.88188976377953 (temps
1826.7716535433071 1089.763779527559 192.1259842519685 144.88188976377953 de
1889.763779527559 1089.763779527559 288.18897637795277 144.88188976377953 pluie).

925.9842519685039 1190.5511811023623 398.4251968503937 132.28346456692913 73
1231.4960629921259 1190.5511811023623 184.251968503937 132.28346456692913 Un
1322.8346456692914 1190.5511811023623 245.66929133858267 132.28346456692913 coin
1475.5905511811025 1190.5511811023623 214.17322834645668 132.28346456692913 des
1568.5039370078741 1190.5511811023623 366.92913385826773 132.28346456692913 Tuileries.

925.9842519685039 1291.3385826771653 392.12598425196853 129.13385826771653 74
1228.3464566929133 1291.3385826771653 302.3622047244094 129.13385826771653 Nature
1409.4488188976377 1291.3385826771653 240.9448818897638 129.13385826771653 morte.

705.511811023622 1590.5511811023623 511.81102362204723 137.00787401574803 ANGRANB
1078.740157480315 1590.5511811023623 651.9685039370079 137.00787401574803 (Charles).
1590.5511811023623 1590.5511811023623 233.0708661417323 137.00787401574803 —
1683.4645669291338 1590.5511811023623 325.98425196850394 137.00787401574803 48,
1869.291338582677 1590.5511811023623 371.65354330708664 137.00787401574803 cité
2102.3622047244094 1590.5511811023623 278.74015748031496 137.00787401574803 de
2240.9448818897636 1590.5511811023623 464.56692913385825 137.00787401574803 Limes,
2519.685039370079 1590.5511811023623 140.15748031496062 137.00787401574803 à

755.9055118110236 1714.9606299212599 362.20472440944883 118.11023622047244 Dieppe.

935.4330708661417 1896.0629921259842 348.0314960629921 124.40944881889764 75
1203.1496062992126 1896.0629921259842 160.62992125984252 124.40944881889764 Au
1256.6929133858268 1896.0629921259842 214.17322834645668 124.40944881889764 puits.

881.8897637795276 1971.6535433070867 462.99212598425197 192.1259842519685 *76
1245.6692913385828 1971.6535433070867 231.49606299212599 192.1259842519685 Sur
1377.9527559055118 1971.6535433070867 198.4251968503937 192.1259842519685 le
1477.1653543307086 1971.6535433070867 297.6377952755906 192.1259842519685 seuil
1675.5905511811025 1971.6535433070867 496.06299212598424 192.1259842519685 (appartient
2074.015748031496 1971.6535433070867 198.4251968503937 192.1259842519685 au
2173.228346456693 1971.6535433070867 198.4251968503937 192.1259842519685 Dr
2272.4409448818897 1971.6535433070867 264.56692913385825 192.1259842519685 Aug.
2404.7244094488187 1971.6535433070867 264.56692913385825 192.1259842519685 Vigou

1166.9291338582677 2091.3385826771655 289.76377952755905 108.66141732283465 roux).

929.1338582677165 2149.6062992125985 395.2755905511811 146.45669291338584 77
1233.0708661417323 2149.6062992125985 182.6771653543307 146.45669291338584 Le
1324.4094488188975 2149.6062992125985 274.01574803149606 146.45669291338584 chien
1477.1653543307086 2149.6062992125985 365.3543307086614 146.45669291338584 maraudeur.

703.9370078740158 2505.511811023622 606.2992125984252 137.00787401574803 ANITCHKOF
1171.6535433070867 2505.511811023622 746.4566929133858 137.00787401574803 (Alexandre),
1777.9527559055118 2505.511811023622 280.31496062992125 137.00787401574803 né
1918.1102362204724 2505.511811023622 233.0708661417323 137.00787401574803 à
1963.7795275590552 2505.511811023622 700.7874015748032 137.00787401574803 Saint-

787.4015748031496 2623.6220472440946 371.65354330708664 99.21259842519684 bourg.
1048.8188976377953 2623.6220472440946 185.82677165354332 99.21259842519684 —
1122.8346456692914 2623.6220472440946 259.84251968503935 99.21259842519684 59,
1272.4409448818897 2623.6220472440946 259.84251968503935 99.21259842519684 rue
1420.4724409448818 2623.6220472440946 259.84251968503935 99.21259842519684 des
1570.0787401574803 2623.6220472440946 633.0708661417323 99.21259842519684 Saints-Pères,
2053.5433070866143 2623.6220472440946 185.82677165354332 99.21259842519684 6e.

933.8582677165355 2809.448818897638 406.2992125984252 122.83464566929133 78
1247.244094488189 2809.448818897638 406.2992125984252 122.83464566929133 Septembre
1560.6299212598426 2809.448818897638 281.8897637795276 122.83464566929133 (nord
1748.0314960629921 2809.448818897638 187.4015748031496 122.83464566929133 de
1842.5196850393702 2809.448818897638 187.4015748031496 122.83464566929133 la
1903.9370078740158 2809.448818897638 313.38582677165357 122.83464566929133 Russie).

933.8582677165355 2910.236220472441 422.0472440944882 113.38582677165354 79
1259.8425196850394 2910.236220472441 422.0472440944882 113.38582677165354 Semailles
1584.251968503937 2910.236220472441 422.0472440944882 113.38582677165354 d’automne
1908.6614173228347 2910.236220472441 292.9133858267717 113.38582677165354 (Nord
2103.9370078740158 2910.236220472441 195.2755905511811 113.38582677165354 de
2201.5748031496064 2910.236220472441 195.2755905511811 113.38582677165354 la
2266.1417322834645 2910.236220472441 324.40944881889766 113.38582677165354 Russie).

929.1338582677165 3015.748031496063 423.62204724409446 110.23622047244095 80
1255.1181102362204 3015.748031496063 359.0551181102362 110.23622047244095 Octobre
1516.5354330708662 3015.748031496063 325.98425196850394 110.23622047244095 humide
1744.8818897637796 3015.748031496063 292.9133858267717 110.23622047244095 (Nord
1940.1574803149606 3015.748031496063 195.2755905511811 110.23622047244095 de
2037.7952755905512 3015.748031496063 195.2755905511811 110.23622047244095 la
2102.3622047244094 3015.748031496063 325.98425196850394 110.23622047244095 Russie).

708.6614173228346 3329.1338582677167 577.9527559055118 129.13385826771653 ANNENCOFF
1152.755905511811 3329.1338582677167 622.0472440944882 129.13385826771653 (Georges),
1640.9448818897638 3329.1338582677167 266.1417322834646 129.13385826771653 né
1774.8031496062993 3329.1338582677167 266.1417322834646 129.13385826771653 au
1907.0866141732283 3329.1338582677167 622.0472440944882 129.13385826771653 Kamtchatka
2352.755905511811 3329.1338582677167 310.23622047244095 129.13385826771653 (Bus-

798.4251968503937 3440.9448818897636 333.8582677165354 138.58267716535434 sie).
1022.0472440944882 3440.9448818897636 185.82677165354332 138.58267716535434 —
1096.0629921259842 3440.9448818897636 222.04724409448818 138.58267716535434 9,
1207.8740157480315 3440.9448818897636 259.84251968503935 138.58267716535434 rue
1355.9055118110236 3440.9448818897636 815.7480314960629 138.58267716535434 Campagne-Première,
2023.6220472440946 3440.9448818897636 222.04724409448818 138.58267716535434 14e.

885.0393700787401 3636.220472440945 398.4251968503937 125.98425196850394 *81
1170.0787401574803 3636.220472440945 285.03937007874015 125.98425196850394 Paysage.

929.1338582677165 3727.5590551181103 392.12598425196853 135.43307086614172 82
1229.9212598425197 3727.5590551181103 362.20472440944883 135.43307086614172 Esquisse
1502.3622047244094 3727.5590551181103 240.9448818897638 135.43307086614172 d’un
1653.5433070866143 3727.5590551181103 211.0236220472441 135.43307086614172 mur
1743.3070866141732 3727.5590551181103 332.2834645669291 135.43307086614172 d’église.

925.9842519685039 3833.0708661417325 400.0 143.30708661417322 83
1234.6456692913387 3833.0708661417325 184.251968503937 143.30708661417322 La
1327.5590551181103 3833.0708661417325 247.24409448818898 143.30708661417322 fête
1481.8897637795276 3833.0708661417325 184.251968503937 143.30708661417322 de
1574.8031496062993 3833.0708661417325 184.251968503937 143.30708661417322 la
1666.1417322834645 3833.0708661417325 308.66141732283467 143.30708661417322 Vierge
1851.9685039370079 3833.0708661417325 338.5826771653543 143.30708661417322 (détail).
