3036.220472440945 4710.236220472441
1236.2204724409448 573.2283464566929 239.37007874015748 114.96062992125984 —
1330.708661417323 573.2283464566929 286.61417322834643 114.96062992125984 77
1426.7716535433071 573.2283464566929 143.30708661417322 114.96062992125984 —

420.4724409448819 708.6614173228346 596.8503937007874 192.1259842519685 COUSTURIER
888.1889763779527 708.6614173228346 340.15748031496065 192.1259842519685 (Mme
1102.3622047244094 708.6614173228346 639.3700787401575 192.1259842519685 Henriette),
1612.5984251968505 708.6614173228346 297.6377952755906 192.1259842519685 née
1782.6771653543308 708.6614173228346 212.5984251968504 192.1259842519685 à
1867.716535433071 708.6614173228346 382.6771653543307 192.1259842519685 Dijon
2081.8897637795276 708.6614173228346 340.15748031496065 192.1259842519685 (Côte-

505.51181102362204 853.5433070866142 398.4251968503937 162.20472440944883 d’Or).
784.2519685039371 853.5433070866142 198.4251968503937 162.20472440944883 —
862.992125984252 853.5433070866142 278.74015748031496 162.20472440944883 11,
1022.0472440944882 853.5433070866142 518.1102362204724 162.20472440944883 boulevard
1420.4724409448818 853.5433070866142 239.37007874015748 162.20472440944883 de
1500.7874015748032 853.5433070866142 357.4803149606299 162.20472440944883 Clichy.

644.0944881889764 1047.244094488189 425.1968503937008 127.55905511811024 716
977.9527559055118 1047.244094488189 212.5984251968504 127.55905511811024 Des
1099.2125984251968 1047.244094488189 303.93700787401576 127.55905511811024 fleurs
1280.3149606299212 1047.244094488189 395.2755905511811 127.55905511811024 (peinture).

644.0944881889764 1133.8582677165355 451.9685039370079 121.25984251968504 717
998.4251968503937 1133.8582677165355 289.76377952755905 121.25984251968504 Santa
1192.1259842519685 1133.8582677165355 289.76377952755905 121.25984251968504 Maria
1384.251968503937 1133.8582677165355 225.1968503937008 121.25984251968504 dei
1513.3858267716535 1133.8582677165355 289.76377952755905 121.25984251968504 Servi
1707.0866141732283 1133.8582677165355 418.8976377952756 121.25984251968504 (Sienne),
1996.8503937007874 1133.8582677165355 387.40157480314963 121.25984251968504 aquarelle.

639.3700787401575 1231.4960629921259 425.1968503937008 137.00787401574803 718
973.2283464566929 1231.4960629921259 152.75590551181102 137.00787401574803 A
1034.6456692913387 1231.4960629921259 333.8582677165354 137.00787401574803 Fiesole
1247.244094488189 1231.4960629921259 425.1968503937008 137.00787401574803 (aquarelle).

426.7716535433071 1592.1259842519685 566.9291338582677 162.20472440944883 COUTURIER
862.992125984252 1592.1259842519685 566.9291338582677 162.20472440944883 (Claude),
1299.2125984251968 1592.1259842519685 261.4173228346457 162.20472440944883 né
1429.9212598425197 1592.1259842519685 217.3228346456693 162.20472440944883 à
1516.5354330708662 1592.1259842519685 436.2204724409449 162.20472440944883 Paris.
1820.4724409448818 1592.1259842519685 217.3228346456693 162.20472440944883 —
1908.6614173228347 1592.1259842519685 305.51181102362204 162.20472440944883 33,
2081.8897637795276 1592.1259842519685 305.51181102362204 162.20472440944883 rue
2212.5984251968503 1592.1259842519685 174.8031496062992 162.20472440944883 de

499.21259842519686 1697.6377952755906 548.0314960629921 165.35433070866142 Longchamp,
889.7637795275591 1697.6377952755906 782.6771653543307 165.35433070866142 Neuilly

565.3543307086615 1870.8661417322835 489.76377952755905 154.33070866141733 719
951.1811023622047 1870.8661417322835 209.4488188976378 154.33070866141733 La
1055.1181102362204 1870.8661417322835 420.4724409448819 154.33070866141733 Roseraie
1370.0787401574803 1870.8661417322835 209.4488188976378 154.33070866141733 du
1475.5905511811025 1870.8661417322835 314.96062992125985 154.33070866141733 faune
1685.0393700787401 1870.8661417322835 314.96062992125985 154.33070866141733 (coin
1896.0629921259842 1870.8661417322835 209.4488188976378 154.33070866141733 de
2000.0 1870.8661417322835 280.31496062992125 154.33070866141733 parc
2140.1574803149606 1870.8661417322835 245.66929133858267 154.33070866141733 aban

864.5669291338583 1987.4015748031495 346.45669291338584 125.98425196850394 donné).

631.496062992126 2078.740157480315 440.9448818897638 130.70866141732284 720
977.9527559055118 2078.740157480315 314.96062992125985 130.70866141732284 Fleurs
1198.4251968503936 2078.740157480315 188.9763779527559 130.70866141732284 de
1261.4173228346456 2078.740157480315 220.4724409448819 130.70866141732284 Nice.

634.6456692913385 2171.6535433070867 447.244094488189 159.0551181102362 721
985.8267716535433 2171.6535433070867 192.1259842519685 159.0551181102362 Au
1081.8897637795276 2171.6535433070867 255.11811023622047 159.0551181102362 bois
1240.9448818897638 2171.6535433070867 192.1259842519685 159.0551181102362 de
1305.5118110236222 2171.6535433070867 351.18110236220474 159.0551181102362 Boulogne.

431.496062992126 2508.6614173228345 360.62992125984255 185.82677165354332 CREED
670.8661417322835 2508.6614173228345 560.6299212598425 185.82677165354332 (Ninette),
1111.8110236220473 2508.6614173228345 280.31496062992125 185.82677165354332 née
1270.8661417322835 2508.6614173228345 200.0 185.82677165354332 à
1351.1811023622047 2508.6614173228345 400.0 185.82677165354332 Paris.
1631.4960629921259 2508.6614173228345 200.0 185.82677165354332 —
1711.8110236220473 2508.6614173228345 240.9448818897638 185.82677165354332 1,
1831.4960629921259 2508.6614173228345 400.0 185.82677165354332 avenue
2072.4409448818897 2508.6614173228345 319.68503937007875 185.82677165354332 Jules-

497.6377952755906 2637.7952755905512 365.3543307086614 152.75590551181102 Janin,
716.5354330708661 2637.7952755905512 218.89763779527559 152.75590551181102 16e.

640.9448818897638 2822.047244094488 428.34645669291336 129.13385826771653 722
976.3779527559055 2822.047244094488 275.59055118110234 129.13385826771653 Etude
1160.6299212598426 2822.047244094488 182.6771653543307 129.13385826771653 de
1220.4724409448818 2822.047244094488 275.59055118110234 129.13385826771653 fleurs.

637.7952755905512 2937.0078740157483 415.748031496063 119.68503937007874 723
965.3543307086615 2937.0078740157483 267.7165354330709 119.68503937007874 Etude
1143.3070866141732 2937.0078740157483 177.95275590551182 119.68503937007874 de
1203.1496062992126 2937.0078740157483 207.8740157480315 119.68503937007874 tête.

639.3700787401575 3028.3464566929133 382.6771653543307 125.98425196850394 724
911.8110236220473 3028.3464566929133 137.00787401574803 125.98425196850394 Nu.

437.79527559055117 3349.6062992125985 313.38582677165357 173.22834645669292 CSAKY
647.2440944881889 3349.6062992125985 557.4803149606299 173.22834645669292 (Joseph-A.),
1100.7874015748032 3349.6062992125985 209.4488188976378 173.22834645669292 né
1204.724409448819 3349.6062992125985 209.4488188976378 173.22834645669292 en
1308.6614173228347 3349.6062992125985 418.8976377952756 173.22834645669292 Hongrie.
1623.6220472440946 3349.6062992125985 174.8031496062992 173.22834645669292 —
1692.9133858267717 3349.6062992125985 174.8031496062992 173.22834645669292 3
1762.2047244094488 3349.6062992125985 522.8346456692914 173.22834645669292 bis
2146.4566929133857 3349.6062992125985 244.09448818897638 173.22834645669292 place

510.23622047244095 3462.9921259842517 212.5984251968504 154.33070866141733 de
617.3228346456693 3462.9921259842517 212.5984251968504 154.33070866141733 la
724.4094488188977 3462.9921259842517 461.4173228346457 154.33070866141733 Sorbonne,
1042.5196850393702 3462.9921259842517 177.95275590551182 154.33070866141733 6e.

647.2440944881889 3644.0944881889764 461.4173228346457 141.73228346456693 725
1009.4488188976378 3644.0944881889764 329.13385826771656 141.73228346456693 Groupe
1240.9448818897638 3644.0944881889764 198.4251968503937 141.73228346456693 de
1340.1574803149606 3644.0944881889764 329.13385826771656 141.73228346456693 femmes
1538.5826771653544 3644.0944881889764 362.20472440944883 141.73228346456693 (plâtre).

645.6692913385826 3774.803149606299 448.81889763779526 124.40944881889764 726
998.4251968503937 3774.803149606299 256.6929133858268 124.40944881889764 Tête
1159.0551181102362 3774.803149606299 192.1259842519685 124.40944881889764 de
1255.1181102362204 3774.803149606299 288.18897637795277 124.40944881889764 femme
1415.748031496063 3774.803149606299 352.755905511811 124.40944881889764 (plâtre).
