1919.291338582677 3035.433070866142
631.8897637795276 503.1496062992126 551.5748031496063 113.38582677165354 EXPLICATION

388.5826771653543 610.6299212598425 211.41732283464566 95.66929133858268 DES
510.23622047244095 610.6299212598425 333.07086614173227 95.66929133858268 LETTRES
752.3622047244095 610.6299212598425 393.3070866141732 95.66929133858268 ATTACHÉES
1054.724409448819 610.6299212598425 211.41732283464566 95.66929133858268 AUX
1144.4881889763778 610.6299212598425 333.07086614173227 95.66929133858268 TABLEAUX.

460.62992125984255 726.3779527559055 95.66929133858268 67.32283464566929 NB.
516.1417322834645 726.3779527559055 135.82677165354332 67.32283464566929 Les
610.6299212598425 726.3779527559055 150.0 67.32283464566929 numéros
720.4724409448819 726.3779527559055 95.66929133858268 67.32283464566929 sur
774.8031496062993 726.3779527559055 135.82677165354332 67.32283464566929 papier
869.2913385826772 726.3779527559055 108.66141732283465 67.32283464566929 gris
937.7952755905512 726.3779527559055 108.66141732283465 67.32283464566929 sont
1006.2992125984252 726.3779527559055 95.66929133858268 67.32283464566929 les
1060.6299212598426 726.3779527559055 122.83464566929133 67.32283464566929 seuls
1142.1259842519685 726.3779527559055 95.66929133858268 67.32283464566929 qui
1182.283464566929 726.3779527559055 245.66929133858267 67.32283464566929 s'appliquent

754.7244094488188 781.8897637795276 92.1259842519685 72.04724409448819 à
812.5984251968504 781.8897637795276 69.68503937007874 72.04724409448819 la
846.8503937007874 781.8897637795276 138.18897637795277 72.04724409448819 présente
940.1574803149606 781.8897637795276 196.06299212598427 72.04724409448819 exposition

591.7322834645669 1077.1653543307086 514.9606299212599 128.74015748031496 OBJETS
901.1811023622047 1077.1653543307086 360.23622047244095 128.74015748031496 D’ART

362.59842519685037 1260.236220472441 563.3858267716536 75.59055118110236 EXPOSÉS
771.2598425196851 1260.236220472441 256.2992125984252 75.59055118110236 A
823.2283464566929 1260.236220472441 664.9606299212599 75.59055118110236 STRASBOURG.

351.9685039370079 1544.8818897637796 272.8346456692913 120.4724409448819 AMMAN,
516.1417322834645 1544.8818897637796 272.8346456692913 120.4724409448819 Charles.

445.2755905511811 1631.1023622047244 258.66141732283467 66.14173228346456 Strasbourg

426.37795275590554 1697.244094488189 151.1811023622047 66.14173228346456 1.
501.9685039370079 1697.244094488189 351.9685039370079 66.14173228346456 Andromaque
778.3464566929134 1697.244094488189 151.1811023622047 66.14173228346456 de
853.9370078740158 1697.244094488189 376.7716535433071 66.14173228346456 Rochegrosse
1130.3149606299212 1697.244094488189 200.78740157480314 66.14173228346456 (Salon

546.8503937007874 1755.1181102362204 134.64566929133858 89.76377952755905 de
614.1732283464567 1755.1181102362204 224.40944881889763 89.76377952755905 1883),
771.2598425196851 1755.1181102362204 246.8503937007874 89.76377952755905 d’après
950.7874015748032 1755.1181102362204 157.08661417322836 89.76377952755905 une
1018.1102362204724 1755.1181102362204 314.1732283464567 89.76377952755905 reproduction

552.7559055118111 1814.1732283464567 92.1259842519685 64.96062992125984 du
598.8188976377953 1814.1732283464567 214.96062992125985 64.96062992125984 Journal
752.3622047244095 1814.1732283464567 230.31496062992127 64.96062992125984 illustré

353.1496062992126 1885.0393700787401 428.74015748031496 99.21259842519684 ANTHONISSEN,
675.5905511811023 1885.0393700787401 401.5748031496063 99.21259842519684 Louis

460.62992125984255 1957.0866141732283 198.4251968503937 86.22047244094489 Belge.
612.992125984252 1957.0866141732283 76.77165354330708 86.22047244094489 —
628.3464566929134 1957.0866141732283 183.0708661417323 86.22047244094489 Paris

426.37795275590554 1993.7007874015749 139.37007874015748 114.56692913385827 2.
496.06299212598424 1993.7007874015749 162.99212598425197 114.56692913385827 Les
589.3700787401575 1993.7007874015749 279.9212598425197 114.56692913385827 raisins.
799.6062992125984 1993.7007874015749 116.92913385826772 114.56692913385827 .
845.6692913385826 1993.7007874015749 116.92913385826772 114.56692913385827 .
892.9133858267717 1993.7007874015749 116.92913385826772 114.56692913385827 .
938.9763779527559 1993.7007874015749 116.92913385826772 114.56692913385827 .
986.2204724409448 1993.7007874015749 116.92913385826772 114.56692913385827 .
1032.283464566929 1993.7007874015749 116.92913385826772 114.56692913385827 .
1078.3464566929133 1993.7007874015749 116.92913385826772 114.56692913385827 .
1125.5905511811025 1993.7007874015749 116.92913385826772 114.56692913385827 .
1171.6535433070867 1993.7007874015749 116.92913385826772 114.56692913385827 .
1218.8976377952756 1993.7007874015749 116.92913385826772 114.56692913385827 .
1264.9606299212599 1993.7007874015749 116.92913385826772 114.56692913385827 .
1312.2047244094488 1993.7007874015749 162.99212598425197 114.56692913385827 fr.
1381.8897637795276 1993.7007874015749 139.37007874015748 114.56692913385827 1000

424.01574803149606 2085.8267716535433 152.36220472440945 81.49606299212599 3.
500.78740157480314 2085.8267716535433 229.13385826771653 81.49606299212599 Effet
654.3307086614174 2085.8267716535433 152.36220472440945 81.49606299212599 de
729.9212598425197 2085.8267716535433 255.11811023622047 81.49606299212599 neige.
908.2677165354331 2085.8267716535433 127.55905511811024 81.49606299212599 .
959.0551181102362 2085.8267716535433 127.55905511811024 81.49606299212599 .
1011.0236220472441 2085.8267716535433 127.55905511811024 81.49606299212599 .
1061.8110236220473 2085.8267716535433 127.55905511811024 81.49606299212599 .
1112.5984251968505 2085.8267716535433 127.55905511811024 81.49606299212599 .
1163.3858267716535 2085.8267716535433 127.55905511811024 81.49606299212599 .
1214.1732283464567 2085.8267716535433 127.55905511811024 81.49606299212599 .
1264.9606299212599 2085.8267716535433 127.55905511811024 81.49606299212599 .
1315.748031496063 2085.8267716535433 127.55905511811024 81.49606299212599 .
1367.716535433071 2085.8267716535433 127.55905511811024 81.49606299212599 .
1392.5196850393702 2085.8267716535433 127.55905511811024 81.49606299212599 300

426.37795275590554 2128.3464566929133 148.8188976377953 116.92913385826772 4.
500.78740157480314 2128.3464566929133 224.40944881889763 116.92913385826772 Effet
650.7874015748032 2128.3464566929133 148.8188976377953 116.92913385826772 de
725.1968503937007 2128.3464566929133 199.60629921259843 116.92913385826772 soir
849.2125984251968 2128.3464566929133 199.60629921259843 116.92913385826772 dans
973.2283464566929 2128.3464566929133 173.6220472440945 116.92913385826772 les
1073.6220472440946 2128.3464566929133 323.62204724409446 116.92913385826772 Flandres.
1321.6535433070867 2128.3464566929133 124.01574803149606 116.92913385826772 .
1372.4409448818897 2128.3464566929133 124.01574803149606 116.92913385826772 .
1397.244094488189 2128.3464566929133 124.01574803149606 116.92913385826772 150

353.1496062992126 2208.6614173228345 308.26771653543307 98.03149606299213 d’AVRIL,
558.6614173228346 2208.6614173228345 257.4803149606299 98.03149606299213 Édouard.

454.7244094488189 2287.7952755905512 211.41732283464566 62.59842519685039 Grenoble

427.5590551181102 2348.031496062992 155.90551181102362 83.85826771653544 5.
505.51181102362204 2348.031496062992 155.90551181102362 83.85826771653544 Le
583.4645669291339 2348.031496062992 285.8267716535433 83.85826771653544 passage
791.3385826771654 2348.031496062992 155.90551181102362 83.85826771653544 du
869.2913385826772 2348.031496062992 337.79527559055117 83.85826771653544 ruisseau.
1130.3149606299212 2348.031496062992 129.92125984251967 83.85826771653544 .
1182.283464566929 2348.031496062992 129.92125984251967 83.85826771653544 .
1234.251968503937 2348.031496062992 129.92125984251967 83.85826771653544 .
1286.2204724409448 2348.031496062992 129.92125984251967 83.85826771653544 .
1338.1889763779527 2348.031496062992 129.92125984251967 83.85826771653544 .
1364.1732283464567 2348.031496062992 155.90551181102362 83.85826771653544 1000

427.5590551181102 2407.0866141732286 155.90551181102362 96.85039370078741 6.
505.51181102362204 2407.0866141732286 155.90551181102362 96.85039370078741 Un
583.4645669291339 2407.0866141732286 285.8267716535433 96.85039370078741 lavoir.
791.3385826771654 2407.0866141732286 129.92125984251967 96.85039370078741 .
843.3070866141733 2407.0866141732286 129.92125984251967 96.85039370078741 .
895.2755905511812 2407.0866141732286 129.92125984251967 96.85039370078741 .
947.2440944881889 2407.0866141732286 129.92125984251967 96.85039370078741 .
1000.3937007874016 2407.0866141732286 129.92125984251967 96.85039370078741 .
1052.3622047244094 2407.0866141732286 129.92125984251967 96.85039370078741 .
1104.3307086614172 2407.0866141732286 129.92125984251967 96.85039370078741 .
1156.2992125984251 2407.0866141732286 129.92125984251967 96.85039370078741 .
1208.267716535433 2407.0866141732286 129.92125984251967 96.85039370078741 .
1260.236220472441 2407.0866141732286 129.92125984251967 96.85039370078741 .
1312.2047244094488 2407.0866141732286 129.92125984251967 96.85039370078741 .
1364.1732283464567 2407.0866141732286 129.92125984251967 96.85039370078741 .
1390.1574803149606 2407.0866141732286 129.92125984251967 96.85039370078741 600
