1562 2776
676 16 202 99 —
756 16 202 99 4
797 16 121 99 —

72 102 123 77 12.
143 102 316 77 Cazotte
406 102 246 77 (Jacques),
599 102 263 77 littérateur
809 102 105 77 et
862 102 175 77 poëte.
984 102 105 77 Né
1037 102 88 77 à
1072 102 316 77 Dijon.
1335 102 105 77 L.
1388 102 158 77 aut.,
1475 102 53 77 à

115 163 132 57 M.
181 163 265 57 Ponteau,
380 163 132 57 20
446 163 198 57 avril
578 163 198 57 1792.
710 163 110 57 2
754 163 132 57 p.
820 163 154 57 pl.
909 163 198 57 in-8.
1041 163 265 57 Curieuse
1239 163 243 57 lettre.
1416 163 132 57 12
1460 163 66 57 »

159 213 130 56 Ce
224 213 217 56 pauvre
376 213 152 56 roi
463 213 130 56 de
528 213 195 56 Suède
659 213 217 56 est-il
811 213 195 56 mort?
941 213 217 56 est-il
1093 213 239 56 vivant?
1266 213 152 56 «Je
1332 213 195 56 n’étais

115 265 184 66 «donc
237 265 143 66 pas
319 265 164 66 mort
422 265 123 66 le
483 265 123 66 29
544 265 123 66 de
606 265 164 66 mars
708 265 184 66 comme
831 265 307 66 l’annonçait
1077 265 123 66 le
1138 265 389 66 Moniteur
1445 265 82 66 et

110 309 181 65 «les
223 309 226 65 autres
381 309 294 65 pamphlets
607 309 135 65 de
675 309 135 65 la
743 309 181 65 même
833 309 316 65 clique.....»

66 347 136 77 13.
143 347 368 77 Charlet,
453 347 233 77 peintre,
628 347 310 77 dessinateur.
880 347 116 77 L.
938 347 155 77 aut.
1035 347 175 77 sig.,
1152 347 116 77 au
1210 347 213 77 colonel
1345 347 175 77 Castre.

110 413 109 46 1
154 413 131 46 p.
219 413 196 46 in-4.
350 413 196 46 «....
480 413 131 46 La
545 413 174 46 mère
654 413 196 46 Furet
785 413 109 46 a
828 413 196 46 versé
959 413 174 46 dans
1067 413 131 46 la
1133 413 283 46 diligence
1350 413 131 46 de
1394 413 131 46 Gas-

96 451 340 57 «cogne
334 451 238 57 sur
470 451 204 57 la
571 451 306 57 route
775 451 204 57 de
877 451 509 57 Blague.....
1284 451 170 57 »
1352 451 170 57 3
1386 451 136 57 50

64 495 128 65 14.
137 495 255 65 Courtde
337 495 273 65 Gébelin
556 495 255 65 (Antoine),
756 495 182 65 auteur
883 495 128 65 de:
956 495 164 65 Le
1066 495 164 65 Monde
1175 495 310 65 primitif
1412 495 109 65 etc.

108 552 116 55 Né
166 552 97 55 à
204 552 329 55 Nimes
475 552 116 55 L.
533 552 155 55 aut.
630 552 174 55 sig.,
746 552 97 55 à
784 552 116 55 M.
842 552 251 55 Duchesne.
1036 552 116 55 15
1094 552 155 55 juin
1190 552 174 55 1782.
1306 552 97 55 1
1345 552 116 55 p.
1384 552 135 55 in

84 602 493 59 Pièce
453 602 246 59 de
577 602 862 59 l’Isographie
1316 602 205 59 7
1357 602 164 59 50

58 648 138 91 15.
137 648 356 91 Daveau,
434 648 297 91 perruquier,
671 648 198 91 poëte.
810 648 119 91 L.
869 648 158 91 aut.
968 648 178 91 sig.,
1087 648 99 91 à
1126 648 119 91 M.
1186 648 119 91 La
1245 648 237 91 Bouïsse.
1403 648 119 91 Cas

94 704 465 60 telnaudary,
466 704 186 60 13
559 704 372 60 décembre
837 704 279 60 1840.
1023 704 155 60 1
1085 704 186 60 p.
1178 704 279 60 in-4.
1364 704 155 60 2
1395 704 124 60 50

56 751 142 67 16.
137 751 203 67 Des
279 751 285 67 Moletz
503 751 427 67 (Pierre-Nicolas),
869 751 325 67 littérateur,
1133 751 366 67 bibliothécaire
1417 751 102 67 des

102 805 182 62 Pères
223 805 121 62 de
284 805 303 62 l’Oratoire,
526 805 101 62 à
566 805 202 62 Paris.
707 805 121 62 L.
768 805 162 62 aut.
869 805 182 62 sig.,
990 805 101 62 à
1030 805 202 62 l’abbé
1172 805 121 62 de
1232 805 202 62 Conti.
1353 805 162 62 Paris,

83 852 232 55 18
199 852 425 55 janvier
509 852 348 55 1730.
741 852 193 55 4
818 852 232 55 p.
934 852 271 55 pl.
1089 852 348 55 in-4.
1321 852 232 55 25
1398 852 116 55 »

148 880 217 70 Lettre
300 880 260 70 curieuse
495 880 130 70 au
560 880 195 70 sujet
691 880 152 70 des
777 880 282 70 querelles
994 880 325 70 religieuses
1255 880 130 70 du
1320 880 217 70 temps.
1450 880 65 70 —

100 943 157 59 Les
189 943 269 59 Jésuites
391 943 427 59 blasphémateurs.
751 943 112 59 —
796 943 135 59 Le
863 943 247 59 diocèse
1043 943 135 59 de
1110 943 202 59 Paris
1245 943 157 59 mis
1334 943 135 59 en
1379 943 135 59 com-

98 991 236 54 bustion
269 991 150 54 par
355 991 129 54 la
419 991 172 54 mort
526 991 129 54 du
591 991 257 54 cardinal
784 991 129 54 de
848 991 279 54 Noailles.
1063 991 107 54 —
1106 991 300 54 L’apologie
1341 991 129 54 du
1384 991 129 54 Père

99 1040 118 59 Le
158 1040 275 59 Courrayer.
375 1040 98 59 —
414 1040 236 59 Ouvrages
591 1040 236 59 publiés,
768 1040 256 59 saisis...
964 1040 118 59 Le
1023 1040 256 59 troisième
1220 1040 118 59 et
1279 1040 118 59 le
1338 1040 157 59 plus
1417 1040 98 59 sot

99 1090 115 52 de
156 1090 172 52 touts
271 1090 153 52 fait
366 1090 153 52 plus
462 1090 115 52 de
519 1090 172 52 bruit
634 1090 134 52 que
710 1090 134 52 les
786 1090 153 52 deux
882 1090 210 52 autres,
1035 1090 172 52 parce
1149 1090 172 52 qu’il
1264 1090 172 52 s’est
1359 1090 153 52 débité

95 1132 109 57 à
139 1132 196 57 Paris
270 1132 371 57 publiquement,
575 1132 175 57 avec
684 1132 371 57 l’approbation
990 1132 131 57 de
1055 1132 175 57 deux
1164 1132 262 57 évêques.
1339 1132 175 57 «C’est

96 1178 155 61 «la
184 1178 155 61 vie
273 1178 133 61 de
339 1178 177 61 sœur
449 1178 309 61 Marguerite
692 1178 287 61 Alacoque,
913 1178 309 61 religieuse
1156 1178 177 61 d’un
1267 1178 243 61 couvent
1422 1178 88 61 de

97 1237 150 56 «la
182 1237 321 56 Visitation,
439 1237 193 56 nommé
567 1237 193 56 Paray
696 1237 128 56 le
760 1237 235 56 Monial,
931 1237 235 56 diocèse
1102 1237 257 56 d’Autun.
1295 1237 193 56 Cette
1402 1237 107 56 vie

97 1291 169 42 «est
202 1291 232 42 remplie
371 1291 127 42 de
435 1291 190 42 menus
562 1291 211 42 faits,
709 1291 275 42 pratiques
921 1291 127 42 de
984 1291 275 42 dévotion,
1195 1291 253 42 visions,
1364 1291 148 42 pure-

95 1328 209 60 «ment
234 1328 278 60 visions,
442 1328 162 60 que
535 1328 278 60 l’évêque
743 1328 185 60 nous
859 1328 209 60 donne
998 1328 209 60 comme
1137 1328 162 60 des
1230 1328 232 60 choses
1369 1328 139 60 avé-

94 1376 225 51 «rées,
251 1376 292 51 inspirées
475 1376 202 51 même,
610 1376 202 51 comme
745 1376 314 51 prophéties
992 1376 135 51 de
1059 1376 269 51 l’Ancien
1261 1376 135 51 et
1328 1376 135 51 du
1373 1376 135 51 Nou-

94 1423 193 52 «veau
222 1423 300 52 Testament,
457 1423 128 52 et
522 1423 150 52 les
607 1423 257 52 miracles
800 1423 193 52 vrais
928 1423 128 52 ou
992 1423 171 52 faux
1099 1423 128 52 de
1164 1423 128 52 la
1228 1423 214 52 béate,
1356 1423 150 52 comme

92 1474 214 52 «aussi
241 1474 214 52 avérés
391 1474 150 52 que
477 1474 128 52 la
541 1474 343 52 résurrection
820 1474 128 52 de
884 1474 193 52 J.-C.
1012 1474 171 52 Mais
1120 1474 128 52 ce
1184 1474 150 52 que
1269 1474 150 52 les
1334 1474 171 52 petits

89 1522 257 54 «maîtres
282 1522 107 54 y
324 1522 257 54 admirent
517 1522 129 54 ce
582 1522 172 54 sont
689 1522 150 54 une
775 1522 257 54 infinité
968 1522 365 54 d’expressions
1247 1522 257 54 auxquelles

94 1569 184 55 «sans
216 1569 184 55 doute
338 1569 245 55 l’évêque
522 1569 122 55 de
583 1569 245 55 Soissons
767 1569 143 55 n’a
848 1569 143 55 pas
930 1569 163 55 fait
1032 1569 265 55 attention
1236 1569 122 55 en
1277 1569 224 55 écrivant,

90 1613 166 86 «car
194 1613 187 86 c’est
319 1613 145 86 lui
402 1613 145 86 qui
485 1613 145 86 est
568 1613 208 86 auteur
713 1613 125 86 du
775 1613 208 86 livre,
921 1613 125 86 et
983 1613 145 86 qui
1066 1613 166 86 leur
1170 1613 311 86 fournissent
1398 1613 104 86 les

88 1656 224 68 «idées
244 1656 157 68 les
334 1656 179 68 plus
423 1656 336 68 obscènes....»

42 1690 136 78 17.
119 1690 311 78 Doche
372 1690 253 78 (Madame),
566 1690 214 78 actrice
722 1690 117 78 du
780 1690 214 78 théâtre
935 1690 117 78 du
994 1690 291 78 Vaudeville.
1227 1690 117 78 L.
1285 1690 155 78 aut.
1363 1690 136 78 sig.;

67 1761 217 59 à
153 1761 434 59 Madame
458 1761 478 59 Dorval.
805 1761 217 59 1
892 1761 261 59 p.
1022 1761 391 59 in-8.
1283 1761 217 59 2
1326 1761 174 59 50

40 1806 146 58 18.
124 1806 333 58 Ducis
394 1806 417 58 (Jean-François),
749 1806 208 58 auteur
895 1806 313 58 dramatique,
1145 1806 208 58 membre
1291 1806 125 58 de
1332 1806 167 58 l’Aca

91 1862 165 47 démie
200 1862 256 47 française.
402 1862 110 47 Né
457 1862 91 47 à
493 1862 402 47 Versailles
841 1862 110 47 L.
895 1862 146 47 aut.
987 1862 165 47 sig.,
1097 1862 91 47 à
1133 1862 238 47 Bernardin
1316 1862 110 47 de
1353 1862 146 47 Saint-

82 1905 268 61 Pierre.
277 1905 366 61 Versailles,
570 1905 146 61 15
643 1905 268 61 ventôse
838 1905 220 61 1804.
985 1905 122 61 3
1033 1905 146 61 p.
1107 1905 171 61 pl.
1204 1905 220 61 in-4.
1351 1905 146 61 13
1399 1905 98 61 50

133 1954 281 63 Touchante
349 1954 216 63 lettre
501 1954 151 63 sur
587 1954 130 63 sa
652 1954 281 63 situation
868 1954 130 63 et
932 1954 194 63 celle
1062 1954 130 63 de
1127 1954 130 63 sa
1192 1954 216 63 bonne.
1343 1954 130 63 Ce
1386 1954 108 63 qui

87 2003 204 57 dépend
230 2003 123 57 de
291 2003 163 57 lui,
393 2003 184 57 c’est
516 2003 225 57 d’avoir
679 2003 163 57 soin
781 2003 225 57 d’elle,
944 2003 184 57 c’est
1067 2003 123 57 de
1128 2003 123 57 la
1190 2003 204 57 garder
1333 2003 163 57 près
1414 2003 82 57 de

85 2054 150 62 lui
170 2054 171 62 dans
277 2054 128 62 sa
341 2054 278 62 pauvreté,
555 2054 171 62 dans
662 2054 128 62 sa
726 2054 299 62 vieillesse
961 2054 128 62 et
1026 2054 171 62 dans
1132 2054 128 62 sa
1197 2054 235 62 cécité;
1346 2054 150 62 «mais

84 2105 150 44 «ce
169 2105 171 44 sera
276 2105 129 44 le
341 2105 171 44 plus
448 2105 171 44 doux
555 2105 214 44 charme
705 2105 129 44 de
769 2105 129 44 ma
834 2105 321 44 sollicitude
1091 2105 129 44 de
1155 2105 171 44 voir
1262 2105 193 44 cette
1369 2105 129 44 res-

86 2148 274 62 «pectable
296 2148 126 62 et
360 2148 210 62 pieuse
507 2148 189 62 fille
633 2148 210 62 aller,
780 2148 210 62 venir,
928 2148 232 62 tourner
1096 2148 210 62 autour
1243 2148 126 62 de
1307 2148 126 62 la
1349 2148 147 62 table

83 2196 152 58 «de
170 2196 152 58 mon
257 2196 260 58 travail,
452 2196 152 58 son
538 2196 195 58 bâton
668 2196 108 58 à
712 2196 130 58 la
777 2196 195 58 main,
907 2196 282 58 bénissant
1124 2196 173 58 Dieu
1232 2196 152 58 des
1297 2196 195 58 secours

82 2250 182 70 «que
196 2250 137 70 je
264 2250 159 70 lui
355 2250 205 70 donne
492 2250 137 70 et
560 2250 273 70 essuyant
765 2250 273 70 quelques
970 2250 228 70 larmes
1130 2250 137 70 de
1198 2250 159 70 ses
1289 2250 182 70 yeux
1380 2250 114 70 qui

81 2290 161 70 «ne
173 2290 252 70 verront
334 2290 252 70 plus....»

34 2312 138 102 19.
113 2312 315 102 Frédérick
369 2312 335 102 Lemaitre,
645 2312 217 102 célèbre
803 2312 217 102 acteur.
961 2312 118 102 L.
1020 2312 158 102 aut.
1118 2312 177 102 sig.,
1237 2312 99 102 à
1276 2312 118 102 M.
1316 2312 177 102 Gentil,

80 2389 291 70 directeur
304 2389 134 70 du
371 2389 224 70 second
528 2389 246 70 Théâtre
707 2389 291 70 Français.
931 2389 202 70 1823.
1065 2389 112 70 1
1110 2389 134 70 p.
1177 2389 157 70 pl.
1267 2389 202 70 in-4.
1401 2389 112 70 5
1424 2389 67 70 »

34 2443 132 58 20.
110 2443 341 58 Galland
394 2443 265 58 (Antoine),
602 2443 265 58 traducteur
810 2443 132 58 des
886 2443 227 58 Mille
1056 2443 114 58 et
1113 2443 132 58 une
1188 2443 265 58 Nuits
1396 2443 114 58 Né
1434 2443 57 58 à

81 2492 315 60 Rollot
341 2492 222 60 (Somme).
507 2492 111 60 L.
563 2492 148 60 aut.
656 2492 167 60 sig.,
767 2492 93 60 à
804 2492 185 60 l’abbé
933 2492 111 60 Du
989 2492 148 60 Bos.
1082 2492 185 60 Paris,
1211 2492 111 60 24
1267 2492 167 60 avril
1359 2492 130 60 1693.

79 2544 112 61 1
123 2544 134 61 p.
191 2544 157 61 pl.
280 2544 157 61 gr.
370 2544 201 61 in-8.
504 2544 134 61 Au
571 2544 201 61 sujet
705 2544 134 61 de
773 2544 134 61 la
840 2544 336 61 publication
1108 2544 134 61 du
1176 2544 291 61 Ménagiana
1377 2544 112 61 qui

40 2592 544 62 prend
402 2592 363 62 de
584 2592 363 62 la
765 2592 605 62 vogue.
1189 2592 363 62 16
1310 2592 181 62 »

34 2635 126 70 21.
106 2635 341 70 Grosley,
393 2635 198 70 avocat,
537 2635 287 70 littérateur.
771 2635 108 70 Né
824 2635 90 70 à
860 2635 323 70 Troyes
1130 2635 108 70 L.
1184 2635 144 70 aut.
1273 2635 162 70 sig.,
1381 2635 90 70 à
1399 2635 90 70 son

75 2694 244 72 ami..,
245 2694 244 72 Paris,
416 2694 146 72 16
489 2694 195 72 juin
611 2694 219 72 1759.
757 2694 122 72 2
806 2694 146 72 p.
879 2694 171 72 pl.
977 2694 219 72 in-4.
1123 2694 317 72 Curieuse.
1367 2694 122 72 7
1391 2694 98 72 50
