1086 2373
44 86 462 67 <b>YOUGOSLAVIE</b>

195 529 273 42 Commissaire
413 529 219 42 général:
577 529 182 42 Melita
687 529 127 42 Stele

197 578 247 56 Conservateur
397 578 92 56 du
443 578 139 56 Musée
536 578 139 56 d’Art
628 578 169 56 Moderne
751 578 92 56 de
782 578 185 56 Ljubljana.

138 742 142 49 Dans
227 742 107 49 le
280 742 160 49 cadre
387 742 107 49 de
441 742 107 49 la
494 742 160 49 jeune
601 742 249 49 génération
796 742 107 49 du
832 742 142 49 centre

92 784 233 49 artistique
275 784 100 49 de
325 784 216 49 Belgrade,
492 784 100 49 un
542 784 166 49 groupe
658 784 150 49 s’est
758 784 150 49 formé
858 784 100 49 en
891 784 83 49 ces

94 820 208 46 dernières
254 820 160 46 années
366 820 96 46 en
414 820 240 46 s’inspirant
607 820 112 46 des
671 820 144 46 idées
751 820 224 46 surréalistes

91 862 150 42 sans
185 862 169 42 qu’on
298 862 188 42 puisse
429 862 188 42 parler
561 862 150 42 d’un
655 862 244 42 programme
824 862 150 42 commun

93 900 242 35 rigoureux,
283 900 138 35 mais
369 900 173 35 plutôt
490 900 104 35 de
542 900 173 35 traits
663 900 190 35 communs
784 900 190 35 apparais-

93 937 135 39 sant
178 937 135 39 chez
262 937 169 39 divers
381 937 203 39 artistes
533 937 338 39 individuellement
804 937 169 39 caracté-

94 969 160 48 risés.
206 969 144 48 Parmi
302 969 112 48 les
366 969 128 48 plus
446 969 256 48 intéressants
655 969 96 48 de
703 969 112 48 ces
767 969 208 48 peintres,
911 969 64 48 il

91 1007 133 48 faut
175 1007 167 48 nommer
291 1007 200 48 Vladimir
441 1007 233 48 Velickovic
625 1007 133 48 dont
708 1007 117 48 les
775 1007 167 48 toiles
875 1007 100 48 nous

90 1045 142 41 font
179 1045 159 41 voir,
285 1045 89 41 à
321 1045 195 41 travers
462 1045 124 41 des
533 1045 230 41 réactions
693 1045 283 41 psychologiques

92 1084 233 40 complexes,
276 1084 167 40 l’écho
392 1084 267 40 d’événements
609 1084 200 40 pénibles
759 1084 100 40 et
793 1084 183 40 sanglants

92 1121 216 39 survenus
254 1121 180 39 durant
380 1121 234 39 l’enfance
561 1121 108 39 du
615 1121 216 39 peintre,
777 1121 198 39 pendant
903 1121 72 39 la

92 1159 183 47 guerre.
226 1159 100 47 Il
276 1159 117 47 les
342 1159 167 47 traite
459 1159 150 47 comme
559 1159 100 47 un
609 1159 283 47 avertissement
825 1159 150 47 concer-

96 1197 128 44 nant
176 1197 96 44 la
224 1197 240 44 possibilité
416 1197 128 44 d’un
496 1197 160 44 avenir
607 1197 96 44 de
655 1197 128 44 mort
735 1197 96 44 et
767 1197 208 44 d’anéantis-

92 1235 183 41 sement.
226 1235 117 41 Les
292 1235 200 41 éléments
442 1235 100 41 du
492 1235 167 41 dessin
609 1235 133 41 sont
692 1235 217 41 fortement
842 1235 133 41 accen-

92 1270 150 46 tués,
192 1270 100 46 le
242 1270 266 46 défigurement
459 1270 233 46 anatomique
642 1270 117 46 est
709 1270 167 46 voulu.
825 1270 100 46 et
858 1270 117 46 l’at-

94 1317 203 34 mosphère
247 1317 203 34 affreuse
399 1317 119 34 est
467 1317 203 34 exprimée
619 1317 119 34 par
687 1317 102 34 la
738 1317 186 34 tension
856 1317 119 34 entre

94 1344 102 50 le
145 1344 136 50 noir
230 1344 102 50 et
281 1344 102 50 le
331 1344 153 50 blanc
433 1344 102 50 et
484 1344 220 50 renforcée
654 1344 119 50 par
722 1344 119 50 une
789 1344 187 50 échelle
908 1344 68 50 de

94 1385 176 49 coloris
206 1385 240 49 naturalistes.

140 1436 142 38 D’un
229 1436 231 38 fondement
406 1436 231 38 analogue,
584 1436 142 38 mais
672 1436 160 38 d’une
761 1436 213 38 expression

94 1473 245 45 différente,
290 1473 114 45 est
355 1473 180 45 l’œuvre
486 1473 98 45 du
535 1473 180 45 peintre
666 1473 98 45 et
715 1473 180 45 peintre
829 1473 147 45 graveur

96 1508 165 42 Marko
205 1508 274 42 Krsmanovic,
425 1508 256 42 représenté
626 1508 91 42 à
663 1508 110 42 la
718 1508 220 42 Biennale
864 1508 110 42 avec

95 1547 121 45 son
164 1547 155 45 œuvre
267 1547 242 45 graphique.
457 1547 155 45 C’est
561 1547 104 45 un
613 1547 190 45 artiste
733 1547 242 45 contemplati,

94 1589 119 39 qui
162 1589 136 39 nous
247 1589 187 39 dévoile
382 1589 119 39 ses
450 1589 271 39 observations
671 1589 102 39 et
722 1589 119 39 ses
772 1589 204 39 sentiments

97 1629 121 42 par
166 1629 121 42 des
235 1629 189 42 accents
372 1629 258 42 symboliques
579 1629 103 42 et
631 1629 121 42 des
699 1629 172 42 signes
803 1629 172 42 associa-

97 1665 139 38 tifs.
189 1665 92 38 Il
235 1665 200 38 construit
389 1665 108 38 ses
451 1665 185 38 gravures
590 1665 108 38 par
651 1665 200 38 surfaces,
790 1665 185 38 sillonnées

95 1700 100 45 de
145 1700 166 45 traits
261 1700 266 45 profondément
477 1700 166 45 gravés
593 1700 83 45 à
626 1700 266 45 l’eau-forte;
842 1700 116 45 ses
892 1700 83 45 em-

98 1741 188 43 preintes
239 1741 125 43 font
318 1741 204 43 ressortir
474 1741 94 43 un
521 1741 157 43 relief
631 1741 219 43 vigoureux;
804 1741 125 43 pour
866 1741 110 43 éche-

98 1777 172 45 lonner
218 1777 121 45 les
287 1777 189 45 nuances
425 1777 103 45 il
477 1777 189 45 recourt
614 1777 189 45 souvent
752 1777 86 45 à
787 1777 121 45 une
838 1777 138 45 patine

82 1812 178 55 discrète.

143 1851 100 59 La
193 1851 167 59 vision
310 1851 233 59 artistique
493 1851 200 59 complexe
643 1851 100 59 de
693 1851 183 59 Zivojin
809 1851 167 59 Turinski

99 1902 215 39 manifeste
265 1902 116 39 une
331 1902 149 39 lutte
431 1902 199 39 acharnée
580 1902 132 39 pour
662 1902 99 39 la
712 1902 232 39 définition
878 1902 99 39 per-

98 1939 207 46 sonnelle
253 1939 104 46 du
305 1939 155 46 signe
408 1939 138 46 qui,
495 1939 121 46 peu
564 1939 86 46 à
598 1939 138 46 peu,
685 1939 190 46 devient
805 1939 173 46 symbole.

103 1973 94 45 La
150 1973 125 45 base
228 1973 156 45 claire
338 1973 94 45 de
385 1973 94 45 la
431 1973 203 45 peinture,
588 1973 94 45 en
634 1973 203 45 apparence
775 1973 203 45 tranquille,

100 2015 128 42 aux
173 2015 164 42 menus
282 2015 201 42 détails
429 2015 311 42 soigneusement
685 2015 219 42 traités,
849 2015 128 42 est
904 2015 73 42 en

100 2052 224 45 contraste
272 2052 138 45 avec
359 2052 121 45 les
428 2052 207 45 contours
583 2052 311 45 rigoureusement
825 2052 155 45 marqués

101 2086 103 39 du
152 2086 86 39 *
187 2086 172 39 signe:
307 2086 172 39 inséré
428 2086 138 39 avec
514 2086 292 39 préméditation
754 2086 138 39 dans
840 2086 103 39 la
875 2086 103 39 sur-

102 2121 128 50 face
182 2121 223 50 distinguée
357 2121 112 50 par
421 2121 96 50 un
469 2121 175 50 coloris
596 2121 112 50 vif
660 2121 96 50 où
708 2121 128 50 nous
772 2121 207 50 pressentons

103 2159 165 50 l’écho
219 2159 99 50 de
269 2159 215 50 l’échelle
434 2159 116 50 des
500 2159 182 50 coloris
632 2159 99 50 de
682 2159 99 50 la
731 2159 198 50 peinture
863 2159 116 50 serbe

88 2198 212 50 historique.

90 2264 80 40 126
