1086 2373
241 74 139 65 <b>PAYS

192 432 276 56 Commissaire
412 432 221 56 général:
578 432 110 56 J.
615 432 165 56 Leering

197 473 196 69 Directeur
348 473 91 69 du
393 473 136 69 Musée
484 473 196 69 Municipal
635 473 106 69 Van
695 473 121 69 Abbe
771 473 76 69 à
786 473 181 69 Eindhoven.

135 622 111 62 De
190 622 148 62 même
282 622 129 62 que
356 622 148 62 dans
449 622 111 62 de
504 622 222 62 nombreux
670 622 185 62 autres
800 622 166 62 pays,
892 622 74 62 de

91 666 214 55 nouvelles
255 666 264 55 perspectives
470 666 99 55 se
519 666 132 55 sont
601 666 247 55 manifestées
799 666 115 55 aux
849 666 115 55 Pays-

89 700 123 59 Bas
160 700 140 59 dans
247 700 193 59 l’œuvre
387 700 123 59 des
457 700 175 59 jeunes
580 700 210 59 artistes
737 700 105 59 au
790 700 158 59 cours
877 700 88 59 des

87 741 135 59 deux
171 741 219 59 dernières
340 741 185 59 années,
475 741 270 59 perspectives
694 741 118 59 qui
762 741 101 59 se
812 741 135 59 sont
880 741 84 59 dé-

85 783 220 56 veloppées
254 783 288 56 simultanément
491 783 102 56 et
542 783 118 56 qui
610 783 102 56 se
660 783 288 56 caractérisent
880 783 85 56 par

88 813 114 47 une
153 813 147 47 large
235 813 196 47 diversité.

130 862 96 55 Il
178 862 112 55 est
242 862 224 55 impossible
418 862 96 55 de
466 862 208 55 présenter
627 862 128 55 dans
707 862 192 55 l’espace
835 862 128 55 dévolu

85 909 118 44 une
153 909 118 44 vue
220 909 236 44 d’ensemble
406 909 118 44 qui
473 909 152 44 rende
574 909 185 44 justice
709 909 84 44 à
743 909 152 44 cette
827 909 135 44 diver-

82 945 162 48 sité,
190 945 144 48 mais
280 945 126 48 qui
351 945 233 48 donnerait
531 945 108 48 en
585 945 144 48 même
675 945 162 48 temps
782 945 126 48 une
836 945 126 48 image

83 982 186 39 précise
218 982 101 39 de
269 982 186 39 l’œuvre
404 982 101 39 de
455 982 169 39 chacun
573 982 118 39 des
640 982 203 39 artistes
775 982 186 39 représen-

81 1021 141 47 tés.
169 1021 158 47 Cette
275 1021 123 47 vue
345 1021 211 47 générale
504 1021 158 47 devra
609 1021 106 47 se
662 1021 194 47 dégager
803 1021 106 47 de
838 1021 123 47 l’en-

80 1060 176 42 semble
203 1060 123 42 des
274 1060 316 42 participations
537 1060 299 42 néerlandaises
783 1060 123 42 aux
836 1060 123 42 Bien-

82 1090 157 55 nales
169 1090 243 55 successives.

124 1131 102 58 La
175 1131 239 58 commission
363 1131 188 58 chargée
499 1131 102 58 de
551 1131 102 58 la
602 1131 222 58 sélection
772 1131 119 58 des
824 1131 137 58 œuvres

80 1184 146 44 s’est
177 1184 163 44 basée,
291 1184 130 44 dans
372 1184 98 44 la
421 1184 244 44 composition
616 1184 114 44 des
682 1184 244 44 différentes
860 1184 98 44 sec-

78 1220 166 51 tions,
195 1220 116 51 sur
261 1220 100 51 le
311 1220 166 51 besoin
427 1220 216 51 manifeste
593 1220 100 51 de
643 1220 183 51 choisir
776 1220 116 51 des
826 1220 133 51 œuvres

79 1264 246 39 présentant
273 1264 158 39 entre
378 1264 158 39 elles
484 1264 105 39 un
536 1264 141 39 lien
624 1264 193 39 commun,
765 1264 105 39 et
817 1264 105 39 en
853 1264 105 39 même

77 1295 152 50 temps
179 1295 102 50 de
229 1295 220 50 présenter
399 1295 186 50 l’œuvre
534 1295 102 50 de
585 1295 169 50 chaque
703 1295 186 50 artiste
839 1295 102 50 de
872 1295 85 50 ma-

78 1328 158 48 nière
166 1328 194 48 adéquate.

120 1368 86 58 A
154 1368 137 58 côté
240 1368 103 58 de
291 1368 257 58 l’influence
496 1368 103 58 du
548 1368 222 58 mouvement
719 1368 171 58 Cobra,
838 1368 120 58 qui
890 1368 68 58 se

77 1415 128 55 fait
157 1415 160 55 encore
269 1415 176 55 sentir,
397 1415 96 55 de
445 1415 144 55 celle
542 1415 96 55 du
590 1415 192 55 pop-art,
734 1415 96 55 de
782 1415 96 55 la
814 1415 144 55 nouvele

77 1457 232 46 figuration,
262 1457 232 46 l’influence
447 1457 232 46 persistante
633 1457 93 46 de
679 1457 139 46 l’art
756 1457 201 46 géométrique

77 1501 219 40 abstrait,
246 1501 118 40 qui
313 1501 84 40 a
347 1501 169 40 trouvé
465 1501 118 40 une
533 1501 101 40 de
584 1501 118 40 ses
651 1501 186 40 sources
786 1501 118 40 aux
837 1501 118 40 Pays-

78 1529 138 51 Bas,
164 1529 121 51 est
233 1529 103 51 un
285 1529 224 51 phénomène
457 1529 241 51 surprenant
647 1529 138 51 dans
733 1529 103 51 le
785 1529 155 51 jeune
871 1529 86 51 art

58 1568 242 52 néerlandais.

62 2247 74 41 96

781 2185 85 51 J.
809 2185 142 51 Leering.
