1086 2373
18 93 343 62 <b>NORVEGE</b>

197 540 282 64 Commissaire
423 540 226 64 général:
592 540 113 64 M.
649 540 113 64 H.
705 540 169 64 Bugge
799 540 132 64 Mahrt

200 590 189 68 Conseiller
349 590 162 68 culturel
471 590 108 68 près
538 590 203 68 l’Ambassade
701 590 81 68 de
741 590 149 68 Norvège
849 590 68 68 à
863 590 108 68 Paris.

138 752 122 69 En
199 752 245 69 Norvège,
382 752 184 69 comme
505 752 163 69 dans
607 752 245 69 beaucoup
770 752 204 69 d’autres

98 802 144 54 pays,
194 802 96 54 il
242 802 144 54 s’est
337 802 207 54 introduit
497 802 112 54 une
560 802 223 54 atmosphère
720 802 255 54 internationale

95 839 128 49 qui,
175 839 128 49 pour
255 839 112 49 une
319 839 160 49 grande
431 839 128 49 part
511 839 112 49 des
574 839 128 49 arts
654 839 240 49 plastiques,
846 839 128 49 sert
910 839 64 49 de

96 873 135 59 base
181 873 118 59 aux
248 873 219 59 créations
417 873 101 59 de
468 873 101 59 la
518 873 203 59 nouvelle
670 873 236 59 génération
856 873 84 59 à
873 873 101 59 côté

93 916 119 51 des
161 916 238 51 impulsions
348 916 221 51 d’origine
502 916 204 51 nationale.

138 959 100 61 La
188 959 234 61 discussion
372 959 150 61 entre
472 959 117 61 les
539 959 200 61 diverses
689 959 217 61 tendances
856 959 83 61 a
873 959 100 61 cédé

94 999 100 56 la
144 999 149 56 place
244 999 83 56 à
277 999 116 56 une
343 999 199 56 attitude
493 999 149 56 selon
592 999 199 56 laquelle
742 999 116 56 les
791 999 183 56 modalités

91 1045 271 45 d’expression
312 1045 119 45 ont
379 1045 119 45 une
447 1045 153 45 égale
549 1045 187 45 valeur.
685 1045 119 45 Les
753 1045 170 45 jeunes
854 1045 119 45 n’ont

92 1083 133 48 plus
175 1083 166 48 besoin
292 1083 100 48 de
342 1083 100 48 se
391 1083 166 48 battre
508 1083 133 48 pour
591 1083 150 48 leurs
691 1083 266 48 conceptions,
890 1083 83 48 ils

91 1120 193 35 peuvent
232 1120 105 35 se
285 1120 246 35 concentrer
478 1120 123 35 sur
548 1120 123 35 les
619 1120 176 35 moyens
742 1120 105 35 de
794 1120 123 35 les
847 1120 123 35 dêve-

91 1154 176 57 lopper
215 1154 106 57 et
268 1154 106 57 de
320 1154 141 57 leur
408 1154 176 57 donner
532 1154 123 57 une
602 1154 159 57 forme
708 1154 106 57 et
761 1154 123 57 une
813 1154 159 57 qualité

75 1187 218 50 artistiques.

134 1236 100 55 Il
184 1236 134 55 s’en
268 1236 167 55 dégage
385 1236 117 55 une
452 1236 201 55 certaine
603 1236 167 55 notion
720 1236 100 55 du
770 1236 167 55 milieu
871 1236 100 55 dans

91 1274 163 48 lequel
205 1274 98 48 se
254 1274 130 48 sont
335 1274 228 48 développés
514 1274 114 48 les
579 1274 163 48 quatre
693 1274 195 48 artistes
840 1274 114 48 qui
889 1274 81 48 re-

90 1314 232 57 présentent
273 1314 99 57 la
323 1314 199 57 Norvège.
472 1314 116 57 Une
538 1314 149 57 paix,
637 1314 182 57 propice
770 1314 99 57 au
803 1314 166 57 travail,

89 1359 80 48 y
121 1359 144 48 règne
217 1359 112 48 et,
281 1359 208 48 l’intérêt
441 1359 160 48 allant
554 1359 80 48 à
586 1359 160 48 toutes
698 1359 112 48 les
762 1359 208 48 tendances
906 1359 64 48 de

88 1392 216 42 l’époque,
254 1392 100 42 la
304 1392 149 42 porte
404 1392 116 42 est
470 1392 166 42 grande
586 1392 183 42 ouverte
719 1392 133 42 pour
802 1392 116 42 les
852 1392 116 42 expé-

89 1434 173 48 riences
215 1434 189 48 fertiles
356 1434 110 48 des
419 1434 173 48 jeunes.
545 1434 94 48 Ce
592 1434 141 48 champ
686 1434 126 48 plus
765 1434 157 48 large,
859 1434 110 48 cette

89 1472 258 40 perspective
295 1472 138 40 plus
382 1472 207 40 étendue,
537 1472 258 40 prometteurs
743 1472 138 40 pour
829 1472 121 40 les
881 1472 86 40 an-

89 1511 135 47 nées
174 1511 85 47 à
207 1511 169 47 venir,
326 1511 186 47 ouvrent
461 1511 101 47 un
512 1511 152 47 riche
613 1511 203 47 éventail
765 1511 101 47 de
799 1511 169 47 manières

88 1548 287 49 d’expression,
325 1548 169 49 allant
443 1548 101 49 du
494 1548 254 49 naturalisme
697 1548 237 49 romantique
866 1548 101 49 jus-

88 1588 163 58 qu’aux
202 1588 163 58 formes
315 1588 309 58 non-figuratives
576 1588 195 58 extrêmes
722 1588 98 58 et
771 1588 98 58 au
803 1588 163 58 pop

128 1634 137 46 Jens
214 1634 274 46 Johannessen,
436 1634 137 46 Tore
522 1634 171 46 Gunnar
642 1634 171 46 Olsen,
762 1634 137 46 Nils
848 1634 120 46 Aas
899 1634 69 46 et

87 1662 130 45 Arne
168 1662 196 45 Malmedal
315 1662 98 45 se
364 1662 130 45 sont
445 1662 130 45 déjà
527 1662 130 45 fait
608 1662 212 45 remarquer
771 1662 82 45 à
804 1662 114 45 des
853 1662 114 45 expo-

88 1706 170 48 sitions
211 1706 278 48 significatives
442 1706 93 48 et
489 1706 108 48 ils
550 1706 123 48 sont
628 1706 123 48 tous
705 1706 231 48 représentés
874 1706 93 48 dans

88 1742 121 49 les
157 1742 173 49 musées
278 1742 104 49 et
329 1742 259 49 collections
537 1742 104 49 de
588 1742 207 49 Norvège.
744 1742 155 49 Leurs
830 1742 138 49 œuvres

89 1784 227 37 présentées
267 1784 114 37 ici
332 1784 97 37 ne
381 1784 211 37 cherchent
543 1784 114 37 pas
608 1784 81 37 à
640 1784 195 37 captiver
787 1784 97 37 le
819 1784 146 37 specta-

87 1825 126 37 teur
166 1825 110 37 par
229 1825 110 37 des
292 1825 157 37 effets
402 1825 79 37 à
433 1825 220 37 sensation;
606 1825 142 37 elles
701 1825 94 37 se
732 1825 236 37 caractérisent

88 1862 162 45 plutôt
201 1862 114 45 par
266 1862 114 45 une
331 1862 244 45 élaboration
526 1862 211 45 distincte
689 1862 114 45 des
754 1862 162 45 moyens
851 1862 114 45 d’ac-

88 1900 130 38 tion
169 1900 114 38 les
234 1900 130 38 plus
315 1900 146 38 aptes
412 1900 81 38 à
445 1900 195 38 exprimer
591 1900 243 38 entièrement
786 1900 114 38 les
834 1900 130 38 inten-

88 1933 146 43 tions
185 1933 97 43 de
234 1933 146 43 leurs
331 1933 195 43 auteurs.
478 1933 97 43 Un
526 1933 146 43 trait
624 1933 162 43 commun
738 1933 114 43 s’y
786 1933 179 43 retrouve:

89 1968 101 47 la
140 1968 236 47 conscience
325 1968 101 47 de
375 1968 236 47 techniques
560 1968 118 47 qui
628 1968 101 47 ne
678 1968 202 47 laissent
829 1968 135 47 rien
897 1968 67 47 au

91 2005 175 45 hasard.
218 2005 143 45 Mais,
314 2005 191 45 derrière
457 2005 111 45 une
520 2005 191 45 attitude
663 2005 302 45 intellectuelle,
901 2005 64 45 on

85 2049 238 39 découvre,
268 2049 92 39 à
305 2049 110 39 un
360 2049 165 39 degré
470 2049 147 39 plus
562 2049 110 39 ou
617 2049 165 39 moins
727 2049 238 39 prononcé,
892 2049 73 39 la

89 2086 206 48 présence
244 2086 103 48 de
295 2086 103 48 la
347 2086 172 48 nature
467 2086 206 48 ambiante
622 2086 86 48 -
656 2086 189 48 surtout
794 2086 138 48 chez
863 2086 103 48 Aine

92 2121 210 38 Malmedal.
253 2121 226 38 Toutefois,
431 2121 97 38 la
479 2121 162 38 nature
593 2121 113 38 n’a
657 2121 113 38 pas
722 2121 178 38 liberté
851 2121 97 38 de
883 2121 81 38 do-

90 2155 143 46 miner
185 2155 159 46 l’art,
297 2155 127 46 elle
376 2155 143 46 reste
471 2155 111 46 une
535 2155 254 46 inspiration,
742 2155 111 46 une
789 2155 175 46 charpente

89 2196 165 52 autour
204 2196 99 52 de
253 2196 198 52 laquelle
402 2196 181 52 l’œuvre
533 2196 99 52 se
566 2196 198 52 construit.
