1086 2331
117 20 603 87 <b>MANIFESTATIONS
606 20 373 87 ANNEXES</b>

391 1002 217 51 <bGALERIE
541 1002 317 51 TRANSPOSITION</b>

252 1034 119 70 132,
326 1034 193 70 boulevard
475 1034 178 70 Raspail,
609 1034 134 70 Paris
698 1034 119 70 (6e)
772 1034 74 70 —
802 1034 119 70 DAN.
861 1034 119 70 75

254 1078 214 66 Exposition
422 1078 92 66 du
468 1078 92 66 29
514 1078 199 66 septembre
666 1078 92 66 au
712 1078 92 66 16
758 1078 168 66 octobre
865 1078 107 66 1965.

240 1121 208 71 Vernissage
404 1121 89 71 le
448 1121 179 71 mercredi
582 1121 89 71 29
627 1121 193 71 septembre
776 1121 89 71 de
820 1121 89 71 17
865 1121 74 71 à
895 1121 89 71 20
924 1121 60 71 h.

254 1161 114 61 Tous
325 1161 100 61 les
382 1161 129 61 jours
468 1161 114 61 sauf
540 1161 86 61 le
583 1161 172 61 dimanche
711 1161 86 61 et
754 1161 86 61 le
797 1161 129 61 lundi
869 1161 100 61 matin

314 1203 90 63 de
359 1203 90 63 10
404 1203 75 63 n
434 1203 90 63 30
480 1203 75 63 à
510 1203 90 63 12
555 1203 75 63 h
585 1203 90 63 et
630 1203 90 63 de
675 1203 90 63 14
720 1203 75 63 n
750 1203 90 63 30
796 1203 75 63 à
826 1203 90 63 19
856 1203 60 63 h.

512 1306 198 58 <b>REQUIEM</b>

147 1355 143 53 <b>Peintres</b>

147 1410 124 50 Bela
210 1410 124 50 Birkas

145 1453 195 49 François
275 1453 146 49 Chapuis

142 1486 228 46 Jacqueline
304 1486 114 46 Hurot

137 1517 190 50 Thomas
251 1517 133 50 Konok

139 1553 157 45 Andrea
233 1553 126 45 Picini

136 1584 167 49 Serna
229 1584 130 49 Romos

636 1367 196 56 Sculpteurs

655 1433 191 49 Hildegard
787 1433 103 49 Bilik

632 1470 167 38 Bonnard

648 1504 115 40 Jan
697 1504 131 40 Firmin

649 1537 171 43 Mathyas
758 1537 125 43 Liptai

648 1569 134 45 Ervin
723 1569 119 45 Patkaï

645 1603 120 51 Ina
696 1603 188 51 Rodenburg

140 1655 84 70 En
182 1655 140 70 annexe
280 1655 70 70 à
308 1655 84 70 la
350 1655 182 70 Biennale,
489 1655 98 70 six
545 1655 196 70 sculpteurs
699 1655 84 70 et
741 1655 98 70 six
797 1655 168 70 peintres
908 1655 126 70 membres

137 1695 93 61 du
183 1695 170 61 travail
307 1695 185 61 d’Equipe
446 1695 77 61 «
477 1695 170 61 Requiem
600 1695 77 61 ,
631 1695 216 61 organisent
801 1695 108 61 une
848 1695 185 61 exposition

136 1730 95 55 qui
191 1730 68 55 a
218 1730 109 55 pour
286 1730 95 55 but
340 1730 217 55 d’expliciter
516 1730 81 55 et
557 1730 204 55 d’illustrer
720 1730 136 55 l’idée
815 1730 217 55 fondamentale
978 1730 54 55 de

135 1769 87 49 ce
178 1769 159 49 groupe:
294 1769 72 49 à
323 1769 159 49 savoir:
439 1769 87 49 la
482 1769 188 49 recherche
627 1769 130 49 d’une
714 1769 174 49 nouvelle
830 1769 203 49 spiritualité

134 1792 108 45 dans
189 1792 108 45 l’art.

135 1849 96 65 Ces
190 1849 165 65 artistes
314 1849 123 65 n’ont
396 1849 96 65 pas
451 1849 82 65 la
492 1849 192 65 prétention
643 1849 151 65 d’avoir
753 1849 110 65 mené
821 1849 69 65 à
849 1849 96 65 son
890 1849 137 65 aboutis-

131 1885 149 66 sement
235 1885 89 66 ce
280 1885 193 66 programme
429 1885 193 66 ambitieux
578 1885 104 66 qui
637 1885 134 66 n’est
726 1885 89 66 en
771 1885 119 66 fait
831 1885 193 66 qu’ébauché;

133 1920 115 62 mais
205 1920 101 62 ils
262 1920 202 62 témoignent
420 1920 130 62 ainsi
507 1920 130 62 d’une
593 1920 202 62 aspiration
752 1920 101 62 que
809 1920 86 62 la
852 1920 101 62 vie
895 1920 130 62 moderne

130 1952 189 57 satisfait
276 1952 87 57 de
320 1952 131 57 moins
407 1952 87 57 en
436 1952 117 57 moins.

133 2009 123 66 C’est
216 2009 164 66 pourquoi
339 2009 96 66 ces
394 2009 123 66 douze
476 2009 164 66 artistes
599 2009 164 66 estimant
723 2009 96 66 que
777 2009 123 66 l’art
860 2009 110 66 doit
914 2009 110 66 expri-

130 2041 95 64 mer
185 2041 95 64 par
239 2041 81 64 la
279 2041 203 64 sensibilité
442 2041 95 64 une
496 2041 190 64 profondeur
645 2041 217 64 spirituelle,
821 2041 81 64 se
862 2041 108 64 sont
916 2041 108 64 réunis

128 2077 149 57 autour
232 2077 89 57 du
277 2077 134 57 thème
367 2077 89 57 du
411 2077 75 57 *
441 2077 179 57 Requiem?
576 2077 104 57 qui
635 2077 164 57 offrait
755 2077 75 57 à
784 2077 119 57 leur
844 2077 179 57 méditation

129 2114 91 53 un
174 2114 136 53 large
265 2114 136 53 champ
356 2114 242 53 d’expérience
553 2114 91 53 et
599 2114 197 53 répondait
750 2114 76 53 à
781 2114 136 53 leurs
871 2114 152 53 soucis
962 2114 61 53 de

129 2147 202 57 rechercher
287 2147 87 57 un
331 2147 101 57 art
389 2147 130 57 fondé
475 2147 101 57 sur
533 2147 87 57 la
562 2147 130 57 pensée.

108 2194 87 47 200
