1086 2331
133 25 599 76 <b>MANIFESTATIONS
618 25 371 76 ANNEXES</b>

501 1024 193 48 <b>GALERIE
639 1024 124 48 "A"</b>

318 1059 105 55 68,
378 1059 105 55 rue
438 1059 210 55 Bonaparte,
603 1059 135 55 Paris
692 1059 120 55 (6e)
767 1059 75 55 —
797 1059 120 55 DAN.
857 1059 105 55 30

294 1114 215 61 Exposition
463 1114 92 61 du
509 1114 92 61 13
555 1114 169 61 octobre
678 1114 92 61 au
724 1114 77 61 B
755 1114 185 61 novembre
878 1114 108 61 1965.

284 1165 206 61 Vernissage
446 1165 88 61 le
490 1165 176 61 mercredi
622 1165 88 61 13
666 1165 161 61 octobre
783 1165 88 61 de
828 1165 88 61 18
872 1165 73 61 à
901 1165 88 61 22
930 1165 59 61 h.

440 1209 114 51 Tous
511 1209 100 51 les
568 1209 128 51 jours
654 1209 114 51 sauf
725 1209 86 51 le
753 1209 100 51 lundi

293 1241 90 58 de
338 1241 90 58 10
383 1241 75 58 h
413 1241 90 58 30
457 1241 75 58 à
487 1241 90 58 12
532 1241 75 58 h
562 1241 90 58 30
607 1241 90 58 et
651 1241 90 58 de
696 1241 90 58 14
741 1241 75 58 h
771 1241 90 58 30
816 1241 75 58 à
846 1241 90 58 19
890 1241 75 58 n
905 1241 75 58 30.

568 1328 148 54 <b>DYENS</b>

498 1377 264 51 SCULPTURES

179 1424 234 56 L’exposition
370 1424 88 56 de
414 1424 161 56 Georges
531 1424 146 56 Dyens,
633 1424 103 56 qui
692 1424 176 56 comprend
824 1424 103 56 des
882 1424 146 56 pièces
970 1424 88 56 dont

178 1466 84 58 la
220 1466 168 58 création
346 1466 210 58 s’échelonne
513 1466 126 58 entre
597 1466 112 58 1960
667 1466 84 58 et
709 1466 126 58 1965.
793 1466 140 58 montre
876 1466 182 58 l’évolution

176 1501 80 51 de
216 1501 80 51 ce
256 1501 120 51 jeune
336 1501 174 51 sculpteur
470 1501 80 51 de
510 1501 80 51 sa
550 1501 134 51 sortie
644 1501 80 51 de
684 1501 174 51 l’atelier
817 1501 107 51 d’H.
884 1501 80 51 G.
924 1501 120 51 Adam,
991 1501 67 51 aux

178 1528 202 60 Beaux-Arts
336 1528 87 60 de
380 1528 144 60 Paris,
481 1528 87 60 où
524 1528 87 60 il
567 1528 173 60 remporta
697 1528 87 60 le
740 1528 130 60 grand
827 1528 115 60 Prix
899 1528 87 60 de
943 1528 115 60 Rome
1000 1528 58 60 en

176 1569 130 53 1961,
262 1569 188 53 jusqu’aux
407 1569 173 53 derniers
537 1569 116 53 mois
609 1569 87 53 de
652 1569 101 53 son
710 1569 145 53 séjour
811 1569 72 53 à
840 1569 130 53 Rome.
927 1569 116 53 Bien
985 1569 72 53 que

173 1602 132 51 vivant
265 1602 79 51 et
305 1602 198 51 travaillant
463 1602 66 51 à
490 1602 79 51 la
529 1602 119 51 Villa
608 1602 158 51 Médicis,
727 1602 132 51 Dyens,
819 1602 132 51 depuis
912 1602 119 51 1957,
978 1602 79 51 n’en

173 1637 68 50 a
201 1637 95 50 pas
255 1637 122 50 moins
337 1637 177 50 participé
472 1637 95 50 aux
527 1637 109 50 plus
595 1637 204 50 importantes
758 1637 245 50 manifestations
948 1637 109 50 artis-

171 1667 143 56 tiques
271 1667 214 56 parisienne:
442 1667 129 56 Salon
528 1667 86 56 de
571 1667 86 56 la
613 1667 129 56 Jeune
699 1667 200 56 Sculpture,
856 1667 171 56 Réalités
970 1667 86 56 Nou-

171 1701 148 51 velles,
278 1701 228 51 Comparaisons,
466 1701 107 51 etc.
533 1701 121 51 Outre
614 1701 81 51 le
654 1701 107 51 Prix
721 1701 81 51 de
762 1701 121 51 Rome,
842 1701 175 51 l’artiste
963 1701 94 51 s’est

172 1741 145 45 encore
273 1741 87 45 vu
317 1741 174 45 décerner
447 1741 87 45 le
491 1741 116 45 Prix
563 1741 87 45 de
607 1741 87 45 la
650 1741 174 45 Critique
781 1741 189 45 Allemande
926 1741 87 45 en
955 1741 102 45 1962,

173 1766 84 61 le
215 1766 112 61 Prix
285 1766 126 61 André
369 1766 126 61 Susse
454 1766 84 61 de
496 1766 84 61 la
538 1766 168 61 Biennale
664 1766 84 61 de
706 1766 126 61 Paris
790 1766 84 61 en
832 1766 112 61 1963
903 1766 84 61 et
945 1766 84 61 un
973 1766 84 61 prix

168 1805 172 50 d’achat
294 1805 94 50 au
341 1805 188 50 concours
482 1805 94 50 de
529 1805 172 50 Lourdes
638 1805 110 50 1964.

172 1843 86 56 Le
215 1843 128 56 titre
300 1843 86 56 de
343 1843 86 56 sa
386 1843 128 56 série
471 1843 86 56 de
514 1843 200 56 sculptures
671 1843 171 56 récentes
799 1843 71 56 :
828 1843 71 56 .
842 1843 214 56 Métamorphoses

170 1876 138 50 lentes
267 1876 69 50 ,
295 1876 152 50 indique
405 1876 221 50 parfaitement
585 1876 83 50 la
627 1876 235 50 signification
821 1876 180 50 plastique
959 1876 83 50 de
987 1876 69 50 ses

170 1915 204 52 recherches.
334 1915 82 52 En
374 1915 136 52 effet.
469 1915 82 52 il
510 1915 82 52 ne
551 1915 136 52 s’agit
646 1915 136 52 point,
741 1915 109 52 dans
809 1915 82 52 sa
850 1915 150 52 volonté
959 1915 82 52 de
986 1915 68 52 dé-

169 1950 160 53 couvrir
286 1950 87 53 la
329 1950 203 53 communauté
489 1950 203 53 originelle
649 1950 87 53 de
692 1950 145 53 toutes
794 1950 102 53 les
852 1950 203 53 structures
997 1950 58 53 et

167 1984 116 40 dans
240 1984 87 40 sa
284 1984 189 40 tentative
429 1984 189 40 d’établir
574 1984 87 40 la
618 1984 203 40 permanence
778 1984 87 40 de
821 1984 102 40 ces
880 1984 189 40 dernières
1010 1984 44 40 à

166 2016 163 54 travers
285 2016 104 54 les
344 2016 222 54 différences
521 2016 281 54 morphologiques,
758 2016 89 54 de
802 2016 192 54 déboucher
950 2016 104 54 sur
995 2016 59 54 un

170 2049 92 54 art
223 2049 211 54 d’expression
394 2049 158 54 statique
513 2049 119 54 mais,
592 2049 106 54 bien
658 2049 145 54 plutôt,
764 2049 198 54 d’explorer.
922 2049 66 54 à
948 2049 79 54 la
975 2049 79 54 fois

168 2082 98 46 par
224 2082 126 46 cette
308 2082 196 46 permanence
463 2082 84 46 et
505 2082 84 46 en
547 2082 126 46 dépit
631 2082 154 46 d’elle,
743 2082 98 46 les
799 2082 225 46 innombrables
968 2082 84 46 vir-

168 2114 169 43 tualités
295 2114 239 43 d’élaboration
491 2114 211 43 artistiques
660 2114 169 43 incluses
787 2114 113 43 dans
857 2114 98 43 ies
899 2114 155 43 processus

165 2147 87 55 de
209 2147 262 55 transformation
428 2147 87 55 de
471 2147 87 55 la
500 2147 146 55 matière.

154 2203 85 41 192
