1013 2373
585 49 351 76 <b>TURQUIE</b>

104 421 257 80 Commissaire
310 421 206 80 général:
464 421 206 80 Nurullah
601 421 103 80 Berk

106 463 203 85 Professeur
266 463 73 85 à
295 463 203 85 l’Académie
455 463 102 85 des
513 463 203 85 Beaux-Arts
658 463 189 85 d’Istanbul.

69 589 104 80 En
121 589 122 80 une
190 589 191 80 période
329 589 104 80 où
381 589 104 80 le
433 589 156 80 monde
538 589 122 80 des
607 589 139 80 arts
677 589 208 80 plastiques

41 635 180 76 semble
167 635 198 76 accuser
311 635 126 76 une
383 635 216 76 certaine
544 635 234 76 lassitude
724 635 162 76 mêlée
814 635 72 76 de

44 679 195 64 confusion
194 679 75 64 à
224 679 165 64 l’égard
344 679 90 64 de
389 679 90 64 la
434 679 285 64 non-figuration,
675 679 90 64 de
705 679 180 64 l’abstrac-

44 703 147 74 fion,
141 703 98 74 il
190 703 130 74 nous
272 703 81 74 a
304 703 163 74 semblé
418 703 244 74 intéressant
614 703 98 74 de
663 703 212 74 présenter
810 703 81 74 des

43 750 149 71 jeunes
147 750 178 71 artistes
281 750 119 71 dont
355 750 104 71 les
415 750 163 71 travaux
533 750 178 71 révèlent
667 750 89 71 le
712 750 134 71 désir
786 750 104 71 d’at-

45 780 173 72 teindre
171 780 78 72 à
202 780 110 72 une
265 780 251 72 expressivité
469 780 188 72 sensible
610 780 94 72 et
658 780 188 72 humaine,
783 780 110 72 voire

44 821 87 71 à
78 821 209 71 certains
235 821 209 71 moments,
391 821 261 71 dramatique.
600 821 122 71 Ici
669 821 104 71 le
721 821 174 71 retour
826 821 70 71 au

45 860 167 68 sujet,
162 860 100 68 au
212 860 167 68 thème,
329 860 183 68 s’opère
462 860 133 68 sans
546 860 217 68 préjudice
713 860 150 68 aucun
813 860 83 68 à
829 860 67 68 la

47 895 177 77 qualité
175 895 96 77 du
224 895 161 77 dessin
336 895 96 77 et
384 895 96 77 de
432 895 96 77 la
481 895 193 77 couleur,
625 895 80 77 à
657 895 193 77 l’esprit
802 895 96 77 de
834 895 64 77 la

35 961 142 49 peinture.

76 980 146 74 C’est
173 980 130 74 dans
254 980 113 74 cet
319 980 162 74 esprit
432 980 113 74 que
497 980 130 74 sont
578 980 178 74 réunis,
708 980 130 74 pour
772 980 130 74 repré-

49 1020 165 72 senter
164 1020 99 72 la
213 1020 181 72 Turquie
345 1020 82 72 à
378 1020 99 72 la
427 1020 214 72 Quatrième
592 1020 198 72 Biennale
740 1020 99 72 de
773 1020 132 72 Paris,

46 1071 135 58 deux
130 1071 202 58 peintres
282 1071 101 58 et
333 1071 135 58 deux
417 1071 219 58 graveurs:
586 1071 135 58 Nese
670 1071 152 58 Erdok
771 1071 101 58 et
805 1071 101 58 Suna

50 1105 207 64 Gôkpinar,
209 1105 175 64 Ozdemir
336 1105 143 64 Altan
432 1105 95 64 et
479 1105 127 64 Utku
543 1105 143 64 Varlik.

76 1142 266 71 Fraichement
289 1142 231 71 diplômées
467 1142 107 71 de
520 1142 249 71 l’Académie
716 1142 124 71 des
769 1142 142 71 Beaux-

48 1188 133 61 Arts
131 1188 249 61 d’istanbul,
331 1188 133 61 Nese
414 1188 149 61 Erdok
513 1188 100 61 et
563 1188 133 61 Suna
646 1188 199 61 Gôkpinar
779 1188 133 61 affir-

49 1227 138 62 ment
135 1227 138 62 dans
222 1227 156 62 leurs
326 1227 173 62 œuvres
447 1227 121 62 des
516 1227 138 62 deux
602 1227 225 62 dernières
758 1227 156 62 années,

51 1272 112 52 une
115 1272 257 52 personnalité
324 1272 112 52 qui
388 1272 177 52 s’était
517 1272 257 52 curieusement
725 1272 177 52 révélée
838 1272 80 52 dès

52 1305 96 58 le
100 1305 144 58 début
196 1305 96 58 de
244 1305 144 58 leurs
341 1305 176 58 études.
469 1305 225 58 S’écartant
645 1305 257 58 délibérément
838 1305 80 58 des

50 1341 157 55 voies
154 1341 227 55 courantes
329 1341 105 55 de
381 1341 105 55 la
433 1341 209 55 peinture
590 1341 227 55 actuelle,
765 1341 122 55 ces
817 1341 105 55 deux

50 1390 164 50 jeunes
164 1390 164 50 filles
279 1390 180 50 avaient
410 1390 131 50 tout
493 1390 98 50 de
542 1390 148 50 suite
640 1390 164 50 marqué
755 1390 131 50 leur
821 1390 98 50 pro-

51 1414 134 56 fond
135 1414 252 56 attachement
337 1414 168 56 envers
454 1414 101 56 le
504 1414 168 56 milieu
622 1414 134 56 dans
706 1414 168 56 lequel
807 1414 117 56 elles

51 1453 223 57 vivaient,
222 1453 154 57 osant
325 1453 206 57 traduire
480 1453 103 57 un
531 1453 154 57 thème
634 1453 154 57 donné
737 1453 120 57 qui
789 1453 137 57 vivait

54 1494 111 54 non
118 1494 111 54 par
181 1494 285 54 l’illustration
419 1494 222 54 épisodique
593 1494 95 54 de
641 1494 95 54 la
688 1494 143 54 scène
783 1494 79 54 à
799 1494 127 54 repro-

52 1541 171 44 duire,
172 1541 137 44 mais
258 1541 120 44 par
326 1541 103 44 le
378 1541 223 44 sentiment
549 1541 171 44 humain
669 1541 120 44 qui
737 1541 137 44 s’en
806 1541 120 44 déga-

51 1563 184 62 geait.
179 1563 184 62 Ainsi,
308 1563 92 62 «
344 1563 202 62 Figures
491 1563 110 62 et
546 1563 239 62 Fantoches
730 1563 92 62 ,
785 1563 147 62 Mère
859 1563 73 62 et

54 1614 183 45 Enfant
182 1614 110 45 de
237 1614 147 45 Nese
329 1614 165 45 Erdok
439 1614 257 45 traduisent
641 1614 128 45 une
714 1614 202 45 intense
842 1614 92 45 vie

53 1650 236 47 intérieure
239 1650 135 47 dans
323 1650 101 47 un
374 1650 152 47 style
475 1650 236 47 atteignant
661 1650 186 47 parfois
796 1650 101 47 un
830 1650 101 47 bur-

55 1679 163 56 lesque
169 1679 212 56 tragique,
332 1679 130 56 mais
413 1679 261 56 complètement
625 1679 147 56 dénué
707 1679 228 56 d’artifices.

56 1722 102 51 Le
107 1722 170 51 dessin
226 1722 119 51 est
293 1722 254 51 monumental,
497 1722 237 51 dépouillé,
684 1722 102 51 la
734 1722 187 51 couleur
853 1722 85 51 est

55 1752 170 55 sobre,
174 1752 187 55 limitée
310 1752 85 55 à
344 1752 119 55 une
412 1752 153 55 gamme
515 1752 255 55 restreinte.
719 1752 102 55 La
770 1752 170 55 vision
872 1752 68 55 de

55 1796 148 54 Suna
147 1796 222 54 Gôkpinar
313 1796 129 54 est
387 1796 185 54 proche
517 1796 111 54 de
572 1796 166 54 celle
683 1796 111 54 de
739 1796 148 54 Nese
813 1796 129 54 Erdok

55 1827 109 59 au
109 1827 163 59 point
218 1827 127 59 que
290 1827 163 59 l’une
398 1827 181 59 semble
525 1827 235 59 compléter
706 1827 217 59 l’autre.
851 1827 90 59 Ici

56 1863 166 58 aussi
166 1863 166 58 opère
277 1863 111 58 la
333 1863 148 58 même
425 1863 259 58 atmosphère
628 1863 295 58 angoissante,
850 1863 92 58 dé-

54 1903 171 61 crite
168 1903 133 61 par
244 1903 114 61 un
300 1903 190 61 dessin
433 1903 265 61 monumental
642 1903 114 61 et
699 1903 133 61 une
774 1903 171 61 gamme
869 1903 76 61 de

59 1962 196 40 couleurs
206 1962 245 40 extrêmement
385 1962 212 40 restreinte.

90 1996 140 57 Deux
178 1996 228 57 graveurs,
353 1996 193 57 Ozdemir
493 1996 158 57 Altan
599 1996 105 57 et
651 1996 140 57 Utku
739 1996 175 57 Varlik
844 1996 105 57 pré-

59 2026 176 66 sentent
187 2026 112 66 des
251 2026 319 66 caractéristiques
522 2026 144 66 assez
618 2026 208 66 voisines,
777 2026 96 66 en
825 2026 96 66 ce
857 2026 96 66 sens

60 2064 163 56 qu’ils
174 2064 228 56 s’écartent
352 2064 98 56 de
401 2064 98 56 la
450 2064 293 56 non-figuration
694 2064 98 56 et
743 2064 179 56 aiment,
856 2064 98 56 dans

59 2099 299 59 l’agencement
302 2099 112 59 de
358 2099 168 59 leurs
470 2099 318 59 compositions,
732 2099 205 59 traiter
863 2099 93 59 des

59 2136 169 69 thèmes
177 2136 101 69 où
228 2136 135 69 leur
313 2136 254 69 tempérament
516 2136 135 69 peut
600 2136 237 69 s’affirmer
786 2136 135 69 avec
854 2136 101 69 plus

64 2195 87 47 de
92 2195 145 47 netteté.

869 2226 87 52 117
