1086 2373
50 104 173 60 <b>IRAN</b>

208 474 270 63 Commissaire
424 474 216 63 général:
585 474 162 63 Akbar
675 474 180 63 Tadjvidi

214 531 170 48 Directeur
345 531 144 48 adjoint
449 531 65 48 à
475 531 144 48 l’Ecole
580 531 183 48 Supérieure
724 531 91 48 des
776 531 105 48 Arts
828 531 144 48 Décoratis

209 568 92 46 de
239 568 154 46 Téhéran.

156 678 160 52 Depuis
268 678 144 52 notre
364 678 192 52 première
508 678 272 52 participation
731 678 80 52 à
763 678 144 52 cette
843 678 128 52 grande

113 726 286 43 manifestation
349 726 253 43 artistique,
551 726 236 43 différents
736 726 236 43 mouvements
905 726 67 43 se

114 770 122 36 sont
190 770 168 36 révélés
313 770 122 36 chez
389 770 107 36 nos
450 770 153 36 jeunes
558 770 199 36 artistes,
711 770 107 36 les
772 770 107 36 uns
818 770 153 36 laissant

112 801 120 37 des
180 801 172 37 traces
301 801 240 37 profondes,
489 801 120 37 les
558 801 172 37 autres
678 801 206 37 marquant
833 801 120 37 des
884 801 86 37 in-

111 839 215 46 fluences
272 839 107 46 et
326 839 125 46 des
397 839 197 46 sources
541 839 197 46 souvent
684 839 286 46 hétérogènes.
898 839 72 46 En

116 876 240 43 naîtra-t-il,
311 876 90 43 en
356 876 105 43 fin
416 876 90 43 de
461 876 165 43 compte,
581 876 90 43 un
626 876 105 43 art
686 876 120 43 issu
761 876 120 43 d’un
821 876 150 43 héritage

113 914 206 44 culturel
267 914 206 44 national
422 914 103 44 et
474 914 241 44 s’imposant
663 914 155 44 comme
749 914 223 44 antagoniste

115 956 105 42 aux
175 956 151 42 grands
281 956 181 42 courants
416 956 286 42 internationaux,
657 956 90 42 il
702 956 105 42 est
762 956 120 42 trop
838 956 105 42 tôt
883 956 90 42 pour

114 983 101 46 le
165 983 152 46 dire.
266 983 101 46 On
316 983 101 46 ne
367 983 135 46 peut
451 983 236 46 s’empêcher
637 983 135 46 d’en
704 983 152 46 douter!

154 1033 156 47 Nous
251 1033 156 47 nous
348 1033 273 47 contentons
563 1033 292 47 aujourd’hui
797 1033 117 47 de
836 1033 136 47 mette

116 1071 190 48 l’accent
259 1071 111 48 sur
322 1071 111 48 cet
385 1071 127 48 état
464 1071 95 48 de
512 1071 206 48 recherche
670 1071 190 48 féconde,
813 1071 111 48 ces
860 1071 111 48 hési-

113 1118 172 39 tations
238 1118 218 39 apparentes
410 1118 109 39 qui
472 1118 265 39 caractérisent
690 1118 140 39 notre
784 1118 109 39 art
831 1118 140 39 contem-

115 1153 159 44 porain
226 1153 190 44 iranien.
369 1153 111 44 Une
432 1153 175 44 dualité
559 1153 127 44 bien
639 1153 175 44 définie
766 1153 175 44 s’avère
877 1153 95 44 com-

116 1192 99 43 me
165 1192 297 43 prépondérante:
412 1192 148 43 d’une
511 1192 148 43 part,
610 1192 198 43 l’Orient
759 1192 99 43 et
808 1192 99 43 sa
841 1192 132 43 cultue

118 1233 225 40 millénaire,
298 1233 165 40 d’autre
418 1233 135 40 part,
508 1233 210 40 l’Occident
672 1233 90 40 et
717 1233 105 40 ses
762 1233 210 40 innovations.

117 1266 120 40 Nos
185 1266 205 40 artistes
339 1266 222 40 regardent
510 1266 171 40 certes
630 1266 103 40 de
681 1266 103 40 ce
733 1266 154 40 côté,
835 1266 137 40 mais
904 1266 68 40 is

115 1305 252 44 contemplent
317 1305 168 44 aussi,
434 1305 134 44 avec
518 1305 118 44 une
586 1305 202 44 certaine
737 1305 235 44 nostalgie,
905 1305 67 44 un

117 1340 187 39 héritage
257 1340 187 39 culturel
397 1340 171 39 capable
522 1340 156 39 encore
631 1340 218 39 d’enrichir
802 1340 93 39 le
849 1340 124 39 fond
911 1340 62 39 de

118 1379 137 38 leurs
209 1379 229 38 recherches.
392 1379 92 38 Et
438 1379 137 38 c’est
530 1379 198 38 peut-être
682 1379 92 38 de
728 1379 92 38 là
774 1379 107 38 que
819 1379 153 38 provient

116 1416 214 42 l’aspect
277 1416 107 42 un
330 1416 125 42 peu
402 1416 232 42 somptueux
580 1416 107 42 de
634 1416 161 42 leurs
741 1416 196 42 œuvres,
866 1416 107 42 alié

118 1455 177 41 parfois
247 1455 81 41 à
279 1455 97 41 la
328 1455 210 41 recherche
489 1455 129 41 d’un
570 1455 161 41 nouvel
683 1455 161 41 espace
796 1455 113 41 qui
860 1455 113 41 est
908 1455 65 41 le

116 1492 154 41 signe
219 1492 154 41 d’une
322 1492 206 41 profonde
476 1492 223 41 attention
647 1492 86 41 à
682 1492 154 41 notre
784 1492 154 41 monde
870 1492 103 41 con-

118 1530 221 41 temporain.
292 1530 126 41 Dans
371 1530 95 41 la
419 1530 174 41 plupart
545 1530 111 41 des
608 1530 126 41 cas,
687 1530 142 41 c’est
782 1530 95 41 la
814 1530 158 41 transpo-

119 1570 150 42 sition
224 1570 90 42 et
269 1570 90 42 la
314 1570 270 42 revalorisation
539 1570 105 42 des
599 1570 150 42 signes
704 1570 255 42 traditionnels
899 1570 75 42 qui

119 1605 266 46 prédominent
332 1605 142 46 dans
421 1605 195 46 l’œuvre
563 1605 107 46 de
617 1605 107 46 la
670 1605 160 46 jeune
759 1605 213 46 génération

121 1648 213 40 artistique
288 1648 91 40 en
334 1648 137 40 Iran,
425 1648 137 40 ainsi
516 1648 107 40 que
577 1648 107 40 l’a
638 1648 167 40 observé
760 1648 122 40 l’an
821 1648 152 40 derniet,

122 1679 124 42 lors
199 1679 139 42 d’une
292 1679 217 42 exposition
462 1679 217 42 nationale,
632 1679 93 42 un
679 1679 124 42 jury
741 1679 232 42 international

120 1719 109 48 qui
183 1719 78 48 a
214 1719 186 48 consacré
353 1719 93 48 la
400 1719 171 48 plupart
524 1719 109 48 des
586 1719 186 48 artistes
726 1719 124 48 dont
803 1719 109 48 les
850 1719 124 48 œuvres

121 1761 190 50 récentes
263 1761 190 50 figurent
406 1761 79 50 à
437 1761 142 50 cette
516 1761 190 50 sélection.

164 1803 202 44 L’intérêt
320 1803 140 44 porté
414 1803 109 44 ces
476 1803 202 44 dernières
631 1803 156 44 années
740 1803 78 44 à
772 1803 140 44 l’art
849 1803 125 44 drama-

122 1837 140 47 tique
215 1837 93 47 en
261 1837 124 47 Iran
338 1837 124 47 nous
416 1837 78 47 a
447 1837 202 47 encouragé
602 1837 78 47 à
633 1837 217 47 participer
804 1837 140 47 aussi
897 1837 78 47 à
912 1837 62 47 la

120 1883 185 41 section
254 1883 101 41 de
305 1883 235 41 décoration
489 1883 218 41 théâtrale
657 1883 134 41 avec
741 1883 117 41 les
808 1883 168 41 œuvres
909 1883 67 41 de

123 1921 131 39 deux
205 1921 164 39 jeunes
320 1921 197 39 artistes
467 1921 230 39 iraniennes
648 1921 115 39 qui
713 1921 115 39 ont
779 1921 181 39 réalisé
894 1921 82 39 pou

124 1959 156 37 notre
228 1959 191 37 Théâtre
367 1959 209 37 National
523 1959 122 37 des
593 1959 174 37 décors
714 1959 174 37 conçus
836 1959 139 37 pour
906 1959 70 37 un

125 1994 221 55 répertoire
299 1994 284 55 international,
535 1994 126 55 avec
614 1994 110 55 une
677 1994 237 55 imagination
851 1994 126 55 nourie

124 2032 122 39 des
193 2032 209 39 légendes
350 2032 226 39 d’Orient.
523 2032 104 39 Le
575 2032 156 39 thème
680 2032 174 39 choisi
801 2032 174 39 (Noces
906 2032 70 39 de

127 2064 144 58 Sang)
223 2064 96 58 ne
271 2064 112 58 les
335 2064 80 58 a
367 2064 96 58 en
415 2064 128 58 rien
495 2064 176 58 empêché
623 2064 96 58 de
671 2064 160 58 donner
783 2064 144 58 libre
863 2064 112 58 cours

127 2105 82 41 à
159 2105 163 41 toutes
274 2105 163 41 sortes
388 2105 261 41 d’inventions
600 2105 228 41 fabuleuses
763 2105 212 41 caractéris-

126 2141 164 62 tiques
240 2141 98 62 de
289 2141 147 62 l’Art
387 2141 164 62 Persan
502 2141 164 62 depuis
616 2141 114 62 des
682 2141 147 62 temps
763 2141 213 62 immémoriaux

747 2210 138 55 Akbar
823 2210 154 55 Tadjvidi

113 2263 70 52 68
