1061 2276
682 48 303 58 <C>CEVLAN</b>

92 450 287 44 Commissaire
302 450 191 44 général:

97 481 125 56 <b>M.
181 481 139 56 E.L.F.
278 481 84 56 de
320 481 84 56 J.
348 481 237 56 Seneviratne</b>

97 529 152 53 Chargé
203 529 213 53 d’Affaires
371 529 122 53 près
447 529 229 53 l’Ambassade
630 529 91 53 de
676 529 152 53 Ceylan
783 529 76 53 à
798 529 122 53 Paris.

44 665 109 50 Les
107 665 203 50 Cingalais
263 665 109 50 ont
325 665 156 50 hérité
434 665 140 50 d’une
528 665 172 50 vieille
653 665 203 50 tradition
793 665 125 50 artis-

-4 704 170 43 tique
109 704 113 43 et
166 704 132 43 ont
242 704 227 43 toujours
412 704 189 43 montré
544 704 132 43 une
620 704 189 43 grande
733 704 189 43 maîtrise

1 744 150 39 aussi
101 744 133 39 bien
185 744 133 39 dans
268 744 100 39 la
318 744 200 39 peinture
469 744 117 39 que
535 744 133 39 dans
619 744 117 39 les
685 744 133 39 arts
752 744 167 39 annexes.

1 776 106 44 La
54 776 212 44 peinture
214 776 301 44 contemporaine
461 776 141 44 peut
550 776 141 44 être
638 776 195 44 classée
762 776 159 44 d’après

-1 821 153 42 trois
101 821 204 42 courants
255 821 102 42 ou
306 821 187 42 écoles:
442 821 187 42 l’école
578 821 239 42 Orientale,
749 821 170 42 l’Acadé-

1 862 165 37 mique
111 862 110 37 et
166 862 110 37 la
221 862 221 37 Moderne.
387 862 129 37 Les
460 862 221 37 facteurs
626 862 129 37 qui
699 862 129 37 ont
773 862 110 37 le
810 862 110 37 plus

-1 891 240 43 contribué
183 891 111 43 au
238 891 314 43 développement
497 891 111 43 de
552 891 111 43 la
607 891 221 43 peinture
755 891 166 43 moderne

-0 934 92 38 à
36 934 203 38 Ceylan,
184 934 148 38 sont
276 934 277 38 étroitement
498 934 148 38 liés
590 934 129 38 aux
645 934 277 38 circonstances

-0 964 235 47 heureuses
181 964 108 47 de
235 964 126 47 son
307 964 217 47 histoire
470 964 217 47 récente.
632 964 108 47 Le
686 964 217 47 progrès,
831 964 90 47 qui

1 1013 313 35 pacifiquement
259 1013 92 35 a
295 1013 203 35 conduit
443 1013 111 35 le
498 1013 147 35 pays
590 1013 92 35 à
609 1013 313 35 l’indépendance,

3 1040 136 44 loin
88 1040 119 44 des
156 1040 204 44 conflits
309 1040 102 44 et
360 1040 102 44 de
411 1040 238 44 l’amertume
598 1040 119 44 qui
666 1040 119 44 ont
734 1040 187 44 retardé
853 1040 68 44 le

-2 1078 321 44 développement
262 1078 132 44 des
338 1078 151 44 Arts
432 1078 207 44 partout
583 1078 226 44 ailleurs
752 1078 151 44 dans
828 1078 94 44 les

3 1123 129 41 pays
83 1123 97 41 de
132 1123 161 41 l’Est,
245 1123 81 41 a
277 1123 161 41 permis
389 1123 81 41 à
422 1123 209 41 l’artiste
583 1123 97 41 de
631 1123 209 41 continuer
792 1123 81 41 à
808 1123 113 41 assi-

2 1155 159 42 miler
108 1155 124 42 les
179 1155 195 42 aspects
321 1155 124 42 les
391 1155 141 42 plus
480 1155 248 42 importants
674 1155 124 42 des
745 1155 177 42 écoles
851 1155 71 42 de

2 1194 201 37 l’Ouest,
153 1194 134 37 tout
236 1194 100 37 en
287 1194 301 37 s’enrichissant
537 1194 117 37 par
604 1194 100 37 la
654 1194 268 37 redécouverte
855 1194 67 37 de

1 1229 122 41 son
70 1229 208 41 héritage
226 1229 243 41 artistique
417 1229 226 41 national.
591 1229 156 41 Cette
695 1229 156 41 union
782 1229 139 41 essen-

3 1263 156 49 tielle
112 1263 140 49 entre
206 1263 93 49 le
253 1263 140 49 passé
346 1263 93 49 et
393 1263 93 49 le
439 1263 171 49 présent
564 1263 78 49 a
595 1263 187 49 favorisé
735 1263 93 49 la
766 1263 156 49 création

-11 1301 200 48 artistique.

46 1338 105 58 Il
99 1338 158 58 n’est
204 1338 123 58 pas
274 1338 245 58 surprenant
467 1338 105 58 de
519 1338 210 58 trouver,
677 1338 140 58 dans
764 1338 158 58 l’art
852 1338 70 58 de

3 1392 150 40 notre
104 1392 167 40 temps,
220 1392 117 40 les
287 1392 234 40 traditions
471 1392 117 40 qui
538 1392 117 40 ont
605 1392 134 40 déjà
688 1392 117 40 été
738 1392 184 40 observées

3 1429 213 43 ailleurs.
167 1429 82 43 A
200 1429 181 43 Ceylan,
331 1429 99 43 de
380 1429 164 43 fortes
495 1429 230 43 traditions
659 1429 263 43 conservatrices

2 1468 108 37 et
56 1468 271 37 académiques
273 1468 235 37 alternent
453 1468 144 37 avec
544 1468 126 37 les
616 1468 235 37 nouvelles
779 1468 144 37 formes

2 1502 295 46 d’expression:
245 1502 121 46 les
314 1502 139 46 deux
383 1502 226 46 coexistent.

45 1544 117 46 On
104 1544 98 46 a
143 1544 215 46 essayé,
300 1544 156 46 dans
397 1544 117 46 un
456 1544 235 46 ensemble
632 1544 176 46 hélas
730 1544 195 46 beaucoup

-1 1589 151 42 trop
93 1589 188 42 exigu,
225 1589 113 42 de
281 1589 188 42 donner
413 1589 132 42 une
488 1589 151 42 idée
582 1589 113 42 de
639 1589 207 42 l’œuvre
789 1589 113 42 de
827 1589 94 42 nos

3 1621 212 43 artistes
162 1621 124 43 qui
233 1621 124 43 ont
303 1621 141 43 pris
392 1621 106 43 de
445 1621 212 43 nouveaux
603 1621 212 43 chemins,
762 1621 88 43 à
797 1621 106 43 la
833 1621 88 43 re-

3 1661 194 48 cherche
145 1661 159 48 d’une
251 1661 247 48 expression
445 1661 194 48 propre,
586 1661 141 48 plus
675 1661 177 48 ample,
798 1661 124 48 par
851 1661 71 48 de

4 1698 228 46 nouvelles
180 1698 246 46 techniques
374 1698 105 46 et
409 1698 316 46 interprétations.

49 1745 188 42 L’œuvre
186 1745 103 42 de
237 1745 103 42 H.
289 1745 103 42 A.
340 1745 257 42 Karunaratne
545 1745 154 42 subit
648 1745 257 42 l’influence
836 1745 86 42 des

3 1786 177 40 styles
127 1786 106 40 et
180 1786 247 40 techniques
374 1786 265 40 japonaises;
586 1786 141 40 elle
675 1786 124 40 est
728 1786 194 40 également

3 1825 210 39 marquée
156 1825 134 39 par
232 1825 134 39 les
309 1825 287 39 expériences
538 1825 383 39 d’interprétation
844 1825 77 39 de

7 1857 165 44 Ranil
117 1857 312 44 Deraniyagala,
373 1857 202 44 diplômé
520 1857 110 44 de
575 1857 110 44 la
630 1857 165 44 Slede
740 1857 183 44 School
850 1857 73 44 of

1 1894 131 46 Art
76 1894 113 46 de
133 1894 225 46 Londres,
302 1894 169 46 comme
414 1894 113 46 en
471 1894 225 46 témoigne
639 1894 263 46 l’habileté
827 1894 94 46 qui

5 1931 190 47 préside
143 1931 86 47 à
177 1931 294 47 l’intégration
419 1931 104 47 de
471 1931 190 47 l’image
609 1931 138 47 dans
696 1931 121 47 son
747 1931 173 47 arrière-

5 1971 153 47 plan,
107 1971 204 47 problème
260 1971 119 47 qui
328 1971 102 47 se
379 1971 136 47 pose
464 1971 85 47 à
497 1971 136 47 tout
582 1971 187 47 artiste
701 1971 221 47 travaillant

3 2010 119 50 sur
71 2010 102 50 la
122 2010 170 50 figure
225 2010 170 50 humaine.

50 2038 145 63 Parmi
146 2038 113 63 les
211 2038 193 63 artistes
356 2038 97 63 du
404 2038 80 63 ’
436 2038 161 63 Groupe
549 2038 113 63 des
613 2038 161 63 Jeunes
726 2038 193 63 Artistes
855 2038 64 63 :*

4 2098 104 41 de
56 2098 190 41 Ceylan,
194 2098 138 41 deux
280 2098 104 41 se
332 2098 138 41 sont
418 2098 138 41 fait
504 2098 224 41 remarquer
677 2098 138 41 tout
746 2098 173 41 particu-

4 2129 256 41 lièrement:
205 2129 146 41 Miss
296 2129 146 41 lone
388 2129 183 41 Pieris
515 2129 110 41 et
570 2129 183 41 Gemunu
680 2129 201 41 Fernando.

841 2188 74 45 39
