1086 2373
160 370 267 58 Commissaire
374 370 214 58 général:
534 370 143 58 Eric
606 370 143 58 Tjalve

160 434 112 53 Chef
230 434 84 53 de
272 434 140 53 Bureau
370 434 84 53 au
412 434 182 53 Ministère
551 434 98 53 des
607 434 168 53 Affaires
719 434 196 53 Culturelles.

103 511 181 57 Quatre
230 511 199 57 Danois:
374 511 127 57 les
447 511 217 57 peintres
609 511 127 57 Ole
682 511 217 57 Finding,
826 511 109 57 Erik

64 554 165 43 Lagoni
179 554 198 43 Jakobsen
327 554 99 43 et
376 554 165 43 Edvard
492 554 230 43 Matwijkiwy
673 554 99 43 et
722 554 99 43 le
755 554 181 43 sculpteur

61 595 117 48 Ole
128 595 252 48 Christensen
330 595 252 48 participent
531 595 84 48 à
565 595 101 48 la
615 595 201 48 Biennale
766 595 101 48 de
800 595 134 48 Paris.

62 628 146 47 Leurs
159 628 178 47 travaux
288 628 210 47 reflètent
450 628 113 47 des
515 628 210 47 tendances
676 628 113 47 qui
725 628 210 47 préoccupent

58 667 203 53 beaucoup
210 667 101 53 de
261 667 169 53 jeunes
379 667 203 53 artistes
531 667 236 53 européens,
700 667 236 53 interprétées

57 705 156 51 d’une
161 705 156 51 façon
264 705 277 51 indépendante
490 705 104 51 et
524 705 208 51 originale.

102 753 176 47 L’aîné,
230 753 128 47 Erik
310 753 160 47 Lagoni
423 753 192 47 Jakobsen
567 753 112 47 est
631 753 96 47 né
679 753 96 47 en
727 753 144 47 1930.
824 753 96 47 Il
856 753 80 47 est

58 799 144 42 celui
154 799 112 42 qui
218 799 128 42 doit
297 799 96 42 le
345 799 128 42 plus
425 799 80 42 à
457 799 112 42 ses
521 799 271 42 prédécesseurs
744 799 192 42 cubistes
872 799 64 42 et

57 834 227 40 dadaistes,
235 834 179 40 s’étant
365 834 179 40 surtout
495 834 162 40 occupé
609 834 114 40 des
674 834 260 40 possibilités
869 834 65 40 de

56 869 195 45 collage.
202 869 147 45 Elève
300 869 195 45 sensible
447 869 98 45 de
495 869 130 45 Kurt
577 869 228 45 Schwitters
756 869 98 45 il
805 869 81 45 a
837 869 98 45 vu
870 869 65 45 la

56 909 176 41 beauté
179 909 123 41 des
250 909 176 41 choses
373 909 193 41 humbles
513 909 123 41 qui
584 909 105 41 se
636 909 211 41 trouvent
794 909 141 41 dans
865 909 70 41 la

55 947 201 40 ferraille
209 947 93 40 ou
255 947 139 40 parmi
348 947 108 40 les
409 947 154 40 épaves
517 947 185 40 rejetées
656 947 108 40 par
718 947 93 40 la
764 947 123 40 mer.
826 947 108 40 Ayant

55 984 99 43 le
105 984 133 43 sens
188 984 116 43 des
254 984 216 43 richesses
420 984 116 43 des
486 984 216 43 matériaux
652 984 99 43 et
702 984 116 43 des
752 984 182 43 tissages,

54 1021 114 46 des
119 1021 245 46 proportions
315 1021 98 46 et
363 1021 114 46 des
429 1021 245 46 équilibres,
624 1021 98 46 il
673 1021 130 46 créé
755 1021 114 46 des
804 1021 130 46 œuvres

53 1062 119 38 qui
121 1062 237 38 trahissent
307 1062 119 38 une
375 1062 220 38 recherche
544 1062 237 38 esthétique
731 1062 102 38 et
782 1062 102 38 un
815 1062 119 38 espit

52 1093 107 52 de
88 1093 249 52 pondération.

99 1135 102 57 De
150 1135 204 57 nombreux
303 1135 221 57 peintres,
473 1135 102 57 au
525 1135 221 57 Danemark,
695 1135 136 57 dans
780 1135 102 57 la
814 1135 119 57 jeune

55 1186 244 40 génération,
250 1186 179 40 veulent
380 1186 195 40 redonner
526 1186 114 40 une
591 1186 146 40 place
689 1186 114 40 aux
754 1186 163 40 traits
852 1186 81 40 fi-

55 1223 195 44 guratifs
201 1223 97 44 et
250 1223 211 44 réalistes
412 1223 130 44 mais
493 1223 114 44 ils
558 1223 97 44 se
607 1223 179 44 servent
737 1223 146 44 d’une
818 1223 114 44 façon

53 1259 125 40 très
132 1259 141 40 libre
226 1259 94 40 de
273 1259 172 40 l’objet
398 1259 94 40 et
445 1259 188 40 laissent
586 1259 141 40 libre
680 1259 141 40 cours
774 1259 78 40 à
806 1259 94 40 la
837 1259 94 40 fan

40 1294 131 43 taisie.

96 1336 127 51 Ole
169 1336 200 51 Finding
314 1336 109 51 et
369 1336 182 51 Edvard
496 1336 255 51 Matwijkiw,
696 1336 127 51 nés
769 1336 146 51 tous
842 1336 91 51 les

53 1384 147 36 deux
144 1384 110 36 en
199 1384 147 36 1937
291 1384 311 36 appartiennent
547 1384 92 36 à
584 1384 110 36 ce
621 1384 311 36 néo-

57 1421 154 40 nisme
160 1421 120 40 qui
228 1421 137 40 créé
314 1421 120 40 ses
383 1421 189 40 propres
520 1421 206 40 symboles
675 1421 189 40 d’après
812 1421 103 40 ce
846 1421 86 40 que

56 1458 125 37 les
128 1458 179 37 hommes
253 1458 197 37 sentent
396 1458 107 37 et
450 1458 251 37 éprouvent.
647 1458 107 37 Le
700 1458 161 37 monde
790 1458 143 37 pitto-

56 1499 172 35 resque
176 1499 103 35 de
228 1499 189 35 Finding
366 1499 121 35 est
435 1499 224 35 féérique,
607 1499 276 35 fantastique;
813 1499 121 35 peupé

56 1537 175 39 d’êtres
183 1537 207 39 bizarres,
343 1537 96 39 de
391 1537 159 39 signes
502 1537 96 39 de
550 1537 191 39 couleurs
693 1537 223 39 brillantes
852 1537 80 39 qui

56 1576 225 48 répandent
212 1576 242 48 l’optimisme.

99 1621 248 40 Matwiikiw,
294 1621 231 40 d’origine
472 1621 231 40 polonaise
649 1621 106 40 et
702 1621 177 40 russe,
809 1621 124 40 après

55 1660 215 39 quelques
216 1660 233 39 démarches
396 1660 233 39 prudentes
575 1660 90 39 a
611 1660 251 39 rapidement
790 1660 143 39 trouvé

58 1701 123 39 une
129 1701 158 39 façon
234 1701 105 39 de
286 1701 245 39 s’exprimer
479 1701 140 39 avec
566 1701 123 39 une
636 1701 158 39 force
741 1701 193 39 brutale
864 1701 70 39 et

58 1736 154 42 crue.
161 1736 137 42 Dans
247 1736 120 42 ses
315 1736 223 42 peintures
487 1736 257 42 passionnées
693 1736 103 42 et
727 1736 206 42 spontanées

59 1774 211 36 trahissant
225 1774 106 36 une
285 1774 136 36 forte
376 1774 181 36 pression
512 1774 226 36 intérieure,
693 1774 91 36 il
738 1774 181 36 s’appuie
859 1774 75 36 sur

60 1810 111 50 les
124 1810 239 50 impressions
315 1810 95 50 de
362 1810 95 50 la
410 1810 159 50 nature
521 1810 95 50 et
569 1810 111 50 ses
633 1810 191 50 visions,
776 1810 127 50 sans
840 1810 95 50 pour

61 1849 120 36 cela
136 1849 181 36 négliger
272 1849 105 36 les
332 1849 181 36 limites,
467 1849 135 36 entre
558 1849 90 36 la
603 1849 166 36 réalité
723 1849 211 36 extérieure
874 1849 60 36 et

47 1883 194 50 intérieure.

104 1926 102 51 Le
155 1926 220 51 sculpteur
324 1926 119 51 Ole
392 1926 254 51 Christensen
595 1926 85 51 -
629 1926 102 51 né
680 1926 102 51 en
731 1926 152 51 1932-
815 1926 119 51 élève

59 1971 114 49 de
116 1971 266 49 l’Académie
325 1971 190 49 Royale
458 1971 133 49 des
534 1971 266 49 Beaux-Arts
743 1971 114 49 de
781 1971 152 49 Copen-

64 2003 167 44 hague,
181 2003 151 44 après
282 2003 151 44 avoir
382 2003 117 44 été
449 2003 218 44 sculpteur
617 2003 201 44 marbrier
751 2003 184 44 qualifié.

65 2042 145 41 reste
162 2042 258 41 profondément
371 2042 193 41 imprégné
516 2042 113 41 par
581 2042 97 41 la
629 2042 209 41 tradition
790 2042 97 41 de
822 2042 113 41 l’art

65 2086 199 36 artisanal
218 2086 92 36 et
263 2086 92 36 il
309 2086 76 36 a
340 2086 153 36 montré
447 2086 122 36 dans
523 2086 107 36 ses
584 2086 168 36 figures
707 2086 183 36 claires,
829 2086 107 36 pures

64 2120 195 48 souvent
206 2120 195 48 presque
348 2120 266 48 abstraites,
561 2120 124 48 une
632 2120 231 48 sensation
792 2120 142 48 excep-

66 2157 203 49 tionnelle
223 2157 94 49 de
270 2157 94 49 la
317 2157 156 49 beauté
426 2157 94 49 de
473 2157 94 49 la
504 2157 141 49 pierre.

673 2195 154 57 Pierre
765 2195 170 57 Lübecker.

48 2252 76 39 48
