1086 2325
139 161 108 51 La
193 161 306 51 collaboration
445 161 108 51 de
499 161 252 51 l’Institut
698 161 306 51 International
932 161 72 51 du

92 197 201 49 Théâtre
238 197 146 49 nous
329 197 91 49 a
366 197 128 49 été
439 197 366 49 particulièrement
750 197 219 49 efficace
896 197 110 49 pour

93 238 112 44 la
149 238 260 44 propagande
354 238 112 44 et
410 238 335 44 l’organisation
689 238 112 44 de
745 238 112 44 la
800 238 205 44 section
931 238 74 44 de

96 273 253 53 Décoration
276 273 217 53 Théâtrale.

144 320 108 46 Par
205 320 200 46 ailleurs,
359 320 108 46 les
421 320 139 46 films
514 320 108 46 sur
575 320 154 46 l’art,
683 320 108 46 les
745 320 139 46 films
822 320 185 46 expérimen-

94 359 140 49 taux
182 359 105 49 et
235 359 123 49 les
305 359 246 49 spectacles
498 359 123 49 qui
568 359 193 49 avaient
709 359 211 49 commencé
867 359 88 49 à
884 359 123 49 s’in-

95 404 164 43 sérer
204 404 146 43 dans
296 404 128 43 nos
369 404 256 43 programmes
570 404 146 43 lors
661 404 128 43 des
734 404 237 43 Biennales
898 404 110 43 pré-

98 443 215 46 cédentes,
264 443 232 46 s’imposent
446 443 149 46 cette
545 443 182 46 fois-ci
678 443 132 46 avec
761 443 132 46 plus
843 443 99 46 de
877 443 132 46 certi

73 481 136 47 tude.

144 507 166 65 Grâce
254 507 110 65 au
309 507 258 65 calendrier
512 507 276 65 extrêmement
733 507 166 65 varié
843 507 129 65 qui
917 507 92 65 a
935 507 74 65 pu

100 559 124 48 être
177 559 170 48 établi,
301 559 108 48 ces
363 559 232 48 différentes
549 559 232 48 disciplines
734 559 232 48 artistiques
905 559 108 48 n’ont

100 606 135 42 plus
185 606 101 42 du
235 606 135 42 tout
320 606 101 42 un
370 606 220 42 caractère
539 606 253 42 accessoire,
742 606 135 42 mais
809 606 203 42 deviennent

99 632 110 48 au
154 632 237 48 contraire
336 632 110 48 de
391 632 256 48 véritables
592 632 329 48 démonstrations
848 632 164 48 suscep-

97 676 176 46 tibles
221 676 106 46 de
273 676 229 46 permettre
450 676 106 46 la
502 676 141 46 mise
590 676 106 46 en
643 676 176 46 valeur
749 676 264 46 d’expériences

99 719 275 41 originales.
318 719 146 41 Dans
410 719 128 41 ces
483 719 275 41 programmes,
703 719 128 41 une
758 719 256 41 présentation

99 755 112 44 de
155 755 168 44 films
267 755 186 44 conçus
398 755 317 44 exclusivement
659 755 149 44 pour
752 755 112 44 la
789 755 224 44 télévision

101 780 161 55 étend
208 780 178 55 encore
333 780 107 55 le
387 780 161 55 champ
494 780 107 55 de
547 780 125 55 nos
601 780 303 55 investigations.

148 821 117 56 Par
215 821 217 56 ailleurs,
382 821 117 56 les
449 821 217 56 émissions
617 821 217 56 publiques
784 821 217 56 réalisées
934 821 84 56 par

104 870 133 47 l’O.
188 870 100 47 R.
237 870 133 47 T.F.
321 870 100 47 et
370 870 233 47 consacrées
553 870 83 47 à
587 870 100 47 la
637 870 183 47 poésie,
770 870 83 47 à
803 870 100 47 la
836 870 183 47 recherche

109 913 137 46 (son
195 913 103 46 et
246 913 188 46 image),
383 913 120 46 aux
452 913 171 46 jeunes
572 913 240 46 virtuoses,
760 913 120 46 aux
829 913 206 46 lectures
966 913 51 46 à

105 946 116 53 une
172 946 150 53 voix,
272 946 100 53 au
321 946 183 53 cabaret
454 946 233 53 littéraire
637 946 100 53 et
687 946 100 53 au
737 946 150 53 jazz,
820 946 199 53 élargiront

104 989 183 43 encore
232 989 256 43 l’éventail
433 989 110 43 de
488 989 128 43 nos
561 989 348 43 manifestations.
854 989 128 43 Les
909 989 110 43 col-

104 1023 198 47 loques,
248 1023 144 47 pour
338 1023 234 47 compléter
518 1023 108 47 et
572 1023 216 47 discuter
733 1023 126 47 les
787 1023 234 47 différentes

106 1060 216 47 activités
273 1060 100 47 de
323 1060 100 47 la
373 1060 216 47 Biennale,
539 1060 233 47 s’ajoutent
722 1060 83 47 à
756 1060 117 47 cet
822 1060 200 47 ensemble
955 1060 67 47 de

106 1104 311 41 confrontation
362 1104 128 41 par
435 1104 183 41 lequel
563 1104 146 41 nous
654 1104 219 41 espérons
819 1104 201 41 établir
947 1104 73 41 un

107 1139 190 45 contact
245 1139 173 45 direct
366 1139 156 45 entre
470 1139 104 45 le
522 1139 173 45 public
643 1139 156 45 avide
746 1139 104 45 de
798 1139 225 45 connaître
954 1139 69 45 et

108 1182 122 45 les
177 1182 209 45 artistes
334 1182 87 45 à
368 1182 104 45 la
421 1182 226 45 recherche
594 1182 104 45 de
647 1182 209 45 nouveaux
786 1182 191 45 langages.

154 1214 124 59 Nos
225 1214 249 59 intentions
421 1214 195 59 peuvent
563 1214 213 59 paraître
722 1214 142 59 fort
793 1214 231 59 ambitieuses

109 1258 104 47 et
161 1258 104 47 ne
212 1258 138 47 sont
299 1258 259 47 acceptables
506 1258 121 47 que
576 1258 121 47 si,
645 1258 294 47 parallèlement
887 1258 86 47 à
904 1258 121 47 cette

109 1304 225 41 ambition,
281 1304 138 41 nous
368 1304 155 41 avons
471 1304 104 41 la
523 1304 207 41 modestie
679 1304 104 41 de
730 1304 173 41 savoir
851 1304 138 41 que,
920 1304 104 41 dans

111 1343 121 43 les
180 1343 259 43 expériences
387 1343 242 43 proposées,
577 1343 138 43 tout
663 1343 104 43 ne
715 1343 138 43 sera
802 1343 121 43 pas
853 1343 173 43 parfait,

110 1381 176 46 qu’une
234 1381 176 46 grande
357 1381 158 46 marge
463 1381 317 46 d’incertitudes
727 1381 211 46 subsiste
885 1381 106 46 et
920 1381 106 46 que,

108 1411 117 54 en
167 1411 195 54 raison
304 1411 156 54 même
402 1411 117 54 du
460 1411 254 54 caractère
656 1411 313 54 expérimental
910 1411 117 54 de
949 1411 78 54 ce

110 1444 134 56 que
186 1444 153 56 nous
282 1444 287 56 présentons,
512 1444 191 56 toutes
645 1444 134 56 les
722 1444 306 56 propositions
951 1444 77 56 ne

112 1492 167 56 seront
229 1492 117 56 pas
296 1492 83 56 à
312 1492 167 56 retenir.

159 1539 107 47 Le
213 1539 178 47 mérite
337 1539 124 47 est
408 1539 160 47 grand
515 1539 107 47 de
568 1539 142 47 ceux
657 1539 124 47 qui
728 1539 142 47 nous
799 1539 231 47 encouragent

113 1575 110 48 et
168 1575 147 48 nous
259 1575 293 48 soutiennent,
498 1575 110 48 et
553 1575 110 48 de
607 1575 147 48 ceux
699 1575 128 48 qui
772 1575 275 48 participent
974 1575 55 48 à

115 1612 225 55 l’épreuve
288 1612 104 55 en
339 1612 225 55 acceptant
512 1612 156 55 cette
616 1612 156 55 marge
720 1612 311 55 d’incertitudes
962 1612 69 55 et

116 1656 98 48 en
165 1656 212 48 admettant
328 1656 82 48 à
361 1656 163 48 priori
475 1656 114 48 les
541 1656 229 48 critiques,
720 1656 147 48 voire
819 1656 114 48 les
868 1656 163 48 attaques

114 1697 126 42 que
186 1697 270 42 susciteront
402 1697 126 42 nos
456 1697 252 42 expériences.

157 1733 190 58 Telles
290 1733 152 58 sont
385 1733 133 58 nos
462 1733 305 58 perspectives
709 1733 152 58 pour
804 1733 171 58 cette
900 1733 133 58 année

114 1782 176 50 1965.
232 1782 274 50 Cependant,
447 1782 156 50 pour
544 1782 195 50 donner
681 1782 137 50 une
759 1782 156 50 idée
838 1782 195 50 complète

115 1820 110 48 de
170 1820 110 48 ce
225 1820 110 48 qu
280 1820 147 48 'est
372 1820 202 48 devenue
519 1820 110 48 la
574 1820 221 48 Biennale
740 1820 110 48 de
795 1820 165 48 Paris
887 1820 147 48 depuis

118 1851 158 52 1963,
224 1851 106 52 il
277 1851 141 52 faut
365 1851 158 52 aussi
470 1851 211 52 signaler
628 1851 106 52 ce
681 1851 193 52 qu’elle
822 1851 123 52 fut
892 1851 106 52 en
927 1851 106 52 1964

122 1890 158 51 (dite
228 1890 158 51 année
333 1890 193 51 creuse)
473 1890 140 51 hors
561 1890 105 51 de
613 1890 175 51 Paris.
736 1890 105 51 En
789 1890 193 51 partant
929 1890 105 51 de
964 1890 70 51 la

119 1926 162 52 large
227 1926 306 52 compréhension
479 1926 144 52 dont
569 1926 198 52 avaient
712 1926 144 52 fait
802 1926 180 52 preuve
910 1926 126 52 quel-

117 1974 144 44 ques
207 1974 180 44 grands
333 1974 216 44 Casinos,
496 1974 108 44 et
550 1974 144 44 plus
640 1974 289 44 spécialement
875 1974 162 44 celui
965 1974 72 44 de

119 2005 169 49 Nice,
232 2005 150 49 sous
325 2005 112 49 la
381 2005 243 49 direction
569 2005 112 49 de
625 2005 112 49 M.
681 2005 206 49 Maurice
831 2005 206 49 Guérin,
962 2005 75 49 en

119 2044 119 47 vue
187 2044 221 47 d’étendre
357 2044 85 47 à
391 2044 102 47 la
442 2044 204 47 province
595 2044 119 47 les
663 2044 221 47 activités
816 2044 221 47 jusqu’alors

120 2080 229 52 réservées
297 2080 88 52 à
332 2080 176 52 Paris,
456 2080 141 52 nous
544 2080 159 52 avons
650 2080 106 52 pu
703 2080 176 52 mettre
826 2080 106 52 au
879 2080 159 52 point
967 2080 71 52 un

120 2120 239 58 programme
303 2120 221 58 intitulé
487 2120 129 58 Les
561 2120 257 58 Sélections
763 2120 110 58 de
818 2120 110 58 la
855 2120 184 58 Biennale

121 2161 100 53 de
171 2161 150 53 Paris
272 2161 84 53 .
305 2161 100 53 Il
355 2161 234 53 réunissait
539 2161 134 53 sous
622 2161 100 53 ce
673 2161 150 53 titre
773 2161 117 53 les
840 2161 200 53 lauréats
973 2161 67 53 de

102 2232 78 45 12
