1061 2276
753 31 278 68 <b>BRÉSIL</b>

144 443 228 54 Commissaire
326 443 167 54 général
448 443 76 54 :
478 443 228 54 <b>Clarival
661 443 91 54 do
706 443 137 54 Prado
783 443 182 54 Valla

142 494 116 44 <b>dares</b>

147 525 194 50 Professeur
300 525 194 50 d’Histoire
452 525 83 50 de
494 525 125 50 l’Art
577 525 69 50 à
604 525 222 50 l’Université
784 525 83 50 de
812 525 111 50 Bahia.

91 657 144 58 Pour
181 657 162 58 cette
289 657 233 58 Quatrième
468 657 233 58 Biennale,
648 657 108 58 la
684 657 287 58 représentation

47 695 272 62 brésilienne
265 695 91 62 a
301 695 182 62 adopté
428 695 109 62 un
483 695 200 62 critère
628 695 109 62 de
682 695 163 62 choix
791 695 109 62 en
828 695 145 62 accord

49 745 132 44 avec
131 745 115 44 les
197 745 214 44 attributs
362 745 214 44 suivants:
527 745 264 44 originalité,
741 745 181 44 métier,
857 745 115 44 cohé-

48 779 167 49 rence
160 779 278 49 thématique,
382 779 185 49 esprit
511 779 111 49 de
567 779 370 49 contemporanéité.
863 779 111 49 Nous

50 822 261 41 n’entendons
258 822 122 41 pas
328 822 122 41 par
398 822 261 41 originalité
607 822 122 41 une
676 822 244 41 innovation
850 822 122 41 abso-

52 845 127 66 lue.
132 845 95 66 En
179 845 143 66 effet
275 845 127 66 tous
354 845 111 66 les
418 845 207 66 artistes,
577 845 175 66 surtout
704 845 111 66 les
767 845 175 66 jeunes,
879 845 95 66 sont

48 887 193 52 soumis
183 887 96 52 à
221 887 135 52 des
299 887 270 52 influences
511 887 232 52 récentes
685 887 116 52 ou
723 887 251 52 lointaines.

52 926 240 50 Néanmoins
236 926 129 50 ces
310 926 221 50 artistes
476 926 129 50 ont
550 926 111 50 un
605 926 203 50 langage
734 926 240 50 individuel.

51 958 130 54 une
126 958 222 54 attitude
292 958 259 54 esthétique
496 958 204 54 libérée
644 958 111 54 de
699 958 167 54 toute
792 958 185 54 démarche

53 1008 227 46 imitative
227 1008 105 46 et
279 1008 122 46 une
349 1008 192 46 volonté
488 1008 157 46 nette
593 1008 105 46 de
645 1008 192 46 révéler
784 1008 157 46 leurs
871 1008 105 46 ten-

52 1040 203 44 dances.
199 1040 166 44 Quant
310 1040 111 44 au
366 1040 203 44 métier,
514 1040 148 44 nous
606 1040 148 44 nous
699 1040 185 44 sommes
810 1040 166 44 montrés

55 1079 137 53 plus
140 1079 205 53 sévères,
294 1079 188 53 quoique
431 1079 103 53 on
482 1079 103 53 ne
534 1079 171 53 puisse
653 1079 171 53 exiger
773 1079 103 53 la
807 1079 171 53 maîtrise

54 1121 100 46 du
104 1121 150 46 temps
204 1121 133 46 dans
288 1121 100 46 le
338 1121 183 46 travail
471 1121 100 46 du
521 1121 150 46 jeune
604 1121 167 46 artiste.

97 1152 161 58 Nous
197 1152 161 58 nous
298 1152 261 58 bornerons
498 1152 161 58 donc
599 1152 100 58 à
639 1152 221 58 pouvoir
779 1152 201 58 signaler

58 1211 143 44 parmi
153 1211 111 44 les
217 1211 190 44 artistes
359 1211 174 44 choisis
486 1211 95 44 le
534 1211 111 44 bon
597 1211 159 44 niveau
708 1211 95 44 de
756 1211 174 44 qualité
867 1211 111 44 arti-

57 1230 185 57 sanale.
192 1230 151 57 C’est
292 1230 101 57 le
343 1230 202 57 résultat
494 1230 134 57 d’un
578 1230 185 57 travail
712 1230 185 57 intense
847 1230 118 57 qui
897 1230 84 57 est

57 1269 188 52 capable
194 1269 103 52 de
245 1269 188 52 combler
382 1269 240 52 l’exiguité
570 1269 103 52 du
622 1269 171 52 temps,
724 1269 257 52 naturellement

60 1318 204 47 restreint
217 1318 126 47 chez
296 1318 94 47 le
343 1318 141 47 jeune
421 1318 157 47 artiste.

103 1363 105 49 En
156 1363 105 49 ce
209 1363 123 49 qui
279 1363 211 49 concerne
437 1363 105 49 la
490 1363 228 49 cohérence
666 1363 264 49 thématique,
859 1363 123 49 notre

61 1394 193 59 position
206 1394 113 59 est
270 1394 129 59 plus
351 1394 161 59 facile
464 1394 81 59 à
496 1394 209 59 soutenir.
657 1394 129 59 Leur
737 1394 177 59 message
850 1394 129 59 esthé-

60 1440 165 49 tique,
175 1440 148 49 quand
273 1440 99 49 il
323 1440 115 49 est
389 1440 197 49 sincère,
537 1440 115 49 est
603 1440 132 49 plus
685 1440 247 49 authentique
882 1440 99 49 et
915 1440 66 49 se

60 1478 249 44 manifeste
252 1478 115 44 de
309 1478 173 44 façon
424 1478 249 44 cohérente
616 1478 154 44 dans
712 1478 269 44 l’ensemble
904 1478 77 44 de

62 1521 139 53 leur
131 1521 225 53 production.

106 1547 176 63 Enfin,
229 1547 211 63 l’esprit
387 1547 105 63 de
440 1547 351 63 contemporanéité,
738 1547 105 63 en
791 1547 193 63 réalité
914 1547 70 63 le

66 1590 139 65 plus
152 1590 173 65 subtil
274 1590 156 65 parmi
378 1590 121 65 ces
447 1590 243 65 attributs,
638 1590 156 65 devra
742 1590 139 65 être
812 1590 173 65 apprécié

64 1637 151 45 comme
165 1637 100 45 le
215 1637 167 45 reflet
332 1637 100 45 du
382 1637 217 45 sentiment
549 1637 217 45 collectif
716 1637 217 45 régional,
884 1637 84 45 à
900 1637 84 45 une

62 1680 192 43 époque
196 1680 288 43 déterminée,
427 1680 269 43 traduisant
638 1680 134 43 les
715 1680 250 43 épisodes,
888 1680 96 43 les

64 1711 301 49 vicissitudes,
312 1711 124 49 les
383 1711 283 49 aspirations,
613 1711 124 49 les
684 1711 230 49 jugements
861 1711 106 49 de
896 1711 89 49 ces

65 1758 163 49 jeunes
163 1758 179 49 artistes.

111 1791 125 54 Une
182 1791 285 54 appréciation
414 1791 214 54 sommaire
574 1791 125 54 des
646 1791 303 54 représentants
877 1791 107 54 bré-

68 1829 183 58 siliens
202 1829 133 58 nous
285 1829 183 58 montre,
418 1829 100 58 en
468 1829 250 58 définitive,
668 1829 117 58 les
735 1829 217 58 positions
885 1829 100 58 sui-

65 1864 215 54 vantes:
222 1864 156 54 José
320 1864 215 54 Roberto
476 1864 215 54 Aguilar
632 1864 176 54 s’est
749 1864 195 54 révélé
886 1864 98 54 à
906 1864 78 54 la

66 1918 141 40 Vlle
155 1918 212 40 Biennale
314 1918 106 40 de
367 1918 124 40 Sao
437 1918 177 40 Paulo.
561 1918 106 40 Sa
614 1918 212 40 peinture
755 1918 230 40 expression-

74 1938 153 58 niste,
181 1938 229 58 figurative,
364 1938 76 58 a
394 1938 168 58 éveillé
516 1938 198 58 l’intérêt
669 1938 92 58 de
714 1938 107 58 par
775 1938 107 58 son
821 1938 168 58 intensité

69 1977 242 56 dramatique
259 1977 138 56 sous
346 1977 260 56 l’apparence
553 1977 156 56 d’une
657 1977 208 56 peinture
796 1977 190 56 d’enfant.

72 2017 207 58 utilisée
227 2017 138 58 pour
314 2017 207 58 exprimer
469 2017 104 58 un
521 2017 190 58 message
660 2017 259 58 existentiel
867 2017 104 58 et
902 2017 86 58 une

73 2049 161 62 prise
181 2049 108 62 de
234 2049 269 62 conscience.
449 2049 143 62 Dans
539 2049 108 62 sa
593 2049 161 62 phase
700 2049 143 62 plus
790 2049 197 62 récente
915 2049 72 62 il

72 2089 217 52 travaille
239 2089 83 52 à
272 2089 100 52 la
322 2089 183 52 manière
456 2089 100 52 de
522 2089 200 52 l’action
672 2089 217 52 painting,
822 2089 167 52 laissant

75 2127 159 59 couler
187 2127 96 59 la
234 2127 175 59 couleur
362 2127 111 59 sur
425 2127 96 59 la
473 2127 143 59 toile
569 2127 96 59 en
617 2127 191 59 position
744 2127 223 59 horizontale.
