1086 2373
26 64 398 67 <b>ROUMANIE</b>

214 448 268 63 Commissaire
428 448 214 63 général:
589 448 161 63 Spiru
678 448 179 63 Chintila

216 503 183 57 Secrétaire
360 503 79 57 de
399 503 144 57 l’Union
504 503 92 57 des
557 503 157 57 Artistes
675 503 183 57 Plastiques
819 503 79 57 de
858 503 79 57 la
884 503 92 57 Répu-

214 540 157 42 blique
324 540 204 42 Populaire
482 540 94 42 de
513 540 173 42 Roumanie.

156 671 99 66 La
205 671 214 66 quatrième
369 671 279 66 participation
599 671 197 66 roumaine
747 671 82 66 à
780 671 99 66 la
813 671 164 66 Biennale

109 705 112 63 des
173 705 160 63 jeunes
285 705 192 63 artistes
430 705 96 63 de
478 705 160 63 Paris,
590 705 225 63 accueillie
767 705 128 63 avec
831 705 144 63 enthou-

107 747 153 64 siasme
214 747 92 64 et
260 747 168 64 intérêt
382 747 107 64 par
443 747 107 64 les
504 747 153 64 jeunes
611 747 199 64 artistes,
764 747 183 64 souligne
886 747 92 64 leur

107 788 145 62 désir
204 788 161 62 d’être
316 788 193 62 présents
461 788 113 62 sur
526 788 129 62 tous
606 788 113 62 les
671 788 209 62 méridiens
832 788 129 62 avec
896 788 81 62 des

106 833 171 55 valeurs
231 833 295 55 représentatives
480 833 109 55 des
542 833 202 55 capacités
697 833 249 55 spirituelles
884 833 93 55 d’un

107 868 164 48 peuple
221 868 147 48 riche
320 868 98 48 en
369 868 229 48 traditions
533 868 229 48 artistiques.

152 910 154 57 L’art
255 910 223 57 plastique
426 910 188 57 roumain
563 910 274 57 contemporain
786 910 120 57 est
837 910 137 57 carac-

105 956 155 50 térisé
214 956 109 50 par
276 956 109 50 une
339 956 171 50 variété
463 956 93 50 de
510 956 155 50 styles
618 956 218 50 traduisant
789 956 93 50 la
821 956 155 50 richesse

106 993 98 49 et
155 993 311 49 l’effervescence
417 993 98 49 de
466 993 98 49 la
515 993 115 49 vie
564 993 197 49 nationale.

147 1035 203 60 Vladimir
299 1035 169 60 Setran
418 1035 85 60 a
452 1035 169 60 achevé
570 1035 118 60 ses
638 1035 169 60 études
756 1035 85 60 à
773 1035 203 60 l’Institut

102 1084 160 47 d’Art
209 1084 249 47 Plastiques
405 1084 89 47 *
440 1084 107 47 N.
494 1084 267 47 Grigoresco:
707 1084 89 47 à
743 1084 231 47 Bucarest.
903 1084 71 47 Il

106 1123 186 51 pratique
246 1123 93 51 la
293 1123 202 51 peinture,
448 1123 93 51 la
494 1123 248 51 scénographie
696 1123 93 51 et
742 1123 202 51 l’affiche
882 1123 93 51 avec

104 1162 107 44 un
158 1162 267 44 tempérament
371 1162 249 44 vigoureux.
566 1162 107 44 Sa
620 1162 178 44 vision
744 1162 107 44 se
797 1162 178 44 nourit
904 1162 71 44 de

104 1199 242 50 suggestions
297 1199 290 50 philosophiques
539 1199 97 50 et
588 1199 210 50 poétiques
749 1199 97 50 et
798 1199 97 50 il
830 1199 145 50 emploie

103 1232 124 42 une
174 1232 195 42 matière
316 1232 159 42 dense
422 1232 106 42 et
457 1232 230 42 expressive.

146 1274 166 62 Victor
262 1274 166 62 Cupsa,
378 1274 166 62 attiré
494 1274 116 62 par
560 1274 149 62 l’art
660 1274 116 62 dès
726 1274 116 62 son
792 1274 199 62 enfance,
924 1274 50 62 à

105 1328 151 42 peint
206 1328 100 42 en
256 1328 251 42 autodidacte
457 1328 134 42 tout
540 1328 100 42 en
590 1328 251 42 poursuivant
791 1328 117 42 ses
841 1328 134 42 études

102 1363 107 38 de
156 1363 231 38 médecine.
333 1363 107 38 Sa
387 1363 213 38 peinture
547 1363 231 38 s’exprime
724 1363 124 38 par
795 1363 124 38 des
849 1363 124 38 méta-

104 1393 155 45 phores
213 1393 93 45 et
260 1393 109 45 des
322 1393 279 45 transpositions
555 1393 109 45 qui
617 1393 124 45 vont
695 1393 171 45 jusqu’à
819 1393 93 45 la
850 1393 124 45 trans-

101 1435 230 44 figuration
282 1435 99 44 de
331 1435 198 44 certains
479 1435 181 44 moments
611 1435 99 44 de
660 1435 99 44 la
710 1435 165 44 nature
825 1435 99 44 et
874 1435 99 44 de
907 1435 66 44 la

102 1479 124 46 vie.
180 1479 93 46 Il
227 1479 124 46 crée
305 1479 93 46 de
351 1479 202 46 nouvelles
507 1479 187 46 réalités
647 1479 218 46 plastiques
802 1479 171 46 soutenues

101 1509 129 51 par
174 1509 111 51 un
230 1509 277 51 chromatisme
433 1509 222 51 valeureux.

146 1557 104 49 La
198 1557 173 49 vision
318 1557 104 49 du
370 1557 225 49 sculpteur
543 1557 173 49 George
664 1557 173 49 Apostu
785 1557 121 49 qui
854 1557 86 49 a
871 1557 104 49 fait

102 1600 113 36 ses
166 1600 161 36 études
279 1600 81 36 à
311 1600 226 36 l’Institut
489 1600 161 36 d’Arts
601 1600 226 36 plastiques
779 1600 81 36 *
811 1600 97 36 N.
843 1600 129 36 Grigo-

104 1638 142 50 resco
199 1638 95 50 de
246 1638 190 50 Bucarest
389 1638 126 50 tite
468 1638 95 50 sa
515 1638 126 50 sève
594 1638 95 50 de
641 1638 142 50 l’art
736 1638 190 50 primitif
862 1638 111 50 popu-

104 1669 139 41 laire
196 1669 217 41 sauvegardé
367 1669 77 41 à
398 1669 170 41 travers
522 1669 108 41 les
584 1669 186 41 siècles.
723 1669 93 41 Il
770 1669 170 41 excelle
878 1669 93 41 par-

101 1710 263 44 ticulièrement
317 1710 124 44 dans
395 1710 93 44 la
441 1710 155 44 taille
550 1710 93 44 du
596 1710 124 44 bois
674 1710 93 44 et
720 1710 93 44 de
767 1710 93 44 la
798 1710 139 44 pierre.

146 1759 140 53 Octav
240 1759 233 53 Grigoresco,
426 1759 202 53 assistant
582 1759 78 53 à
613 1759 93 53 la
660 1759 156 53 chaire
769 1759 156 53 d’arts
862 1759 109 53 plas-

102 1793 164 46 tiques
216 1793 98 46 au
266 1793 131 46 même
348 1793 213 46 Institut,
512 1793 180 46 dessine
643 1793 82 46 à
676 1793 98 46 la
725 1793 148 46 plume
823 1793 115 46 des
873 1793 98 46 ima-

101 1838 115 39 ges
166 1838 148 39 d’une
265 1838 230 39 conception
446 1838 296 39 simultanéiste,
692 1838 99 39 où
742 1838 99 39 la
791 1838 181 39 surface
906 1838 66 39 du

100 1877 178 39 papier
225 1877 178 39 s’orne
350 1877 161 39 d’une
457 1877 232 39 arabesque
635 1877 143 39 fine
724 1877 107 39 et
760 1877 214 39 compliquée

99 1921 157 49 d’une
203 1921 313 49 exceptionnelle
464 1921 192 49 qualité
586 1921 209 49 graphique.

146 1957 116 44 Les
213 1957 165 44 œuvres
328 1957 99 44 de
378 1957 116 44 ces
444 1957 165 44 quatre
560 1957 165 44 jeunes
675 1957 198 44 artistes
824 1957 116 44 ont
874 1957 99 44 pour

103 1996 111 52 but
166 1996 95 52 de
214 1996 142 52 faire
309 1996 158 52 valoir
419 1996 111 52 les
483 1996 285 52 préoccupations
720 1996 95 52 et
767 1996 111 52 les
815 1996 158 52 réalités

99 2041 338 54 contemporaines
381 2041 113 54 du
437 2041 188 54 peuple
550 2041 188 54 roumain.

95 2243 77 41 106

751 2183 124 58 Spiru
820 2183 152 58 Chintila.
