1086 2331
136 30 599 83 <b>MANIFESTATIONS
621 30 371 83 ANNEXES</b>

488 200 211 71 <b>GALERIE
653 200 90 71 DE
684 200 181 71 FRANCE</b>

312 243 90 70 3.
357 243 181 70 faubourg
493 243 211 70 St-Honoré,
658 243 136 70 Paris
749 243 136 70 (8e)-
839 243 121 70 ANJ.
900 243 105 70 69

305 286 209 69 Exposition
469 286 90 69 du
514 286 105 69 1er
574 286 164 69 octobre
693 286 90 69 au
738 286 90 69 13
783 286 179 69 novembre
902 286 105 69 1965.

307 330 199 68 Vernissage
463 330 85 68 le
506 330 171 68 vendredi
634 330 99 68 1er
690 330 156 68 octobre
804 330 85 68 de
847 330 85 68 17
889 330 71 68 à
918 330 85 68 20
946 330 57 68 h.

430 374 119 55 Tous
504 374 104 55 les
564 374 134 55 jours
653 374 119 55 sauf
728 374 89 55 le
757 374 149 55 dimanche

414 409 88 59 de
458 409 88 59 10
503 409 74 59 h
532 409 74 59 à
562 409 88 59 13
606 409 74 59 h
635 409 88 59 et
679 409 88 59 de
724 409 88 59 14
768 409 74 59 h
797 409 74 59 à
827 409 88 59 19
856 409 59 59 h.

570 475 190 49 <b>MARYAN</b>

531 508 177 64 Oeuvres
643 508 161 64 récentes

207 560 82 74 Il
248 560 109 74 nous
316 560 68 74 a
344 560 109 74 paru
412 560 204 74 intéressant
575 560 82 74 de
616 560 191 74 présenter,
766 560 82 74 au
807 560 136 74 moment
902 560 82 74 de
943 560 82 74 la
971 560 95 74 Bien-

204 603 113 61 nale
275 603 85 61 de
317 603 142 61 Paris,
416 603 99 61 les
473 603 142 61 œuvres
572 603 184 61 récentes,
713 603 184 61 peintures
855 603 85 61 et
897 603 170 61 dessins,
1010 603 57 61 de

203 630 147 63 Maryan
306 630 103 63 qui
365 630 103 63 fut
423 630 161 63 lauréat
541 630 88 63 de
585 630 132 63 cette
673 630 176 63 Biennale
805 630 88 63 en
834 630 103 63 1959.

202 663 85 71 Ce
244 663 155 71 peintre
357 663 99 71 âgé
414 663 85 71 de
456 663 85 71 38
499 663 99 71 ans
555 663 85 71 et
598 663 99 71 qui
654 663 141 71 habite
753 663 226 71 actuellement
937 663 99 71 New
979 663 85 71 Voik

201 704 158 60 occupe,
316 704 130 60 parmi
402 704 101 60 les
460 704 173 60 artistes
590 704 86 60 de
633 704 86 60 sa
676 704 216 60 génération,
849 704 101 60 une
907 704 130 60 place
979 704 86 60 très

199 730 217 67 importante.
372 730 130 67 Notre
459 730 159 67 galerie
575 730 174 67 présente
705 730 101 67 ses
763 730 145 67 œuvres
850 730 217 67 régulièrement

199 765 152 45 depuis
305 765 106 45 dix
351 765 91 45 ans.

198 801 71 65 «
226 801 242 65 L’inspiration
425 801 85 65 de
468 801 142 65 Maryan
567 801 71 65 a
596 801 114 65 deux
667 801 171 65 sources:
795 801 85 65 le
838 801 128 65 monde
909 801 156 65 contempo-

197 836 110 64 rain
266 836 83 64 et
308 836 83 64 la
349 836 138 64 Bible.
445 836 83 64 Le
487 836 124 64 monde
570 836 221 64 contemporain
749 836 124 64 offre
832 836 83 64 un
873 836 179 64 spectacle
997 836 69 64 qui

195 868 195 67 ressemble
345 868 105 67 aux
405 868 120 67 Jeux
480 868 90 67 du
525 868 150 67 Juste,
630 868 75 67 à
660 868 135 67 celui
750 868 105 67 que
810 868 240 67 présentaient
990 868 75 67 les

194 908 161 58 ennemis
311 908 88 58 de
355 908 146 58 David.
458 908 88 58 Le
501 908 132 58 Juste
589 908 117 58 peut
662 908 117 58 dire
735 908 117 58 avec
808 908 88 58 le
838 908 175 58 Psalmiste:

250 935 109 57 Mon
313 935 109 57 âme
375 935 109 57 est
437 935 93 57 au
483 935 155 57 milieu
592 935 109 57 des
639 935 124 57 lions;

248 977 181 65 J’habite
383 977 120 65 avec
459 977 105 65 des
519 977 151 65 hommes
624 977 105 65 qui
685 977 196 65 vomissent
835 977 105 65 des
880 977 151 65 flammes,

252 1005 115 57 Dont
323 1005 101 57 les
381 1005 129 57 dents
467 1005 115 57 sont
539 1005 101 57 des
597 1005 144 57 lances
697 1005 86 57 et
740 1005 101 57 des
783 1005 144 57 flèches,

249 1039 97 63 Et
297 1039 129 63 dont
378 1039 97 63 la
427 1039 162 63 langue
540 1039 113 63 est
605 1039 97 63 un
653 1039 162 63 glaive
766 1039 162 63 acéré.
863 1039 162 63 (LVIl,5)

193 1073 84 72 Ne
235 1073 225 72 reconnaît-on
418 1073 98 72 pas
474 1073 112 72 dans
544 1073 84 72 ce
586 1073 140 72 verset
685 1073 98 72 les
741 1073 155 72 masques
853 1073 98 72 des
895 1073 169 72 Chevaliers

189 1122 139 56 sortis
286 1122 83 56 du
328 1122 111 56 fond
397 1122 97 56 des
452 1122 125 56 âges,
536 1122 83 56 et
577 1122 97 56 qui
633 1122 180 56 assiègent
771 1122 83 56 le
813 1122 139 56 Temple
896 1122 166 56 intérieur)

190 1153 118 62 Nous
264 1153 133 62 avons
353 1153 118 62 dans
426 1153 162 62 l’œuvre
544 1153 118 62 déjà
618 1153 192 62 accomplie
766 1153 89 62 de
810 1153 162 62 Maryan,
928 1153 103 62 les
972 1153 89 62 élé-

186 1190 150 50 ments
286 1190 133 50 d’un
369 1190 183 50 nouveau
486 1190 166 50 Guernica

855 1232 105 51 Jean
907 1232 132 51 Grenier.

292 1367 255 55 <b>GALERIE
492 1367 219 55 FLORENCE
638 1367 346 55 HOUSTON

286 1413 88 45 4,
330 1413 103 45 rue
389 1413 88 45 du
433 1413 264 45 Pré-aux-Clers,
653 1413 132 45 Paris
741 1413 132 45 (7e)-
829 1413 117 45 LIT.
887 1413 103 45 36

282 1448 216 61 Exposition
451 1448 93 61 du
497 1448 93 61 21
544 1448 170 61 octobre
667 1448 93 61 au
713 1448 93 61 21
760 1448 185 61 novembre
883 1448 108 61 1965.

309 1499 204 60 Vernissage
469 1499 87 60 le
513 1499 131 60 jeudi
600 1499 87 60 21
644 1499 160 60 octobre
760 1499 87 60 de
804 1499 87 60 18
848 1499 73 60 à
877 1499 87 60 22
906 1499 58 60 h.

403 1541 120 60 Tous
478 1541 105 60 les
538 1541 135 60 jours
628 1541 120 60 sauf
703 1541 90 60 le
733 1541 150 60 dimanche

495 1587 93 51 de
542 1587 93 51 14
589 1587 78 51 h
620 1587 78 51 à
651 1587 93 51 19
698 1587 78 51 h
713 1587 78 51 30.

482 1649 308 57 <b>KRASNO

527 1698 209 49 1960

180 1760 243 56 L’exposition
377 1760 106 56 des
438 1760 152 56 œuvres
544 1760 91 56 de
590 1760 167 56 Krasno,
711 1760 197 56 présentée
863 1760 106 56 par
908 1760 152 56 Florence

178 1793 272 56 Houston-Brown
402 1793 80 56 à
434 1793 224 56 l’occasion
610 1793 96 56 de
659 1793 96 56 la
707 1793 208 56 Quatrième
867 1793 192 56 Biennale
995 1793 64 56 de

182 1827 131 60 Paris,
274 1827 131 60 montre
365 1827 157 60 l’esprit
483 1827 79 60 et
523 1827 79 60 le
562 1827 157 60 résultat
680 1827 92 60 des
732 1827 183 60 recherches
877 1827 92 60 que
916 1827 144 60 l’artiste

178 1865 69 54 a
206 1865 206 54 entreprises
371 1865 69 54 à
398 1865 124 54 Paris
481 1865 137 54 depuis
577 1865 124 54 1960,
659 1865 137 54 époque
756 1865 82 54 où
797 1865 82 54 il
838 1865 96 54 s’y
893 1865 96 54 est
948 1865 110 54 fixé
1003 1865 55 54 en

177 1899 173 45 arrivant
292 1899 201 45 d’Argentine.

177 1942 104 51 Ces
237 1942 209 51 recherches
401 1942 164 51 partent
520 1942 89 51 de
565 1942 89 51 la
610 1942 179 51 peinture
744 1942 89 51 et
789 1942 89 51 de
833 1942 89 51 la
863 1942 194 51 néo

181 1983 172 53 (procédé
310 1983 86 53 de
353 1983 158 53 gravure
468 1983 144 53 propre
569 1983 72 53 à
597 1983 201 53 l’artiste)
755 1983 115 53 pour
827 1983 172 53 parvenir
956 1983 86 53 au
985 1983 72 53 li-

174 2015 168 53 vrobjet
296 2015 91 53 et
341 2015 107 53 aux
402 2015 350 53 objets-personnages,
707 2015 168 53 ceux-ci
829 2015 137 53 créés
920 2015 91 53 en
950 2015 107 53 1965.

177 2041 103 56 Ils
236 2041 103 56 ont
295 2041 103 56 été
353 2041 234 56 spécialement
543 2041 146 56 conçus
646 2041 117 56 pour
719 2041 88 56 le
763 2041 190 56 spectacle
910 2041 146 56 Exercice

173 2081 112 51 des
237 2081 161 51 Choses
366 2081 96 51 de
414 2081 273 51 Jean-Clarence
639 2081 193 51 Lambert,
783 2081 128 51 mise
863 2081 96 51 en
912 2081 145 51 scène
992 2081 64 51 de

174 2111 176 53 Jean-Lou
306 2111 191 53 Philippe,
453 2111 191 53 spectacle
600 2111 176 53 présenté
732 2111 117 53 dans
805 2111 88 53 le
850 2111 132 53 cadre
938 2111 103 53 des
982 2111 73 53 ma-

177 2149 225 54 nifestations
360 2149 84 54 de
402 2149 84 54 la
430 2149 155 54 Biennale.

160 2197 83 44 194
