1013 2373
435 34 285 81 <b>CORÉE
649 34 142 81 DU
696 34 214 81 SUD</b>

104 354 226 82 Commissaire
285 354 181 82 général:
421 354 196 82 <b>Seo-Bo
556 354 151 82 Park</b>

106 405 192 76 Professeur
257 405 69 76 à
285 405 219 76 l’Université
463 405 110 76 Hong
531 405 82 76 lk
573 405 69 76 -
586 405 110 76 Séoul.

62 543 103 79 En
113 543 138 79 face
200 543 121 79 des
269 543 224 79 peintures
441 543 103 79 et
492 543 121 79 des
561 543 241 79 sculptures
751 543 103 79 de
785 543 121 79 notre

30 576 216 83 continent,
199 576 93 83 il
246 576 108 83 est
308 576 93 83 de
354 576 108 83 bon
416 576 124 83 ton,
493 576 139 83 parmi
586 576 108 83 les
647 576 201 83 critiques
802 576 93 83 et
833 576 77 83 les

30 612 220 83 amateurs
195 612 275 83 occidentaux
415 612 129 83 d’y
489 612 220 83 déceler,
654 612 165 83 avant
764 612 147 83 même
838 612 73 83 de

32 649 110 81 les
95 649 204 81 apprécier
252 649 94 81 en
299 649 126 81 tant
378 649 110 81 que
440 649 173 81 telles,
566 649 110 81 des
629 649 220 81 caractères
785 649 126 81 spéci-

29 689 221 81 fiquement
199 689 221 81 orientaux
369 689 102 81 et
420 689 102 81 de
471 689 221 81 regretter
640 689 153 81 notre
725 689 187 81 tradition

29 728 142 78 que,
118 728 195 78 d’après
260 728 142 78 eux,
349 728 142 78 nous
438 728 266 78 négligeons.
651 728 160 78 C’est
757 728 107 78 au
793 728 124 78 point

33 774 121 76 que
102 774 173 76 toutes
223 774 121 76 nos
293 774 173 76 œuvres
414 774 104 76 se
466 774 260 76 rapprochant
674 774 121 76 des
726 774 191 76 tendances

32 807 265 81 européennes
245 807 230 81 actuelles
422 807 106 81 se
475 807 177 81 voient
599 807 177 81 jugées
722 807 88 81 7
740 807 177 81 occiden-

34 846 197 74 talisées
198 846 148 74 voire
296 846 246 74 condamnées.
493 846 115 74 Que
558 846 131 74 tels
640 846 98 74 ou
689 846 131 74 tels
755 846 164 74 peintres

34 880 193 75 français
179 880 97 75 ou
227 880 226 75 américains
404 880 161 75 soient
517 880 226 75 influencés
694 880 113 75 par
759 880 97 75 la
791 880 129 75 calli-

36 921 185 80 graphie
171 921 218 80 orientale
338 921 151 80 n’est
439 921 201 80 pourtant
590 921 118 80 pas
657 921 218 80 considéré
808 921 118 80 comme

37 957 116 74 un
95 957 213 74 défaut;
250 957 116 74 si
308 957 155 74 nous
405 957 155 74 nous
502 957 271 74 aventurons
715 957 97 74 à
734 957 194 74 employer

36 996 125 73 des
107 996 214 73 matières
268 996 232 73 épaisses,
446 996 125 73 par
517 996 214 73 exemple,
678 996 214 73 pourquoi
820 996 107 73 nous

39 1032 207 75 étiqueter
198 1032 95 75 de
246 1032 95 75 je
294 1032 95 75 ne
341 1032 127 75 sais
421 1032 127 75 quel
500 1032 127 75 nom,
580 1032 239 75 aujourd’hui
755 1032 175 75 illustre?

75 1085 148 68 D’où
168 1085 223 68 viennent
335 1085 130 68 ces
409 1085 241 68 préjugés?
595 1085 241 68 Assimiler
781 1085 111 68 de
818 1085 111 68 nou-

40 1123 165 72 velles
156 1123 215 72 tendances
321 1123 99 72 de
371 1123 132 72 tout
454 1123 198 72 horizon,
602 1123 99 72 ce
652 1123 149 72 n'est
751 1123 116 72 pas
801 1123 132 72 forcé-

42 1167 140 66 ment
129 1167 192 66 refuser
269 1167 105 66 ou
321 1167 245 66 abandonner
513 1167 157 66 notre
618 1167 227 66 tradition
776 1167 157 66 propre.

45 1203 138 66 Bien
131 1203 103 66 au
183 1203 241 66 contraire,
372 1203 121 66 car
441 1203 207 66 celle-ci
596 1203 103 66 ne
647 1203 189 66 prévaut
768 1203 172 66 vraiment

42 1243 123 66 que
113 1243 123 66 par
183 1243 123 66 des
254 1243 194 66 remises
394 1243 106 66 en
447 1243 158 66 cause
553 1243 282 66 successives;
782 1243 141 66 elle
852 1243 88 66 est

41 1276 212 74 toujours
200 1276 88 74 à
236 1276 230 74 renaître,
413 1276 265 74 transformée
625 1276 124 74 par
695 1276 106 74 la
749 1276 194 74 lumière
872 1276 71 74 de

46 1319 172 60 chaque
166 1319 189 60 époque.
304 1319 293 60 N’existe-t-il
545 1319 121 60 pas
614 1319 103 60 en
666 1319 172 60 vérité
786 1319 103 60 en
820 1319 121 60 Occi-

45 1351 133 67 dent
129 1351 100 67 un
178 1351 183 67 certain
312 1351 166 67 esprit
428 1351 100 67 de
478 1351 266 67 colonialisme
694 1351 233 67 artistique
861 1351 83 67 qui

48 1392 147 68 rêve
139 1392 183 68 encore
268 1392 110 68 de
323 1392 220 68 dominer?
488 1392 110 68 Et
543 1392 110 68 ne
598 1392 202 68 voit-on
744 1392 128 68 pas
818 1392 110 68 là
854 1392 92 68 des

48 1428 170 69 signes
167 1428 102 69 de
218 1428 272 69 défaillance,
439 1428 102 69 ou
490 1428 170 69 mieux,
609 1428 102 69 de
660 1428 153 69 crise
762 1428 136 69 dans
830 1428 119 69 l’art

49 1468 253 65 occidental
248 1468 325 65 d’aujourd’hui?
519 1468 108 65 Il
573 1468 108 65 en
627 1468 199 65 résulte
771 1468 126 65 que
826 1468 126 65 notre

48 1510 195 61 époque,
190 1510 159 61 faute
296 1510 106 61 de
350 1510 159 61 mieux
456 1510 106 61 se
509 1510 159 61 lance
615 1510 142 61 dans
704 1510 124 61 des
757 1510 195 61 aventures

52 1553 129 59 sans
132 1553 225 59 lendemain,
309 1553 80 59 à
342 1553 97 59 la
390 1553 209 59 recherche
551 1553 97 59 de
583 1553 161 59 l’inouï.

88 1593 127 63 Nos
160 1593 181 63 jeunes
287 1593 217 63 artistes
450 1593 90 63 y
486 1593 326 63 échappent-ils?
757 1593 109 63 Je
811 1593 109 63 ne
847 1593 109 63 sais

53 1632 143 64 trop.
148 1632 191 64 Toujours
291 1632 159 64 est-il
402 1632 111 64 que
466 1632 95 64 la
514 1632 206 64 situation
672 1632 191 64 actuelle
815 1632 95 64 de
847 1632 111 64 notre

54 1663 109 73 art
117 1663 156 73 vivant
226 1663 140 73 reste
320 1663 140 73 assez
413 1663 187 73 ambiguë.
553 1663 94 73 Il
600 1663 78 73 y
631 1663 94 73 a,
678 1663 94 73 je
725 1663 156 73 crois,
834 1663 125 73 chez
897 1663 62 73 la

55 1705 188 69 plupart
192 1705 120 69 des
260 1705 188 69 jeunes,
398 1705 120 69 une
466 1705 154 69 sorte
569 1705 103 69 de
620 1705 206 69 décalage
775 1705 154 69 entre
860 1705 103 69 leur

52 1745 286 64 tempérament,
284 1745 161 64 voire
391 1745 143 64 leur
481 1745 286 64 sensibilité,
713 1745 107 64 et
767 1745 125 64 les
820 1745 143 64 moyens

56 1785 269 59 d’expression
275 1785 168 59 qu’ils
392 1785 101 59 se
443 1785 235 59 proposent.
628 1785 151 59 Voilà
729 1785 134 59 tout
813 1785 101 59 le
846 1785 118 59 drame

55 1829 185 53 qu’ils
185 1829 204 53 doivent
334 1829 241 53 surmonter
519 1829 167 53 coûte
630 1829 130 53 que
704 1829 185 53 coûte.
834 1829 111 53 La
871 1829 93 53 re-

57 1861 197 79 cherche
200 1861 161 79 d’une
308 1861 215 79 nouvelle
469 1861 233 79 synthèse,
648 1861 251 79 dirait-on.
827 1861 143 79 Soyons

41 1914 202 51 modestes!

95 1948 219 61 Modestes
259 1948 146 61 sont
351 1948 110 61 en
405 1948 164 61 effet
515 1948 128 61 nos
588 1948 183 61 œuvres
716 1948 219 61 choisies
862 1948 110 61 pour

58 1984 106 65 la
111 1984 229 65 Quatrième
287 1984 211 65 Biennale
446 1984 106 65 de
499 1984 176 65 Paris,
622 1984 141 65 elle
710 1984 106 65 le
763 1984 158 65 sont,
868 1984 106 65 en
904 1984 70 65 ce

60 2016 200 72 qu’elles
210 2016 100 72 ne
260 2016 216 72 proposent
426 2016 133 72 rien
509 2016 100 72 de
559 2016 133 72 très
642 2016 200 72 nouveau.
792 2016 133 72 Mais
859 2016 116 72 elles

62 2057 135 59 sont
147 2057 118 59 des
214 2057 135 59 plus
299 2057 322 59 représentatives
570 2057 102 59 de
621 2057 102 59 la
671 2057 152 59 jeune
756 2057 220 59 génération.

63 2090 155 66 Elles
166 2090 190 66 portent
304 2090 104 66 la
356 2090 173 66 marque
477 2090 104 66 de
529 2090 121 66 son
598 2090 224 66 sentiment
770 2090 207 66 tragique
908 2090 69 66 du

59 2132 176 60 monde
177 2132 137 60 que
255 2132 137 60 les
334 2132 235 60 artistes
510 2132 255 60 entendent
706 2132 235 60 exprimer
862 2132 118 60 avec

62 2165 254 71 humilité.
258 2165 176 71 Cette
375 2165 235 71 humilité
552 2165 313 71 s’accompagne
806 2165 157 71 chez
884 2165 98 71 eux

906 2222 76 36 45
