1086 2373
21 79 254 62 <b>MAROC</b>

186 581 265 65 Commissaire
399 581 195 65 général
540 581 88 65 :
576 581 159 65 Naïma
664 581 301 65 Khatib

191 623 193 63 Directeur
340 623 104 63 des
399 623 149 63 Musées
503 623 89 63 et
548 623 104 63 des
593 623 193 63 Antiquités.

130 785 111 54 La
186 785 222 54 peinture
353 785 259 54 marocaine,
557 785 130 54 qui
631 785 93 54 a
668 785 93 54 à
705 785 167 54 peine
816 785 148 54 plus
890 785 74 54 de

84 830 176 52 quinze
208 830 123 52 ans
278 830 281 52 d’existence,
507 830 211 52 traverse
665 830 299 52 actuellement,
894 830 70 52 le

86 872 190 48 premier
224 872 310 48 émerveillement
482 872 172 48 passé,
603 872 121 48 une
672 872 155 48 crise
775 872 138 48 sans
844 872 121 48 doute

88 904 234 48 inévitable,
276 904 125 48 mais
354 904 109 48 qui
416 904 109 48 est
478 904 94 48 la
525 904 156 48 preuve
634 904 125 48 même
712 904 94 48 de
759 904 94 48 sa
790 904 172 48 vitalité.

130 951 112 55 Les
194 951 160 55 jeunes
306 951 192 55 peintres
451 951 241 55 travaillent
643 951 128 55 dans
723 951 112 55 des
772 951 192 55 conditions

85 992 227 50 difficiles
263 992 97 50 et
312 992 130 50 avec
393 992 114 50 des
458 992 162 50 moyens
572 992 178 50 souvent
701 992 227 50 précaires,
864 992 97 50 fai-

82 1028 136 48 sant
167 1028 169 48 encore
285 1028 136 48 trop
370 1028 271 48 généralement
590 1028 169 48 figure
709 1028 102 48 de
743 1028 220 48 précurseurs

86 1063 235 48 incompris,
271 1063 101 48 et
321 1063 118 48 ils
389 1063 118 48 ont
456 1063 202 48 beaucoup
607 1063 101 48 de
658 1063 185 48 courage
792 1063 101 48 et
842 1063 101 48 de
876 1063 84 48 mé-

84 1105 135 52 rite
168 1105 84 52 à
202 1105 236 52 rechercher
387 1105 202 52 toujours
539 1105 101 52 de
589 1105 202 52 nouveaux
741 1105 168 52 moyens
842 1105 118 52 d’ex-

85 1147 155 48 primer
194 1147 93 48 ce
241 1147 155 48 qu’ils
349 1147 171 48 sentent
473 1147 93 48 et
520 1147 93 48 ce
567 1147 78 48 à
598 1147 124 48 quoi
675 1147 109 48 ils
722 1147 155 48 croient.

124 1187 114 49 En
181 1187 191 49 effet,
315 1187 172 49 comme
429 1187 153 49 sans
524 1187 172 49 doute
639 1187 153 49 dans
734 1187 114 49 de
772 1187 191 49 nombreux

82 1236 133 42 pays
165 1236 100 42 où
215 1236 100 42 le
265 1236 133 42 mode
348 1236 266 42 d’expression
564 1236 199 42 pictural
713 1236 116 42 est
779 1236 183 42 récent,
896 1236 66 42 le

82 1274 193 43 peintre
223 1274 123 43 non
293 1274 334 43 scrupuleusement
574 1274 228 43 figuratif
750 1274 123 43 est
820 1274 141 43 tout
891 1274 70 43 de

82 1310 152 39 suite
184 1310 169 39 accusé
302 1310 102 39 de
353 1310 186 39 plagier
488 1310 118 39 ses
556 1310 186 39 maîtres
691 1310 220 39 étrangers
860 1310 102 39 et
894 1310 68 39 de

82 1340 228 54 s’éloigner
261 1340 98 54 de
310 1340 98 54 la
375 1340 180 54 réalité
506 1340 212 54 marocaine
669 1340 82 54 ,
702 1340 147 54 alors
800 1340 147 54 qu’il
881 1340 82 54 est

80 1379 176 48 depuis
204 1379 229 48 longtemps
379 1379 158 48 admis
485 1379 123 48 que
555 1379 299 48 l’abstraction
802 1379 123 48 est
854 1379 106 48 très

82 1421 169 52 proche
200 1421 101 52 et
251 1421 135 52 même
335 1421 186 52 incluse
470 1421 135 52 dans
555 1421 101 52 la
605 1421 186 52 culture
741 1421 152 52 arabe
825 1421 135 52 tradi

64 1452 192 48 tionnelle.

124 1491 120 45 Les
192 1491 205 45 peintres
346 1491 103 45 de
397 1491 103 45 la
449 1491 188 45 réalité
585 1491 325 45 conventionnelle
841 1491 120 45 d’une

82 1534 141 47 part,
177 1534 94 47 et
224 1534 110 47 les
287 1534 189 47 peintres
428 1534 79 47 7
459 1534 141 47 naïfs
569 1534 94 47 et
616 1534 79 47 7
648 1534 204 47 primitifs
805 1534 79 47 «
821 1534 141 47 d’autre

81 1570 150 45 part,
181 1570 100 45 se
231 1570 199 45 trouvent
380 1570 216 45 nettement
547 1570 133 45 plus
630 1570 216 45 appréciés
796 1570 100 45 du
829 1570 133 45 public

83 1605 110 44 non
146 1605 172 44 averti,
271 1605 94 44 et
318 1605 94 44 la
365 1605 219 44 préférence
537 1605 94 44 de
584 1605 235 44 l’étranger,
772 1605 188 44 résidant
897 1605 63 44 ou

80 1641 100 61 de
130 1641 199 61 passage,
280 1641 149 61 n’est
379 1641 116 61 pas
446 1641 149 61 faite
545 1641 133 61 pour
628 1641 199 61 corriger
777 1641 149 61 cette
860 1641 100 61 ten

57 1679 155 49 dance.

122 1728 140 44 Nous
209 1728 157 44 avons
313 1728 140 44 donc
401 1728 174 44 choisi
523 1728 157 44 cette
628 1728 174 44 année,
750 1728 140 44 pour
819 1728 140 44 repré-

80 1771 173 48 senter
201 1771 104 48 le
253 1771 173 48 Maroc,
373 1771 121 48 des
443 1771 207 48 peintres
598 1771 242 48 résolument
788 1771 121 48 non
840 1771 121 48 figu-

81 1808 160 43 ratifs
193 1808 112 43 qui
257 1808 112 43 ont
321 1808 96 43 le
369 1808 176 43 courage
497 1808 96 43 de
546 1808 128 43 leur
626 1808 208 43 position.
770 1808 192 43 Cherkaoui,

77 1843 180 49 devenu
203 1843 216 49 parisien
365 1843 270 49 d’adoption,
582 1843 144 49 n’en
672 1843 162 49 reste
780 1843 126 49 pas
834 1843 126 49 moins

81 1885 276 45 profondément
305 1885 189 45 attaché
442 1885 121 45 aux
511 1885 172 45 signes
632 1885 258 45 ancestraux;
821 1885 138 45 Elbaz,

79 1926 282 36 actuellement
309 1926 88 36 à
344 1926 212 36 Londres,
503 1926 106 36 se
556 1926 159 36 lance
662 1926 141 36 avec
750 1926 177 36 fougue
856 1926 106 36 dans

77 1960 173 41 toutes
198 1960 121 41 les
267 1960 277 41 possibilités
492 1960 208 41 qu’offre
648 1960 104 41 la
700 1960 225 41 peinture.
856 1960 104 41 Meki

80 1992 220 46 Meghara,
245 1992 110 46 de
300 1992 239 46 formation
484 1992 147 46 plus
575 1992 257 46 espagnole,
777 1992 110 46 se
814 1992 147 46 révèle

81 2028 135 52 l’un
166 2028 118 52 des
233 2028 135 52 plus
318 2028 237 52 talentueux
504 2028 101 52 et
554 2028 169 52 semble
673 2028 152 52 avoir
774 2028 169 52 trouvé
875 2028 85 52 son

77 2066 235 42 équilibre
257 2066 253 42 dynamique;
456 2066 198 42 Bennani
600 2066 162 42 reste
708 2066 108 42 au
763 2066 162 42 Maroc
853 2066 108 42 pour

82 2105 157 48 lutter
192 2105 94 48 et
239 2105 141 48 faire
333 2105 188 48 admettre
474 2105 94 48 au
521 2105 157 48 public
631 2105 94 48 la
678 2105 172 48 liberté
803 2105 94 48 de
835 2105 125 48 l’art;

79 2145 150 39 Amar,
179 2145 133 39 sans
262 2145 150 39 cesse
362 2145 83 39 à
395 2145 100 39 la
445 2145 216 39 recherche
611 2145 150 39 d’une
711 2145 199 39 nouvelle
844 2145 116 39 tech-

79 2180 180 62 nique,
205 2180 108 62 se
259 2180 252 62 spécialise
457 2180 252 62 maintenant
654 2180 144 62 dans
744 2180 108 62 la
780 2180 180 62 gravure;

67 2241 68 43 84
