1115 2373
517 22 298 62 <b>RÉPUBLIQUE
745 22 246 62 FÉDÉRALE</b>

530 65 195 61 <b>D
627 65 365 61 ALLEMAGNE</b>

11 158 231 75 vibrants,
189 158 249 75 transforme
384 158 107 75 la
437 158 195 75 gravité
580 158 107 75 du
633 158 160 75 métal
739 158 107 75 en
793 158 107 75 un
828 158 89 75 vol

13 206 163 68 plané
122 206 109 68 se
176 206 200 68 mouvant
321 206 145 68 dans
412 206 127 68 des
485 206 200 68 espaces
630 206 236 68 lointains
793 206 127 68 comme

13 262 102 47 un
47 262 119 47 rêve.

55 293 126 77 Les
127 293 180 77 images
253 293 144 77 d’un
343 293 162 77 blanc
451 293 234 77 d’hermine
632 293 198 77 formées
776 293 126 77 par
830 293 90 77 des

14 339 157 62 clous
118 339 105 62 de
171 339 175 62 Uecker
293 339 105 62 ne
345 339 227 62 reçoivent
520 339 157 62 aussi
624 339 140 62 leur
712 339 192 62 réalité
834 339 87 62 que

16 370 115 74 par
81 370 197 74 l’apport
229 370 99 74 de
279 370 99 74 la
328 370 197 74 lumière.
476 370 115 74 Ses
542 370 164 74 champs
657 370 99 74 et
690 370 230 74 dispositions

24 409 105 67 de
77 409 228 67 structure
252 409 175 67 formés
375 409 105 67 de
428 409 175 67 douces
551 409 263 67 ondulations
744 409 175 67 connais-

12 441 145 72 sent
103 441 109 72 le
157 441 200 72 langage
302 441 109 72 du
357 441 145 72 vent
447 441 109 72 et
502 441 109 72 le
556 441 163 72 chant
665 441 236 72 méditatif
828 441 91 72 des

14 483 171 72 chœurs
133 483 324 72 pré-grégoriens.
406 483 205 72 Parfois,
560 483 102 72 il
611 483 188 72 enfonce
747 483 119 72 ses
799 483 119 72 clous

14 523 137 60 dans
99 523 120 60 des
168 523 188 60 tables,
305 523 120 60 des
373 523 188 60 chaises
510 523 103 60 et
561 523 137 60 même
646 523 120 60 des
715 523 188 60 pianos,
835 523 85 60 les

16 562 291 62 rendantparfois
258 562 307 62 aussieffrayants
517 562 113 62 que
582 562 113 62 les
630 562 291 62 figures

15 606 233 55 africaines
199 606 133 55 dans
282 606 233 55 lesquelles
465 606 100 55 le
515 606 217 55 primitif,
682 606 167 55 poussé
798 606 117 55 par
848 606 67 55 la

16 634 157 64 force
120 634 104 64 de
172 634 104 64 la
224 634 174 64 magie,
346 634 87 64 a
381 634 191 64 enfoncé
520 634 122 64 des
590 634 226 64 centaines
763 634 104 64 de
798 634 122 64 clous

14 690 176 54 venant
120 690 194 54 d’Europe.

55 724 177 71 Macks
173 724 118 71 et
232 724 197 71 Uecker
370 724 216 71 forment
527 724 157 71 avec
625 724 157 71 Otto
723 724 197 71 Pienne
841 724 79 71 le

14 772 178 65 groupe
139 772 160 65 Zéro.
245 772 142 65 Dans
334 772 160 65 leurs
440 772 266 65 manifestes,
654 772 124 65 ils
725 772 195 65 vantent
849 772 71 65 la

19 807 164 63 pureté
133 807 98 63 de
182 807 98 63 la
231 807 196 63 couleur,
379 807 98 63 la
428 807 246 63 fascination
624 807 98 63 de
673 807 98 63 la
723 807 196 63 lumière,
854 807 65 63 la

16 847 192 62 beauté
150 847 115 62 du
208 847 249 62 mouvement
399 847 192 62 freiné
534 847 115 62 et
591 847 115 62 la
649 847 268 62 possiblité
840 847 77 62 du

19 891 249 54 changement.
219 891 133 54 Leur
302 891 183 54 travail
435 891 199 54 d’équipe
584 891 100 54 en
634 891 116 54 est
700 891 100 54 la
734 891 149 54 preuve.

61 952 160 43 Bernd
168 952 178 43 Vôlkle
293 952 178 43 montre
418 952 125 43 que
489 952 196 43 l’usage
632 952 125 43 des
703 952 178 43 moyens
810 952 107 43 tra-

18 988 233 51 ditionnels
201 988 83 51 -
235 988 183 51 toiles,
368 988 200 51 pinceaux
518 988 100 51 et
568 988 200 51 couleurs
717 988 83 51 à
751 988 183 51 l’huile-

23 1015 251 56 n’impliquent
228 1015 110 56 pas
290 1015 110 56 une
353 1015 141 56 perte
448 1015 267 56 d’originalité
668 1015 94 56 et
699 1015 220 56 d’actualité.

19 1069 131 42 Ses
94 1069 225 42 drapeaux
263 1069 206 42 brossés
413 1069 150 42 avec
507 1069 281 42 tempérament
713 1069 206 42 apparais-

17 1093 150 52 sent
111 1093 169 52 comme
224 1093 113 52 de
280 1093 263 52 véritables
487 1093 207 52 signaux
637 1093 188 52 tandis
750 1093 169 52 qu’Axel

22 1135 156 51 Knopp
125 1135 138 51 fait
212 1135 190 51 jaillir
350 1135 121 51 des
419 1135 190 51 lettres
558 1135 104 51 de
610 1135 173 51 plomb,
731 1135 121 51 une
783 1135 138 51 source

18 1177 332 43 d’associations
294 1177 222 43 humaines
461 1177 111 43 et
516 1177 258 43 techniques
719 1177 111 43 en
756 1177 166 43 rapport

19 1218 137 49 avec
104 1218 137 49 tout
190 1218 103 49 ce
241 1218 120 49 qui
310 1218 171 49 touche
429 1218 103 49 au
463 1218 120 49 sexe.

61 1272 128 45 Les
134 1272 256 45 découpures
335 1272 110 45 en
390 1272 219 45 linoléum
554 1272 110 45 de
609 1272 219 45 couleurs
755 1272 165 45 simple-

19 1311 139 41 ment
105 1311 104 41 et
158 1311 243 41 clairement
349 1311 243 41 assemblées
540 1311 104 41 de
592 1311 104 41 H.
644 1311 104 41 M.
696 1311 191 41 Erhardt
818 1311 104 41 dont

20 1346 113 46 les
84 1346 177 46 valeurs
213 1346 177 46 placées
342 1346 145 46 l’une
439 1346 129 46 près
519 1346 97 46 de
568 1346 177 46 l’autre
696 1346 177 46 vibrent
809 1346 113 46 sour-

16 1382 199 44 dement,
161 1382 145 44 nous
251 1382 236 44 informent
433 1382 109 44 de
487 1382 236 44 l’abandon
668 1382 127 44 des
741 1382 163 44 êtres
831 1382 91 44 vi-

17 1429 151 39 vants
118 1429 101 39 et
168 1429 117 39 des
235 1429 168 39 choses
353 1429 134 39 qui,
437 1429 134 39 dans
520 1429 252 39 l’isolement
722 1429 101 39 de
755 1429 168 39 l’espace

18 1468 219 51 attendent
187 1468 118 51 des
254 1468 236 51 rencontres
440 1468 101 51 et
491 1468 118 51 des
541 1468 186 51 réponses.

60 1522 141 51 Pour
148 1522 105 51 la
201 1522 211 51 première
359 1522 158 51 fois,
464 1522 263 51 l’Allemagne
675 1522 211 51 Fédérale
816 1522 105 51 pré-

19 1563 160 45 sente
126 1563 89 45 à
161 1563 160 45 Paris
268 1563 124 45 les
339 1563 195 45 travaux
481 1563 106 45 de
534 1563 177 45 jeunes
658 1563 266 45 décorateurs
853 1563 71 45 de

19 1596 221 48 théâtre.
185 1596 111 48 Ce
240 1596 148 48 sont
332 1596 129 48 des
406 1596 203 48 modèles
553 1596 111 48 de
609 1596 295 48 décorations,
830 1596 92 48 des

21 1638 272 43 propositions
242 1638 102 43 et
293 1638 119 43 des
361 1638 255 43 expériences
566 1638 221 43 destinées
736 1638 85 43 à
770 1638 153 43 jeter
855 1638 68 43 le

20 1677 177 38 trouble
148 1677 128 38 dans
229 1677 112 38 les
293 1677 193 38 routines
421 1677 209 38 existantes.

65 1733 120 49 Les
133 1733 240 49 partitions
322 1733 120 49 des
390 1733 274 49 compositeurs
613 1733 171 49 Dieter
716 1733 205 49 Schônbach,

26 1768 172 51 Roland
146 1768 138 51 Kayn
233 1768 103 51 et
284 1768 310 51 Ernst-Albrecht
543 1768 207 51 Stiebler
698 1768 86 51 -
715 1768 207 51 trahissent

22 1812 106 46 du
75 1812 194 46 premier
216 1812 141 46 coup
305 1812 159 46 d’œil
410 1812 159 46 qu’on
516 1812 141 46 peut
604 1812 123 46 non
675 1812 229 46 seulement
834 1812 88 46 les

25 1850 135 54 lire
110 1850 135 54 mais
194 1850 152 54 qu’on
296 1850 135 54 peut
380 1850 152 54 aussi
482 1850 102 54 en
533 1850 152 54 jouir
634 1850 102 54 en
685 1850 135 54 tant
770 1850 118 54 que
820 1850 102 54 gra-

26 1892 172 43 phique
146 1892 259 43 sculptural.
353 1892 121 43 Ces
422 1892 241 43 partitions
612 1892 138 43 nous
698 1892 207 43 montrent
836 1892 86 43 que

26 1927 112 47 les
90 1927 257 47 possibilités
299 1927 96 47 de
347 1927 96 47 la
395 1927 176 47 musique
523 1927 96 47 et
571 1927 96 47 de
619 1927 144 47 l’art
716 1927 208 47 plastique
860 1927 64 47 se

25 1969 144 43 sont
115 1969 269 43 rapprochées
330 1969 197 43 d’assez
474 1969 161 43 près.
581 1969 144 43 Avec
671 1969 161 43 juste
761 1969 161 43 raison,

29 1998 171 55 Roland
149 1998 137 55 Kayn
235 1998 206 55 constate
389 1998 86 55 :
423 1998 103 55 La
474 1998 240 55 dispersion
663 1998 103 55 de
714 1998 103 55 la
749 1998 171 55 sonorité

28 2044 98 46 et
77 2044 114 46 les
142 2044 244 46 différentes
337 2044 260 46 possibilités
548 2044 98 46 de
597 2044 98 46 la
646 2044 228 46 dispersion
824 2044 98 46 de
857 2044 65 46 la

27 2083 186 36 couleur
162 2083 101 36 en
213 2083 135 36 tant
297 2083 118 36 que
365 2083 236 36 diversion,
551 2083 287 36 fléchissement
787 2083 101 36 ou
821 2083 101 36 bri-

162 2121 241 46 sonorité,
348 2121 315 46 correspondent
608 2121 93 46 à
645 2121 130 46 des
700 2121 223 46 événements

25 2154 237 56 semblables
212 2154 136 56 dans
296 2154 102 56 le
347 2154 187 56 domaine
483 2154 102 56 de
534 2154 237 56 l’optique.
720 2154 119 56 Les
788 2154 136 56 sons
856 2154 68 56 se

849 2219 74 47 23
