1181 2325
110 133 100 65 la
160 133 133 65 IIle
244 133 200 65 Biennale
394 133 133 65 dans
477 133 117 65 les
544 133 234 65 différents
728 133 200 65 domaines
878 133 117 65 des
928 133 100 65 arts

112 179 269 55 Plastiques,
328 179 269 55 composition
543 179 233 55 musicale,
723 179 162 55 films
830 179 126 55 sur
884 179 144 55 l’art.

109 222 253 48 spectacles
307 222 271 48 dramatiques
524 222 108 48 et
578 222 361 48 chorégraphiques,
885 222 108 48 le
921 222 108 48 tout

109 257 265 51 constituant
321 257 124 51 une
392 257 300 51 manifestation
639 257 141 51 dite
745 257 229 51 Quinzaine
921 257 106 51 de
956 257 71 51 la

113 292 207 56 Biennale
286 292 121 56 qui
355 292 121 56 fut
424 292 225 56 présentée
597 292 104 56 au
649 292 156 56 cours
752 292 104 56 de
804 292 190 56 l’année
925 292 104 56 1964

108 329 108 60 au
162 329 180 60 Palais
288 329 108 60 de
342 329 108 60 la
397 329 307 60 Méditerrannée
649 329 90 60 à
685 329 162 60 Nice,
793 329 108 60 au
848 329 180 60 Casino
956 329 72 60 de

111 374 458 49 Charbonnières-les-Bains
519 374 136 49 qui,
603 374 136 49 tout
688 374 102 49 de
739 374 153 49 suite
841 374 153 49 après
926 374 102 49 Nice

110 402 87 56 a
144 402 190 56 soutenu
283 402 156 56 notre
387 402 190 56 effort,
525 402 156 56 ainsi
629 402 138 56 qu’à
715 402 190 56 Annecy.
854 402 104 56 Le
889 402 138 56 Havre.

111 451 191 56 Dieppe
244 451 114 56 et
283 451 153 56 Mâcon.

152 489 114 60 Le
209 489 190 60 succès
342 489 114 60 de
399 489 171 60 cette
513 489 228 60 première
685 489 266 60 expérience
894 489 152 60 nous
970 489 57 60 a

109 534 247 48 encouragés
304 534 88 48 à
339 534 247 48 développer
533 534 159 48 cette
639 534 300 48 collaboration
887 534 124 48 et,
940 534 88 48 en-

109 571 147 49 core
201 571 129 49 une
274 571 166 49 fois,
385 571 110 49 la
440 571 166 49 bonne
550 571 202 49 volonté
698 571 129 49 des
771 571 258 49 Directeurs
955 571 74 49 de

109 614 206 44 Casinos
259 614 150 44 nous
353 614 94 44 a
391 614 206 44 permis,
541 614 150 44 dans
635 614 131 44 les
710 614 225 44 premiers
879 614 150 44 mois
954 614 75 44 de

109 650 159 44 cette
215 650 177 44 année,
339 650 106 44 de
392 650 159 44 faire
498 650 106 44 un
551 650 159 44 choix
658 650 141 44 dans
746 650 124 44 des
799 650 230 44 expositions

109 685 262 53 organisées
315 685 112 53 et
371 685 131 53 des
446 685 262 53 spectacles
652 685 243 53 présentés
840 685 131 53 par
915 685 131 53 eux
971 685 56 53 à

112 724 159 47 notre
218 724 247 47 intention,
412 724 141 47 pour
501 724 176 47 tenter
624 724 124 47 d’y
695 724 229 47 découvrir
854 724 176 47 quelques

110 765 208 43 artistes
266 765 208 43 nouveaux
422 765 104 43 et
474 765 121 43 les
543 765 191 43 inviter
682 765 139 43 dans
769 765 156 43 notre
856 765 173 43 actuelle

109 806 351 41 manifestation.
402 806 117 41 Ce
461 806 137 41 fut
539 806 117 41 le
598 806 137 41 cas
676 806 117 41 de
715 806 312 41 Charbonnières,

112 841 242 44 Deauville,
302 841 104 44 La
353 841 173 44 Baule,
474 841 138 44 Nice
561 841 104 44 et
595 841 242 44 Niederbronn.

155 891 174 42 Enfin,
277 891 192 42 Jacques
416 891 244 42 Lassaigne,
608 891 105 42 en
660 891 192 42 prenant
799 891 105 42 la
834 891 192 42 responsa-

113 926 170 43 bilité
232 926 102 43 de
283 926 102 43 la
334 926 187 43 section
470 926 238 43 française,
656 926 85 43 a
690 926 153 43 porté
792 926 238 43 témoignage
962 926 68 43 de

113 963 150 44 notre
213 963 183 44 volonté
346 963 283 44 d’éclectisme,
580 963 100 44 ce
629 963 117 44 qui
696 963 200 44 n'exclut
846 963 117 44 pas
896 963 133 44 l’idée

111 1009 95 35 du
159 1009 158 35 choix.
269 1009 95 35 En
317 1009 158 35 outre,
427 1009 95 35 il
475 1009 79 35 a
506 1009 158 35 établi
617 1009 126 35 pour
696 1009 269 35 l’Association
902 1009 126 35 Inter-

112 1043 209 40 nationale
273 1043 113 40 des
337 1043 209 40 Critiques
498 1043 161 40 d’Art,
610 1043 113 40 qui
674 1043 145 40 tient
771 1043 80 40 à
803 1043 145 40 Paris
899 1043 80 40 à
916 1043 113 40 cette

107 1079 196 45 époque
245 1079 137 45 son
323 1079 255 45 Assemblée
519 1079 255 45 Générale,
715 1079 118 45 un
773 1079 255 45 programme
950 1079 78 45 de

109 1119 319 48 manifestations
375 1119 106 48 et
428 1119 106 48 de
481 1119 266 48 discussions
694 1119 142 48 dont
764 1119 266 48 bénéficieront

110 1154 128 52 nos
164 1154 219 52 exposants.

155 1204 116 41 Par
221 1204 116 41 cet
287 1204 198 41 ensemble
435 1204 99 41 de
485 1204 215 41 résultats
650 1204 215 41 positifs,
815 1204 132 41 nous
881 1204 149 41 croyons

108 1242 159 46 avoir
214 1242 195 46 atteint
356 1242 106 46 un
409 1242 301 46 développement
657 1242 88 46 à
692 1242 177 46 partir
816 1242 177 46 duquel
922 1242 106 46 nous

109 1280 206 47 pensons
259 1280 131 47 que
334 1280 168 47 notre
446 1280 187 47 action
577 1280 168 47 n’est
689 1280 150 47 plus
782 1280 206 47 limitée
932 1280 93 47 à
950 1280 75 47 un

107 1313 150 48 mois
201 1313 113 48 de
257 1313 300 48 présentation
501 1313 113 48 et
558 1313 113 48 de
614 1313 206 48 débats,
764 1313 113 48 si
802 1313 225 48 passionnés

108 1354 260 43 soient-ils,
316 1354 139 43 mais
403 1354 139 43 tend
490 1354 87 43 à
524 1354 191 43 devenir
663 1354 260 43 permanente,
872 1354 139 43 sous
941 1354 87 43 des

108 1397 187 44 aspects
244 1397 187 44 variés,
380 1397 136 44 pour
465 1397 238 44 entretenir
651 1397 102 44 un
702 1397 170 44 climat
821 1397 102 44 de
855 1397 170 44 création

109 1434 100 41 et
159 1434 100 41 de
209 1434 217 41 curiosité
376 1434 217 41 fécondes,
543 1434 133 41 tout
626 1434 100 41 en
676 1434 200 41 laissant
826 1434 83 41 à
859 1434 167 41 chacun
959 1434 67 41 la

110 1474 131 44 plus
192 1474 164 44 grande
306 1474 180 44 liberté
438 1474 131 44 dans
520 1474 197 44 l’action
667 1474 98 44 et
717 1474 98 44 le
750 1474 180 44 jugement.

676 1552 225 62 Raymond
819 1552 204 62 Cogniat.
