1013 2373
687 50 306 62 <b>FRANCE</b>

100 792 105 62 Je
153 792 158 62 crois
258 792 123 62 que
328 792 105 62 la
381 792 123 62 IVe
451 792 210 62 Biennale
609 792 105 62 de
661 792 158 62 Paris
749 792 193 62 reflètera

71 833 149 63 mieux
171 833 116 63 que
237 833 116 63 les
303 833 248 63 précédentes
501 833 165 63 l’état
617 833 182 63 présent
749 833 99 63 de
798 833 99 63 la
831 833 116 63 jeune

69 867 198 67 peinture
218 867 99 67 et
268 867 99 67 de
318 867 99 67 la
367 867 149 67 jeune
466 867 215 67 sculpture
632 867 99 67 et
681 867 182 67 qu’elle
797 867 149 67 devrait

71 904 125 65 être
150 904 219 65 accueillie
322 904 125 65 dans
400 904 94 65 un
447 904 157 65 esprit
557 904 125 65 plus
636 904 172 65 ouvert.
761 904 141 65 Cela,
839 904 110 65 grâce

71 944 74 61 à
101 944 223 61 l’évolution
280 944 149 61 réelle
384 944 104 61 qui
444 944 134 61 s’est
533 944 179 61 produite
667 944 134 61 parmi
756 944 104 61 les
801 944 149 61 artistes

72 982 149 61 mêmes
172 982 99 61 et
222 982 133 61 dans
305 982 99 61 le
354 982 182 61 public,
487 982 99 61 en
537 982 166 61 grande
653 982 166 61 partie
769 982 83 61 à
802 982 99 61 la
835 982 116 61 suite

72 1029 113 58 des
137 1029 243 58 précédentes
315 1029 275 58 manifestations.

105 1092 156 50 Cette
209 1092 225 50 évolution
382 1092 104 50 si
434 1092 191 50 rapide,
573 1092 104 50 et
625 1092 121 50 qui
694 1092 87 50 a
729 1092 191 50 modifié
850 1092 104 50 très

72 1128 282 58 profondément
302 1128 212 58 l’aspect
461 1128 124 58 des
531 1128 265 58 principales
726 1128 229 58 expositions

73 1159 94 55 de
120 1159 142 55 cette
215 1159 157 55 année,
325 1159 94 55 il
372 1159 142 55 n’est
467 1159 157 55 certes
577 1159 110 55 pas
640 1159 189 55 toujours
782 1159 126 55 aisé
861 1159 94 55 de
892 1159 63 55 la

74 1199 164 56 saisir
188 1199 131 56 dans
270 1199 164 56 toutes
384 1199 115 56 les
450 1199 164 56 formes
564 1199 180 56 qu’elle
695 1199 164 56 revêt,
810 1199 115 56 pas
859 1199 98 56 plus

75 1238 147 51 qu’il
173 1238 147 51 n’est
271 1238 229 51 nécessaire
450 1238 98 51 de
499 1238 98 51 se
549 1238 147 51 plier
647 1238 82 51 à
679 1238 163 51 toutes
794 1238 114 51 ses
843 1238 114 51 fluc-

71 1275 241 52 tuations.
257 1275 148 52 Mais
349 1275 111 52 on
405 1275 111 52 ne
461 1275 148 52 peut
553 1275 204 52 ignorer
702 1275 241 52 désormais
868 1275 93 52 ces

75 1311 241 58 témoignages
268 1311 97 58 de
316 1311 193 58 vitalité
461 1311 97 58 de
509 1311 145 58 l’art
606 1311 97 58 de
654 1311 161 58 Paris.
767 1311 145 58 Notre
847 1311 113 58 Bien-

76 1355 153 47 nale,
178 1355 102 47 en
229 1355 204 47 imposant
382 1355 119 47 une
450 1355 170 47 limite
570 1355 153 47 d’âge
672 1355 238 47 rigoureuse
859 1355 102 47 et
893 1355 68 47 en

74 1393 184 50 forçant
208 1393 168 50 chaque
326 1393 184 50 section
460 1393 84 50 à
493 1393 235 50 renouveler
678 1393 117 50 ses
728 1393 235 50 participants

73 1426 149 49 dans
166 1426 130 49 une
241 1426 149 49 très
333 1426 186 49 grande
463 1426 279 49 proportion,
686 1426 93 49 a
705 1426 260 49 certainement

75 1471 231 44 contribué
253 1471 213 44 beaucoup
413 1471 89 44 à
449 1471 142 44 nous
537 1471 267 44 débarrasser
751 1471 124 44 des
804 1471 160 44 confor-

74 1497 186 57 mismes
205 1497 112 57 et
260 1497 130 57 des
335 1497 242 57 habitudes
521 1497 112 57 de
576 1497 223 57 paresse.
744 1497 223 57 Pourquoi
893 1497 74 57 le

78 1537 159 59 public
189 1537 111 59 n’y
253 1537 270 59 trouverait-il
476 1537 111 59 pas
539 1537 127 59 plus
619 1537 207 59 d’aisance
778 1537 80 59 à
810 1537 127 59 voir
889 1537 95 59 et
921 1537 48 59 à

77 1577 255 48 comprendre
277 1577 109 48 ce
332 1577 164 48 qu’on
441 1577 127 48 lui
514 1577 182 48 expose
641 1577 146 48 plus
714 1577 255 48 franchement.

77 1620 143 45 Lors
167 1620 125 45 des
238 1620 232 45 premières
417 1620 286 45 expositions,
649 1620 107 45 on
703 1620 107 45 se
756 1620 215 45 penchait
899 1620 72 45 de

77 1659 245 43 préférence
270 1659 123 43 sur
340 1659 123 43 les
410 1659 210 43 peintres
568 1659 123 43 les
638 1659 140 43 plus
726 1659 193 43 proches
866 1659 105 43 de
901 1659 70 43 la

77 1693 176 46 limite
201 1693 229 46 fatidique
377 1693 123 46 des
447 1693 106 46 35
500 1693 141 46 ans.
588 1693 106 46 On
641 1693 282 46 s’appliquait
869 1693 88 46 à
887 1693 88 46 les

79 1723 173 53 exposer
205 1723 126 53 tant
283 1723 141 53 qu’il
378 1723 94 53 en
425 1723 141 53 était
519 1723 157 53 encore
629 1723 157 53 temps,
739 1723 94 53 et
786 1723 94 53 on
817 1723 157 53 trouvait

78 1761 138 53 cela
164 1761 242 53 rassurant.
354 1761 242 53 Maintenant
544 1761 104 53 on
596 1761 104 53 se
648 1761 225 53 passionne
821 1761 138 53 pour
890 1761 86 53 les

77 1810 138 45 plus
163 1810 190 45 jeunes,
301 1810 104 45 on
353 1810 155 45 admet
457 1810 138 45 sans
543 1810 173 45 vaines
664 1810 207 45 craintes
820 1810 121 45 les
871 1810 104 45 nou-

77 1838 190 50 veautés
215 1838 173 50 qu’ils
336 1838 242 50 proposent.
527 1838 139 50 Cela
613 1838 225 50 n’empêche
787 1838 121 50 pas
856 1838 104 50 de
890 1838 87 50 les

76 1875 173 53 juger,
197 1875 139 53 mais
283 1875 139 53 cela
370 1875 208 53 dispense
526 1875 104 53 de
578 1875 242 53 rechercher
768 1875 121 53 des
820 1875 156 53 indica-

76 1909 160 53 tions
183 1909 142 53 déjà
271 1909 177 53 depuis
396 1909 231 53 longtemps
573 1909 213 53 données,
733 1909 106 53 de
768 1909 213 53 s’attarder

80 1946 114 56 aux
145 1946 229 56 situations
325 1946 196 56 acquises
472 1946 98 56 si
521 1946 278 56 intéressantes
734 1946 245 56 soient

77 1985 231 50 d’établir
255 1985 106 50 un
308 1985 266 50 balancement
521 1985 106 50 ou
574 1985 106 50 un
627 1985 231 50 équilibre
787 1985 195 50 forcément

79 2019 238 52 artificiel
266 2019 119 52 des
334 2019 238 52 tendances.
521 2019 102 52 On
573 2019 187 52 accepte
709 2019 119 52 que
777 2019 136 52 soit
845 2019 136 52 exposé

83 2074 92 50 ce
129 2074 107 50 qui
190 2074 122 50 est,
266 2074 92 50 ce
312 2074 107 50 qui
374 2074 122 50 vit,
450 2074 92 50 ce
496 2074 107 50 qui
542 2074 107 50 vaut.

621 2164 210 63 Jacques
754 2164 229 63 Lassaigne.

898 2216 87 52 129
