1086 2373
8 68 425 68 <b>GUATEMALA</b>

179 439 335 84 Commissaire
446 439 268 84 général:
647 439 178 84 Aida
759 439 201 84 Campo
870 439 223 84 Asturias

164 501 447 49 Directeur
507 501 241 49 des
645 501 516 49 Beaux-Arts.

130 639 181 61 Roberto
261 639 198 61 Cabrera,
410 639 247 61 dessinateur
607 639 99 61 et
657 639 181 61 graveur
772 639 181 61 maintient

83 684 129 56 son
156 684 276 56 inspiration
377 684 110 56 au
432 684 184 56 niveau
560 684 147 56 d’un
652 684 257 56 archaïsme,
854 684 129 56 qui
928 684 202 56 s’éloi¬

82 718 127 60 gne
154 718 109 60 de
209 718 163 60 l’art
318 718 236 60 populaire
499 718 145 60 mais
590 718 145 60 s’en
681 718 163 60 tient
790 718 109 60 au
826 718 127 60 champ

82 760 262 39 traditionnel
295 760 213 39 mystique.
458 760 115 39 Ses
524 760 229 39 ressources
704 760 131 39 vont
786 760 98 39 de
819 760 131 39 l’Apo-

82 792 199 56 calypse
227 792 109 56 au
281 792 181 56 Chilam
408 792 163 56 Balam
516 792 109 56 de
571 792 145 56 Mani
661 792 109 56 ou
716 792 109 56 de
752 792 199 56 Chumayel.

78 833 124 52 au
140 833 290 52 Popol-Vuh,
368 833 104 52 à
410 833 124 52 la
472 833 269 52 recherche
679 833 124 52 de
741 833 124 52 la
803 833 269 52 tradition
1010 833 124 52 et

76 875 130 57 du
141 875 238 57 mystère
314 875 281 57 permanent
530 875 130 57 du
595 875 194 57 passé
725 875 281 57 indigène.
941 875 130 57 Il
1006 875 130 57 ne

79 905 119 63 le
139 905 159 63 fait
238 905 139 63 pas
318 905 139 63 par
397 905 219 63 intérêt
556 905 398 63 anthropologique,
894 905 159 63 mais
994 905 139 63 par

79 950 150 52 gôut
173 950 282 52 esthétique.
398 950 169 52 Comme
511 950 244 52 matériel,
699 950 113 52 il
755 950 207 52 emploie
905 950 225 52 l’huile.

79 983 145 53 les
162 983 248 53 collages
348 983 124 53 et
410 983 124 53 le
472 983 166 53 bois
576 983 124 53 et
638 983 186 53 aussi
762 983 145 53 des
845 983 290 53 techniques

77 1025 228 41 mixtes,
243 1025 166 41 avec
346 1025 124 41 du
408 1025 228 41 plâtre,
574 1025 124 41 et
636 1025 124 41 du
698 1025 207 41 sable.
843 1025 145 41 Ses
926 1025 207 41 formes

78 1063 117 46 en
137 1063 254 46 expansion
332 1063 332 46 morphologique
605 1063 117 46 et
664 1063 254 46 organique
859 1063 117 46 se
917 1063 215 46 istuent

82 1099 100 48 au
132 1099 167 48 milieu
249 1099 100 48 de
299 1099 200 48 l’espace
449 1099 100 48 et
499 1099 100 48 la
549 1099 250 48 composition
749 1099 100 48 se
782 1099 167 48 complète

83 1131 119 53 par
151 1131 119 53 des
219 1131 237 53 empreintes
405 1131 254 53 plaisantes,
609 1131 153 53 parmi
711 1131 237 53 lesquelles
880 1131 68 53 le

80 1175 148 53 sexe
172 1175 222 53 apparait
339 1175 111 53 de
394 1175 167 53 façon
487 1175 241 53 permanente.

124 1214 158 66 Marco
230 1214 175 66 Agusto
352 1214 175 66 Quiroa
475 1214 123 66 est
545 1214 105 66 un
598 1214 333 66 expressionniste
860 1214 88 66 aux

83 1256 169 50 riches
202 1256 203 50 couleurs
354 1256 118 50 qui
421 1256 186 50 revient
557 1256 118 50 aux
625 1256 169 50 thèmes
726 1256 220 50 populaires,

83 1303 149 46 d’une
183 1303 183 46 manière
316 1303 199 46 ironique
465 1303 100 46 et
515 1303 233 46 originale.
698 1303 100 46 La
748 1303 183 46 réalité
864 1303 83 46 est

84 1340 195 50 exprimée
230 1340 114 50 par
295 1340 114 50 lui
360 1340 146 50 d’une
458 1340 146 50 façon
555 1340 244 50 personnelle
734 1340 211 50 caractéris-

84 1369 163 52 tique,
198 1369 114 52 qui
263 1369 195 52 rappelle
409 1369 114 52 les
474 1369 163 52 formes
588 1369 179 52 dentées
718 1369 98 52 et
751 1369 195 52 archaïques

83 1410 99 42 de
133 1410 99 42 la
183 1410 215 42 sculpture
349 1410 298 42 précolombienne
597 1410 99 42 et
647 1410 116 42 les
713 1410 232 42 statuettes
879 1410 66 42 de

83 1453 176 47 magie.
206 1453 141 47 Avec
294 1453 123 47 des
365 1453 211 47 couleurs
523 1453 106 47 au
576 1453 123 47 feu
646 1453 106 47 et
699 1453 193 47 l’huile
822 1453 123 47 qu'il

84 1485 179 50 mélange
214 1485 114 50 aux
279 1485 179 50 métaux,
409 1485 98 50 il
458 1485 179 50 exprime
588 1485 228 50 l’attitude
751 1485 195 50 hermétique

83 1521 121 57 que
152 1521 138 57 nous
238 1521 155 57 avons
342 1521 190 57 héritée
480 1521 121 57 des
531 1521 173 57 Indiens.

127 1565 170 58 Efrain
246 1565 187 58 Recinos
383 1565 85 58 a
417 1565 119 58 une
485 1565 222 58 technique
655 1565 136 58 très
723 1565 222 58 différente.

88 1602 174 51 Partant
215 1602 143 51 d’une
310 1602 127 51 base
389 1602 174 51 d’émail
516 1602 127 51 noir
595 1602 111 51 sur
659 1602 206 51 masonite,
817 1602 95 51 il
849 1602 95 51 pro-

82 1645 165 54 voque
192 1645 202 54 presque
339 1645 129 54 des
412 1645 202 54 reliefs
559 1645 110 54 de
614 1645 220 54 couleurs
780 1645 147 54 avec
853 1645 92 54 des

86 1682 169 54 couches
208 1682 92 54 de
254 1682 199 54 plastique
408 1682 92 54 et
454 1682 92 54 de
500 1682 184 54 solvants
638 1682 215 54 auxquelles
807 1682 92 54 il
838 1682 107 54 joint

84 1720 120 63 des
152 1720 223 63 matériaux
324 1720 172 63 divers
444 1720 154 63 comme
547 1720 120 63 des
616 1720 223 63 peintures
770 1720 172 63 phospho-

86 1763 235 55 rescentes.
271 1763 134 55 Tout
355 1763 134 55 ceci
439 1763 151 55 donne
540 1763 151 55 comme
641 1763 202 55 résultat
792 1763 118 55 des
842 1763 101 55 mon-

86 1797 109 58 des
149 1797 203 58 poétiques
305 1797 94 58 où
352 1797 109 58 les
414 1797 187 58 fantômes
555 1797 94 58 de
602 1797 203 58 l’artiste
742 1797 203 58 prennentvie

85 1833 105 51 et
138 1833 263 51 s’ordonnent
348 1833 140 51 dans
436 1833 105 51 un
488 1833 158 51 chaos
594 1833 105 51 de
646 1833 175 51 formes
751 1833 193 51 emmélées.

89 1868 89 60 Il
134 1868 119 60 fait
208 1868 133 60 aussi
297 1868 89 60 de
341 1868 89 60 la
386 1868 193 60 sculpture
534 1868 89 60 et
578 1868 89 60 de
608 1868 252 60 l’architecture.

129 1918 131 68 Luis
210 1918 131 68 Diaz
292 1918 163 68 Aldana
406 1918 114 68 est
472 1918 98 68 le
521 1918 131 68 plus
602 1918 147 68 jeune
700 1918 98 68 du
749 1918 180 68 groupe.
863 1918 82 68 Son

88 1952 174 56 travail
215 1952 111 56 est
278 1952 174 56 orienté
405 1952 127 56 vers
484 1952 111 56 les
547 1952 222 56 techniques
706 1952 237 56 industrielles

90 1993 101 68 Il
141 1993 185 68 emploie
275 1993 117 68 des
342 1993 218 68 matériaux
510 1993 151 68 comme
610 1993 101 68 le
661 1993 134 68 jute
745 1993 101 68 et
795 1993 101 68 la
829 1993 117 68 paile

90 2035 97 44 et
138 2035 113 44 les
203 2035 145 44 émaux
299 2035 129 44 pour
380 2035 145 44 bois.
476 2035 113 44 Ses
541 2035 161 44 œuvres
653 2035 97 44 ne
702 2035 129 44 sont
782 2035 113 44 pas
830 2035 113 44 figu-

91 2073 181 62 ratives
222 2073 132 62 mais
304 2073 132 62 dans
387 2073 230 62 l’entrelac
568 2073 115 62 des
633 2073 165 62 formes
749 2073 99 62 on
781 2073 165 62 remarque

87 2109 184 62 quelque
221 2109 151 62 cité,
321 2109 184 62 quelque
455 2109 268 62 architecture
656 2109 234 62 mystérieuse.

583 2192 138 57 Aïda
669 2192 155 57 Campo
755 2192 189 57 Asturias.

66 2239 82 52 62
