<?xml version="1.0" encoding="UTF-8"?>
<alto xmlns:xsi="http://www.w3.org/2001/XMLSchema-instance"
      xmlns="http://www.loc.gov/standards/alto/ns-v2#"
      xmlns:page="http://schema.primaresearch.org/PAGE/gts/pagecontent/2013-07-15"
      xsi:schemaLocation="http://www.loc.gov/standards/alto/ns-v2# http://www.loc.gov/standards/alto/alto.xsd">
   <Description>
      <MeasurementUnit>pixel</MeasurementUnit>
      <OCRProcessing ID="IdOcr">
         <ocrProcessingStep>
            <processingDateTime>2020-07-02T15:31:26.555+02:00</processingDateTime>
            <processingSoftware>
               <softwareCreator>READ COOP</softwareCreator>
               <softwareName>Transkribus</softwareName>
            </processingSoftware>
         </ocrProcessingStep>
      </OCRProcessing>
   </Description>
   <Tags/>
   <Layout>
      <Page ID="Page1" PHYSICAL_IMG_NR="1" HEIGHT="2373" WIDTH="1104">
         <TopMargin HEIGHT="97" WIDTH="1104" VPOS="0" HPOS="0"/>
         <LeftMargin HEIGHT="2276" WIDTH="52" VPOS="97" HPOS="0"/>
         <RightMargin HEIGHT="2276" WIDTH="0" VPOS="97" HPOS="1104"/>
         <BottomMargin HEIGHT="0" WIDTH="1104" VPOS="2373" HPOS="0"/>
         <PrintSpace HEIGHT="2276" WIDTH="1052" VPOS="97" HPOS="52">
            <TextBlock ID="r_1_1" HEIGHT="62" WIDTH="757" VPOS="101" HPOS="314">
               <Shape>
                  <Polygon POINTS="314,101 1071,101 1071,163 314,163"/>
               </Shape>
               <TextLine ID="tl_1"
                         BASELINE="164"
                         HEIGHT="61"
                         WIDTH="767"
                         VPOS="103"
                         HPOS="309">
                  <String HEIGHT="61"
                          WIDTH="398"
                          VPOS="103"
                          HPOS="281"
                          CONTENT="&lt;b&gt;EXTRAIT"/>
                  <SP HEIGHT="61" WIDTH="28" VPOS="103" HPOS="678"/>
                  <String HEIGHT="61" WIDTH="170" VPOS="103" HPOS="593" CONTENT="DU"/>
                  <SP HEIGHT="61" WIDTH="28" VPOS="103" HPOS="764"/>
                  <String HEIGHT="61"
                          WIDTH="426"
                          VPOS="103"
                          HPOS="650"
                          CONTENT="RÉGLEMENT&lt;/b&gt;"/>
               </TextLine>
            </TextBlock>
            <TextBlock ID="r_2_1" HEIGHT="45" WIDTH="526" VPOS="205" HPOS="96">
               <Shape>
                  <Polygon POINTS="96,205 622,205 622,250 96,250"/>
               </Shape>
               <TextLine ID="tl_2"
                         BASELINE="256"
                         HEIGHT="53"
                         WIDTH="536"
                         VPOS="203"
                         HPOS="91">
                  <String HEIGHT="53"
                          WIDTH="168"
                          VPOS="203"
                          HPOS="76"
                          CONTENT="Article"/>
                  <SP HEIGHT="53" WIDTH="15" VPOS="203" HPOS="244"/>
                  <String HEIGHT="53" WIDTH="77" VPOS="203" HPOS="198" CONTENT="5"/>
                  <SP HEIGHT="53" WIDTH="15" VPOS="203" HPOS="275"/>
                  <String HEIGHT="53" WIDTH="77" VPOS="203" HPOS="229" CONTENT="—"/>
                  <SP HEIGHT="53" WIDTH="15" VPOS="203" HPOS="305"/>
                  <String HEIGHT="53"
                          WIDTH="168"
                          VPOS="203"
                          HPOS="259"
                          CONTENT="Bourses"/>
                  <SP HEIGHT="53" WIDTH="15" VPOS="203" HPOS="428"/>
                  <String HEIGHT="53" WIDTH="92" VPOS="203" HPOS="382" CONTENT="et"/>
                  <SP HEIGHT="53" WIDTH="15" VPOS="203" HPOS="474"/>
                  <String HEIGHT="53"
                          WIDTH="214"
                          VPOS="203"
                          HPOS="413"
                          CONTENT="récompenses."/>
               </TextLine>
            </TextBlock>
            <TextBlock ID="r_2_2" HEIGHT="272" WIDTH="900" VPOS="284" HPOS="85">
               <Shape>
                  <Polygon POINTS="85,284 985,284 985,556 85,556"/>
               </Shape>
               <TextLine ID="tl_3"
                         BASELINE="343"
                         HEIGHT="59"
                         WIDTH="897"
                         VPOS="284"
                         HPOS="92">
                  <String HEIGHT="59" WIDTH="122" VPOS="284" HPOS="77" CONTENT="Pour"/>
                  <SP HEIGHT="59" WIDTH="15" VPOS="284" HPOS="198"/>
                  <String HEIGHT="59"
                          WIDTH="152"
                          VPOS="284"
                          HPOS="153"
                          CONTENT="chaque"/>
                  <SP HEIGHT="59" WIDTH="15" VPOS="284" HPOS="305"/>
                  <String HEIGHT="59"
                          WIDTH="182"
                          VPOS="284"
                          HPOS="259"
                          CONTENT="section."/>
                  <SP HEIGHT="59" WIDTH="15" VPOS="284" HPOS="442"/>
                  <String HEIGHT="59" WIDTH="91" VPOS="284" HPOS="396" CONTENT="un"/>
                  <SP HEIGHT="59" WIDTH="15" VPOS="284" HPOS="487"/>
                  <String HEIGHT="59"
                          WIDTH="122"
                          VPOS="284"
                          HPOS="442"
                          CONTENT="jury"/>
                  <SP HEIGHT="59" WIDTH="15" VPOS="284" HPOS="563"/>
                  <String HEIGHT="59"
                          WIDTH="274"
                          VPOS="284"
                          HPOS="518"
                          CONTENT="international,"/>
                  <SP HEIGHT="59" WIDTH="15" VPOS="284" HPOS="791"/>
                  <String HEIGHT="59"
                          WIDTH="167"
                          VPOS="284"
                          HPOS="746"
                          CONTENT="composé"/>
                  <SP HEIGHT="59" WIDTH="15" VPOS="284" HPOS="913"/>
                  <String HEIGHT="59" WIDTH="91" VPOS="284" HPOS="867" CONTENT="de"/>
                  <SP HEIGHT="59" WIDTH="15" VPOS="284" HPOS="959"/>
                  <String HEIGHT="59"
                          WIDTH="91"
                          VPOS="284"
                          HPOS="898"
                          CONTENT="per"
                          SUBS_TYPE="HypPart1"
                          SUBS_CONTENT="personnalités"/>
                  <HYP CONTENT="-"/>
               </TextLine>
               <TextLine ID="tl_4"
                         BASELINE="378"
                         HEIGHT="52"
                         WIDTH="902"
                         VPOS="326"
                         HPOS="88">
                  <String HEIGHT="52"
                          WIDTH="204"
                          VPOS="326"
                          HPOS="73"
                          CONTENT="sonnalités"
                          SUBS_TYPE="HypPart2"
                          SUBS_CONTENT="personnalités"/>
                  <SP HEIGHT="52" WIDTH="15" VPOS="326" HPOS="277"/>
                  <String HEIGHT="52"
                          WIDTH="160"
                          VPOS="326"
                          HPOS="233"
                          CONTENT="nommées"/>
                  <SP HEIGHT="52" WIDTH="15" VPOS="326" HPOS="394"/>
                  <String HEIGHT="52" WIDTH="102" VPOS="326" HPOS="350" CONTENT="par"/>
                  <SP HEIGHT="52" WIDTH="15" VPOS="326" HPOS="452"/>
                  <String HEIGHT="52" WIDTH="87" VPOS="326" HPOS="408" CONTENT="le"/>
                  <SP HEIGHT="52" WIDTH="15" VPOS="326" HPOS="495"/>
                  <String HEIGHT="52"
                          WIDTH="160"
                          VPOS="326"
                          HPOS="452"
                          CONTENT="Conseil"/>
                  <SP HEIGHT="52" WIDTH="15" VPOS="326" HPOS="612"/>
                  <String HEIGHT="52"
                          WIDTH="306"
                          VPOS="326"
                          HPOS="568"
                          CONTENT="d’Administration,"/>
                  <SP HEIGHT="52" WIDTH="15" VPOS="326" HPOS="874"/>
                  <String HEIGHT="52" WIDTH="87" VPOS="326" HPOS="830" CONTENT="se"/>
                  <SP HEIGHT="52" WIDTH="15" VPOS="326" HPOS="917"/>
                  <String HEIGHT="52"
                          WIDTH="131"
                          VPOS="326"
                          HPOS="859"
                          CONTENT="réunira"/>
               </TextLine>
               <TextLine ID="tl_5"
                         BASELINE="407"
                         HEIGHT="50"
                         WIDTH="901"
                         VPOS="357"
                         HPOS="88">
                  <String HEIGHT="50"
                          WIDTH="165"
                          VPOS="357"
                          HPOS="73"
                          CONTENT="pendant"/>
                  <SP HEIGHT="50" WIDTH="15" VPOS="357" HPOS="238"/>
                  <String HEIGHT="50" WIDTH="90" VPOS="357" HPOS="193" CONTENT="la"/>
                  <SP HEIGHT="50" WIDTH="15" VPOS="357" HPOS="283"/>
                  <String HEIGHT="50"
                          WIDTH="180"
                          VPOS="357"
                          HPOS="238"
                          CONTENT="Biennale"/>
                  <SP HEIGHT="50" WIDTH="15" VPOS="357" HPOS="418"/>
                  <String HEIGHT="50" WIDTH="90" VPOS="357" HPOS="373" CONTENT="et"/>
                  <SP HEIGHT="50" WIDTH="15" VPOS="357" HPOS="463"/>
                  <String HEIGHT="50"
                          WIDTH="210"
                          VPOS="357"
                          HPOS="418"
                          CONTENT="attribuera"/>
                  <SP HEIGHT="50" WIDTH="15" VPOS="357" HPOS="629"/>
                  <String HEIGHT="50" WIDTH="105" VPOS="357" HPOS="584" CONTENT="des"/>
                  <SP HEIGHT="50" WIDTH="15" VPOS="357" HPOS="689"/>
                  <String HEIGHT="50"
                          WIDTH="165"
                          VPOS="357"
                          HPOS="644"
                          CONTENT="bourses"/>
                  <SP HEIGHT="50" WIDTH="15" VPOS="357" HPOS="809"/>
                  <String HEIGHT="50" WIDTH="90" VPOS="357" HPOS="764" CONTENT="et"/>
                  <SP HEIGHT="50" WIDTH="15" VPOS="357" HPOS="854"/>
                  <String HEIGHT="50"
                          WIDTH="195"
                          VPOS="357"
                          HPOS="794"
                          CONTENT="récompenses"/>
               </TextLine>
               <TextLine ID="tl_6"
                         BASELINE="443"
                         HEIGHT="48"
                         WIDTH="905"
                         VPOS="395"
                         HPOS="85">
                  <String HEIGHT="48"
                          WIDTH="178"
                          VPOS="395"
                          HPOS="71"
                          CONTENT="destinées"/>
                  <SP HEIGHT="48" WIDTH="14" VPOS="395" HPOS="250"/>
                  <String HEIGHT="48" WIDTH="96" VPOS="395" HPOS="208" CONTENT="aux"/>
                  <SP HEIGHT="48" WIDTH="14" VPOS="395" HPOS="304"/>
                  <String HEIGHT="48"
                          WIDTH="165"
                          VPOS="395"
                          HPOS="263"
                          CONTENT="artistes"/>
                  <SP HEIGHT="48" WIDTH="14" VPOS="395" HPOS="428"/>
                  <String HEIGHT="48"
                          WIDTH="178"
                          VPOS="395"
                          HPOS="387"
                          CONTENT="étrangers"/>
                  <SP HEIGHT="48" WIDTH="14" VPOS="395" HPOS="565"/>
                  <String HEIGHT="48" WIDTH="82" VPOS="395" HPOS="524" CONTENT="et"/>
                  <SP HEIGHT="48" WIDTH="14" VPOS="395" HPOS="606"/>
                  <String HEIGHT="48"
                          WIDTH="178"
                          VPOS="395"
                          HPOS="565"
                          CONTENT="français."/>
                  <SP HEIGHT="48" WIDTH="14" VPOS="395" HPOS="743"/>
                  <String HEIGHT="48" WIDTH="82" VPOS="395" HPOS="702" CONTENT="Ce"/>
                  <SP HEIGHT="48" WIDTH="14" VPOS="395" HPOS="784"/>
                  <String HEIGHT="48"
                          WIDTH="110"
                          VPOS="395"
                          HPOS="743"
                          CONTENT="jury"/>
                  <SP HEIGHT="48" WIDTH="14" VPOS="395" HPOS="853"/>
                  <String HEIGHT="48"
                          WIDTH="110"
                          VPOS="395"
                          HPOS="812"
                          CONTENT="sera"/>
                  <SP HEIGHT="48" WIDTH="14" VPOS="395" HPOS="921"/>
                  <String HEIGHT="48"
                          WIDTH="123"
                          VPOS="395"
                          HPOS="867"
                          CONTENT="composé"/>
               </TextLine>
               <TextLine ID="tl_7"
                         BASELINE="480"
                         HEIGHT="51"
                         WIDTH="902"
                         VPOS="429"
                         HPOS="84">
                  <String HEIGHT="51" WIDTH="131" VPOS="429" HPOS="68" CONTENT="d’au"/>
                  <SP HEIGHT="51" WIDTH="16" VPOS="429" HPOS="199"/>
                  <String HEIGHT="51"
                          WIDTH="148"
                          VPOS="429"
                          HPOS="150"
                          CONTENT="moins"/>
                  <SP HEIGHT="51" WIDTH="16" VPOS="429" HPOS="297"/>
                  <String HEIGHT="51"
                          WIDTH="131"
                          VPOS="429"
                          HPOS="248"
                          CONTENT="deux"/>
                  <SP HEIGHT="51" WIDTH="16" VPOS="429" HPOS="379"/>
                  <String HEIGHT="51"
                          WIDTH="148"
                          VPOS="429"
                          HPOS="330"
                          CONTENT="tiers"/>
                  <SP HEIGHT="51" WIDTH="16" VPOS="429" HPOS="478"/>
                  <String HEIGHT="51" WIDTH="98" VPOS="429" HPOS="428" CONTENT="de"/>
                  <SP HEIGHT="51" WIDTH="16" VPOS="429" HPOS="527"/>
                  <String HEIGHT="51"
                          WIDTH="180"
                          VPOS="429"
                          HPOS="478"
                          CONTENT="membres"/>
                  <SP HEIGHT="51" WIDTH="16" VPOS="429" HPOS="658"/>
                  <String HEIGHT="51"
                          WIDTH="230"
                          VPOS="429"
                          HPOS="609"
                          CONTENT="étrangers."/>
                  <SP HEIGHT="51" WIDTH="16" VPOS="429" HPOS="838"/>
                  <String HEIGHT="51" WIDTH="115" VPOS="429" HPOS="789" CONTENT="Les"/>
                  <SP HEIGHT="51" WIDTH="16" VPOS="429" HPOS="904"/>
                  <String HEIGHT="51"
                          WIDTH="148"
                          VPOS="429"
                          HPOS="838"
                          CONTENT="commis"
                          SUBS_TYPE="HypPart1"
                          SUBS_CONTENT="commissaires"/>
                  <HYP CONTENT="-"/>
               </TextLine>
               <TextLine ID="tl_8"
                         BASELINE="511"
                         HEIGHT="51"
                         WIDTH="902"
                         VPOS="460"
                         HPOS="84">
                  <String HEIGHT="51"
                          WIDTH="145"
                          VPOS="460"
                          HPOS="69"
                          CONTENT="saires"
                          SUBS_TYPE="HypPart2"
                          SUBS_CONTENT="commissaires"/>
                  <SP HEIGHT="51" WIDTH="15" VPOS="460" HPOS="215"/>
                  <String HEIGHT="51"
                          WIDTH="175"
                          VPOS="460"
                          HPOS="171"
                          CONTENT="généraux"/>
                  <SP HEIGHT="51" WIDTH="15" VPOS="460" HPOS="346"/>
                  <String HEIGHT="51" WIDTH="87" VPOS="460" HPOS="302" CONTENT="de"/>
                  <SP HEIGHT="51" WIDTH="15" VPOS="460" HPOS="390"/>
                  <String HEIGHT="51"
                          WIDTH="145"
                          VPOS="460"
                          HPOS="346"
                          CONTENT="chaque"/>
                  <SP HEIGHT="51" WIDTH="15" VPOS="460" HPOS="491"/>
                  <String HEIGHT="51"
                          WIDTH="116"
                          VPOS="460"
                          HPOS="448"
                          CONTENT="pays"/>
                  <SP HEIGHT="51" WIDTH="15" VPOS="460" HPOS="564"/>
                  <String HEIGHT="51" WIDTH="87" VPOS="460" HPOS="520" CONTENT="ne"/>
                  <SP HEIGHT="51" WIDTH="15" VPOS="460" HPOS="608"/>
                  <String HEIGHT="51"
                          WIDTH="175"
                          VPOS="460"
                          HPOS="564"
                          CONTENT="pourront"/>
                  <SP HEIGHT="51" WIDTH="15" VPOS="460" HPOS="739"/>
                  <String HEIGHT="51" WIDTH="102" VPOS="460" HPOS="695" CONTENT="pas"/>
                  <SP HEIGHT="51" WIDTH="15" VPOS="460" HPOS="797"/>
                  <String HEIGHT="51"
                          WIDTH="131"
                          VPOS="460"
                          HPOS="753"
                          CONTENT="faire"/>
                  <SP HEIGHT="51" WIDTH="15" VPOS="460" HPOS="884"/>
                  <String HEIGHT="51"
                          WIDTH="145"
                          VPOS="460"
                          HPOS="841"
                          CONTENT="partie"/>
                  <SP HEIGHT="51" WIDTH="15" VPOS="460" HPOS="986"/>
                  <String HEIGHT="51" WIDTH="58" VPOS="460" HPOS="928" CONTENT="du"/>
               </TextLine>
               <TextLine ID="tl_9"
                         BASELINE="551"
                         HEIGHT="66"
                         WIDTH="908"
                         VPOS="485"
                         HPOS="81">
                  <String HEIGHT="66"
                          WIDTH="126"
                          VPOS="485"
                          HPOS="67"
                          CONTENT="jury."/>
                  <SP HEIGHT="66" WIDTH="14" VPOS="485" HPOS="193"/>
                  <String HEIGHT="66" WIDTH="84" VPOS="485" HPOS="151" CONTENT="Le"/>
                  <SP HEIGHT="66" WIDTH="14" VPOS="485" HPOS="235"/>
                  <String HEIGHT="66"
                          WIDTH="154"
                          VPOS="485"
                          HPOS="193"
                          CONTENT="nombre,"/>
                  <SP HEIGHT="66" WIDTH="14" VPOS="485" HPOS="346"/>
                  <String HEIGHT="66" WIDTH="84" VPOS="485" HPOS="305" CONTENT="la"/>
                  <SP HEIGHT="66" WIDTH="14" VPOS="485" HPOS="388"/>
                  <String HEIGHT="66"
                          WIDTH="210"
                          VPOS="485"
                          HPOS="346"
                          CONTENT="répartition"/>
                  <SP HEIGHT="66" WIDTH="14" VPOS="485" HPOS="556"/>
                  <String HEIGHT="66" WIDTH="84" VPOS="485" HPOS="514" CONTENT="et"/>
                  <SP HEIGHT="66" WIDTH="14" VPOS="485" HPOS="598"/>
                  <String HEIGHT="66" WIDTH="84" VPOS="485" HPOS="556" CONTENT="le"/>
                  <SP HEIGHT="66" WIDTH="14" VPOS="485" HPOS="640"/>
                  <String HEIGHT="66"
                          WIDTH="154"
                          VPOS="485"
                          HPOS="598"
                          CONTENT="montant"/>
                  <SP HEIGHT="66" WIDTH="14" VPOS="485" HPOS="752"/>
                  <String HEIGHT="66" WIDTH="98" VPOS="485" HPOS="710" CONTENT="des"/>
                  <SP HEIGHT="66" WIDTH="14" VPOS="485" HPOS="807"/>
                  <String HEIGHT="66"
                          WIDTH="168"
                          VPOS="485"
                          HPOS="765"
                          CONTENT="bourses."/>
                  <SP HEIGHT="66" WIDTH="14" VPOS="485" HPOS="933"/>
                  <String HEIGHT="66"
                          WIDTH="112"
                          VPOS="485"
                          HPOS="877"
                          CONTENT="seront"/>
               </TextLine>
               <TextLine ID="tl_10"
                         BASELINE="564"
                         HEIGHT="39"
                         WIDTH="297"
                         VPOS="525"
                         HPOS="80">
                  <String HEIGHT="39"
                          WIDTH="127"
                          VPOS="525"
                          HPOS="66"
                          CONTENT="fixés"/>
                  <SP HEIGHT="39" WIDTH="14" VPOS="525" HPOS="193"/>
                  <String HEIGHT="39"
                          WIDTH="240"
                          VPOS="525"
                          HPOS="137"
                          CONTENT="ultérieurement."/>
               </TextLine>
            </TextBlock>
            <TextBlock ID="r_2_3" HEIGHT="141" WIDTH="898" VPOS="564" HPOS="82">
               <Shape>
                  <Polygon POINTS="82,564 980,564 980,705 82,705"/>
               </Shape>
               <TextLine ID="tl_11"
                         BASELINE="621"
                         HEIGHT="60"
                         WIDTH="905"
                         VPOS="561"
                         HPOS="81">
                  <String HEIGHT="60" WIDTH="109" VPOS="561" HPOS="65" CONTENT="Les"/>
                  <SP HEIGHT="60" WIDTH="16" VPOS="561" HPOS="175"/>
                  <String HEIGHT="60"
                          WIDTH="172"
                          VPOS="561"
                          HPOS="128"
                          CONTENT="bourses"/>
                  <SP HEIGHT="60" WIDTH="16" VPOS="561" HPOS="299"/>
                  <String HEIGHT="60"
                          WIDTH="203"
                          VPOS="561"
                          HPOS="253"
                          CONTENT="destinées"/>
                  <SP HEIGHT="60" WIDTH="16" VPOS="561" HPOS="455"/>
                  <String HEIGHT="60" WIDTH="109" VPOS="561" HPOS="409" CONTENT="aux"/>
                  <SP HEIGHT="60" WIDTH="16" VPOS="561" HPOS="518"/>
                  <String HEIGHT="60"
                          WIDTH="203"
                          VPOS="561"
                          HPOS="471"
                          CONTENT="étrangers"/>
                  <SP HEIGHT="60" WIDTH="16" VPOS="561" HPOS="674"/>
                  <String HEIGHT="60"
                          WIDTH="156"
                          VPOS="561"
                          HPOS="627"
                          CONTENT="seront"/>
                  <SP HEIGHT="60" WIDTH="16" VPOS="561" HPOS="783"/>
                  <String HEIGHT="60"
                          WIDTH="218"
                          VPOS="561"
                          HPOS="736"
                          CONTENT="attribuées"/>
                  <SP HEIGHT="60" WIDTH="16" VPOS="561" HPOS="955"/>
                  <String HEIGHT="60" WIDTH="94" VPOS="561" HPOS="892" CONTENT="sans"/>
               </TextLine>
               <TextLine ID="tl_12"
                         BASELINE="651"
                         HEIGHT="48"
                         WIDTH="903"
                         VPOS="603"
                         HPOS="78">
                  <String HEIGHT="48"
                          WIDTH="129"
                          VPOS="603"
                          HPOS="64"
                          CONTENT="tenir"/>
                  <SP HEIGHT="48" WIDTH="14" VPOS="603" HPOS="193"/>
                  <String HEIGHT="48"
                          WIDTH="143"
                          VPOS="603"
                          HPOS="150"
                          CONTENT="compte"/>
                  <SP HEIGHT="48" WIDTH="14" VPOS="603" HPOS="293"/>
                  <String HEIGHT="48"
                          WIDTH="129"
                          VPOS="603"
                          HPOS="250"
                          CONTENT="d’une"/>
                  <SP HEIGHT="48" WIDTH="14" VPOS="603" HPOS="379"/>
                  <String HEIGHT="48"
                          WIDTH="215"
                          VPOS="603"
                          HPOS="336"
                          CONTENT="répartition"/>
                  <SP HEIGHT="48" WIDTH="14" VPOS="603" HPOS="551"/>
                  <String HEIGHT="48" WIDTH="100" VPOS="603" HPOS="508" CONTENT="par"/>
                  <SP HEIGHT="48" WIDTH="14" VPOS="603" HPOS="608"/>
                  <String HEIGHT="48"
                          WIDTH="229"
                          VPOS="603"
                          HPOS="565"
                          CONTENT="nationalité;"/>
                  <SP HEIGHT="48" WIDTH="14" VPOS="603" HPOS="795"/>
                  <String HEIGHT="48" WIDTH="86" VPOS="603" HPOS="752" CONTENT="il"/>
                  <SP HEIGHT="48" WIDTH="14" VPOS="603" HPOS="838"/>
                  <String HEIGHT="48" WIDTH="100" VPOS="603" HPOS="795" CONTENT="n’y"/>
                  <SP HEIGHT="48" WIDTH="14" VPOS="603" HPOS="895"/>
                  <String HEIGHT="48"
                          WIDTH="115"
                          VPOS="603"
                          HPOS="852"
                          CONTENT="aura"/>
                  <SP HEIGHT="48" WIDTH="14" VPOS="603" HPOS="967"/>
                  <String HEIGHT="48" WIDTH="72" VPOS="603" HPOS="909" CONTENT="nul"/>
               </TextLine>
               <TextLine ID="tl_13"
                         BASELINE="686"
                         HEIGHT="55"
                         WIDTH="904"
                         VPOS="631"
                         HPOS="78">
                  <String HEIGHT="55"
                          WIDTH="241"
                          VPOS="631"
                          HPOS="63"
                          CONTENT="inconvénient"/>
                  <SP HEIGHT="55" WIDTH="15" VPOS="631" HPOS="304"/>
                  <String HEIGHT="55" WIDTH="75" VPOS="631" HPOS="259" CONTENT="à"/>
                  <SP HEIGHT="55" WIDTH="15" VPOS="631" HPOS="334"/>
                  <String HEIGHT="55" WIDTH="90" VPOS="631" HPOS="289" CONTENT="ce"/>
                  <SP HEIGHT="55" WIDTH="15" VPOS="631" HPOS="379"/>
                  <String HEIGHT="55"
                          WIDTH="151"
                          VPOS="631"
                          HPOS="334"
                          CONTENT="qu’une"/>
                  <SP HEIGHT="55" WIDTH="15" VPOS="631" HPOS="485"/>
                  <String HEIGHT="55"
                          WIDTH="121"
                          VPOS="631"
                          HPOS="440"
                          CONTENT="même"/>
                  <SP HEIGHT="55" WIDTH="15" VPOS="631" HPOS="560"/>
                  <String HEIGHT="55"
                          WIDTH="256"
                          VPOS="631"
                          HPOS="515"
                          CONTENT="participation"/>
                  <SP HEIGHT="55" WIDTH="15" VPOS="631" HPOS="771"/>
                  <String HEIGHT="55"
                          WIDTH="196"
                          VPOS="631"
                          HPOS="726"
                          CONTENT="étrangère"/>
                  <SP HEIGHT="55" WIDTH="15" VPOS="631" HPOS="922"/>
                  <String HEIGHT="55"
                          WIDTH="121"
                          VPOS="631"
                          HPOS="861"
                          CONTENT="compte"/>
               </TextLine>
               <TextLine ID="tl_14"
                         BASELINE="712"
                         HEIGHT="51"
                         WIDTH="261"
                         VPOS="661"
                         HPOS="78">
                  <String HEIGHT="51"
                          WIDTH="179"
                          VPOS="661"
                          HPOS="64"
                          CONTENT="plusieurs"/>
                  <SP HEIGHT="51" WIDTH="14" VPOS="661" HPOS="243"/>
                  <String HEIGHT="51"
                          WIDTH="151"
                          VPOS="661"
                          HPOS="188"
                          CONTENT="lauréats."/>
               </TextLine>
            </TextBlock>
            <TextBlock ID="r_2_4" HEIGHT="220" WIDTH="900" VPOS="711" HPOS="76">
               <Shape>
                  <Polygon POINTS="76,711 976,711 976,931 76,931"/>
               </Shape>
               <TextLine ID="tl_15"
                         BASELINE="767"
                         HEIGHT="57"
                         WIDTH="903"
                         VPOS="710"
                         HPOS="78">
                  <String HEIGHT="57" WIDTH="102" VPOS="710" HPOS="63" CONTENT="Les"/>
                  <SP HEIGHT="57" WIDTH="15" VPOS="710" HPOS="165"/>
                  <String HEIGHT="57"
                          WIDTH="175"
                          VPOS="710"
                          HPOS="122"
                          CONTENT="artistes"/>
                  <SP HEIGHT="57" WIDTH="15" VPOS="710" HPOS="296"/>
                  <String HEIGHT="57"
                          WIDTH="131"
                          VPOS="710"
                          HPOS="253"
                          CONTENT="ayant"/>
                  <SP HEIGHT="57" WIDTH="15" VPOS="710" HPOS="384"/>
                  <String HEIGHT="57"
                          WIDTH="146"
                          VPOS="710"
                          HPOS="340"
                          CONTENT="obtenu"/>
                  <SP HEIGHT="57" WIDTH="15" VPOS="710" HPOS="486"/>
                  <String HEIGHT="57"
                          WIDTH="117"
                          VPOS="710"
                          HPOS="442"
                          CONTENT="hors"/>
                  <SP HEIGHT="57" WIDTH="15" VPOS="710" HPOS="559"/>
                  <String HEIGHT="57" WIDTH="87" VPOS="710" HPOS="515" CONTENT="de"/>
                  <SP HEIGHT="57" WIDTH="15" VPOS="710" HPOS="602"/>
                  <String HEIGHT="57" WIDTH="87" VPOS="710" HPOS="559" CONTENT="la"/>
                  <SP HEIGHT="57" WIDTH="15" VPOS="710" HPOS="646"/>
                  <String HEIGHT="57"
                          WIDTH="175"
                          VPOS="710"
                          HPOS="602"
                          CONTENT="Biennale"/>
                  <SP HEIGHT="57" WIDTH="15" VPOS="710" HPOS="777"/>
                  <String HEIGHT="57" WIDTH="102" VPOS="710" HPOS="733" CONTENT="des"/>
                  <SP HEIGHT="57" WIDTH="15" VPOS="710" HPOS="835"/>
                  <String HEIGHT="57"
                          WIDTH="204"
                          VPOS="710"
                          HPOS="777"
                          CONTENT="distinctions"/>
               </TextLine>
               <TextLine ID="tl_16"
                         BASELINE="805"
                         HEIGHT="63"
                         WIDTH="902"
                         VPOS="742"
                         HPOS="76">
                  <String HEIGHT="63"
                          WIDTH="214"
                          VPOS="742"
                          HPOS="61"
                          CONTENT="nationales"/>
                  <SP HEIGHT="63" WIDTH="15" VPOS="742" HPOS="275"/>
                  <String HEIGHT="63" WIDTH="92" VPOS="742" HPOS="229" CONTENT="ou"/>
                  <SP HEIGHT="63" WIDTH="15" VPOS="742" HPOS="321"/>
                  <String HEIGHT="63"
                          WIDTH="306"
                          VPOS="742"
                          HPOS="275"
                          CONTENT="internationales,"/>
                  <SP HEIGHT="63" WIDTH="15" VPOS="742" HPOS="581"/>
                  <String HEIGHT="63" WIDTH="92" VPOS="742" HPOS="535" CONTENT="ou"/>
                  <SP HEIGHT="63" WIDTH="15" VPOS="742" HPOS="626"/>
                  <String HEIGHT="63"
                          WIDTH="138"
                          VPOS="742"
                          HPOS="581"
                          CONTENT="ayant"/>
                  <SP HEIGHT="63" WIDTH="15" VPOS="742" HPOS="718"/>
                  <String HEIGHT="63"
                          WIDTH="153"
                          VPOS="742"
                          HPOS="672"
                          CONTENT="acquis"/>
                  <SP HEIGHT="63" WIDTH="15" VPOS="742" HPOS="825"/>
                  <String HEIGHT="63" WIDTH="107" VPOS="742" HPOS="779" CONTENT="une"/>
                  <SP HEIGHT="63" WIDTH="15" VPOS="742" HPOS="886"/>
                  <String HEIGHT="63"
                          WIDTH="153"
                          VPOS="742"
                          HPOS="825"
                          CONTENT="certaine"/>
               </TextLine>
               <TextLine ID="tl_17"
                         BASELINE="837"
                         HEIGHT="62"
                         WIDTH="904"
                         VPOS="775"
                         HPOS="74">
                  <String HEIGHT="62"
                          WIDTH="207"
                          VPOS="775"
                          HPOS="59"
                          CONTENT="notoriété,"/>
                  <SP HEIGHT="62" WIDTH="15" VPOS="775" HPOS="267"/>
                  <String HEIGHT="62" WIDTH="89" VPOS="775" HPOS="222" CONTENT="ne"/>
                  <SP HEIGHT="62" WIDTH="15" VPOS="775" HPOS="311"/>
                  <String HEIGHT="62"
                          WIDTH="148"
                          VPOS="775"
                          HPOS="267"
                          CONTENT="seront"/>
                  <SP HEIGHT="62" WIDTH="15" VPOS="775" HPOS="415"/>
                  <String HEIGHT="62" WIDTH="104" VPOS="775" HPOS="370" CONTENT="pas"/>
                  <SP HEIGHT="62" WIDTH="15" VPOS="775" HPOS="474"/>
                  <String HEIGHT="62"
                          WIDTH="148"
                          VPOS="775"
                          HPOS="430"
                          CONTENT="exclus"/>
                  <SP HEIGHT="62" WIDTH="15" VPOS="775" HPOS="578"/>
                  <String HEIGHT="62" WIDTH="89" VPOS="775" HPOS="533" CONTENT="de"/>
                  <SP HEIGHT="62" WIDTH="15" VPOS="775" HPOS="622"/>
                  <String HEIGHT="62" WIDTH="89" VPOS="775" HPOS="578" CONTENT="la"/>
                  <SP HEIGHT="62" WIDTH="15" VPOS="775" HPOS="667"/>
                  <String HEIGHT="62"
                          WIDTH="237"
                          VPOS="775"
                          HPOS="622"
                          CONTENT="compétition."/>
                  <SP HEIGHT="62" WIDTH="15" VPOS="775" HPOS="859"/>
                  <String HEIGHT="62"
                          WIDTH="178"
                          VPOS="775"
                          HPOS="800"
                          CONTENT="Cependant."/>
               </TextLine>
               <TextLine ID="tl_18"
                         BASELINE="872"
                         HEIGHT="64"
                         WIDTH="903"
                         VPOS="808"
                         HPOS="75">
                  <String HEIGHT="64" WIDTH="107" VPOS="808" HPOS="60" CONTENT="les"/>
                  <SP HEIGHT="64" WIDTH="15" VPOS="808" HPOS="167"/>
                  <String HEIGHT="64"
                          WIDTH="184"
                          VPOS="808"
                          HPOS="121"
                          CONTENT="artistes"/>
                  <SP HEIGHT="64" WIDTH="15" VPOS="808" HPOS="305"/>
                  <String HEIGHT="64"
                          WIDTH="138"
                          VPOS="808"
                          HPOS="259"
                          CONTENT="ayant"/>
                  <SP HEIGHT="64" WIDTH="15" VPOS="808" HPOS="396"/>
                  <String HEIGHT="64"
                          WIDTH="199"
                          VPOS="808"
                          HPOS="350"
                          CONTENT="bénéficié"/>
                  <SP HEIGHT="64" WIDTH="15" VPOS="808" HPOS="549"/>
                  <String HEIGHT="64" WIDTH="92" VPOS="808" HPOS="504" CONTENT="de"/>
                  <SP HEIGHT="64" WIDTH="15" VPOS="808" HPOS="595"/>
                  <String HEIGHT="64"
                          WIDTH="168"
                          VPOS="808"
                          HPOS="549"
                          CONTENT="bourses"/>
                  <SP HEIGHT="64" WIDTH="15" VPOS="808" HPOS="718"/>
                  <String HEIGHT="64" WIDTH="92" VPOS="808" HPOS="672" CONTENT="ou"/>
                  <SP HEIGHT="64" WIDTH="15" VPOS="808" HPOS="764"/>
                  <String HEIGHT="64" WIDTH="92" VPOS="808" HPOS="718" CONTENT="de"/>
                  <SP HEIGHT="64" WIDTH="15" VPOS="808" HPOS="810"/>
                  <String HEIGHT="64"
                          WIDTH="230"
                          VPOS="808"
                          HPOS="764"
                          CONTENT="récompenses"/>
                  <SP HEIGHT="64" WIDTH="15" VPOS="808" HPOS="993"/>
                  <String HEIGHT="64" WIDTH="46" VPOS="808" HPOS="932" CONTENT="à"/>
               </TextLine>
               <TextLine ID="tl_19"
                         BASELINE="907"
                         HEIGHT="67"
                         WIDTH="905"
                         VPOS="840"
                         HPOS="73">
                  <String HEIGHT="67"
                          WIDTH="136"
                          VPOS="840"
                          HPOS="58"
                          CONTENT="l’une"/>
                  <SP HEIGHT="67" WIDTH="15" VPOS="840" HPOS="194"/>
                  <String HEIGHT="67" WIDTH="106" VPOS="840" HPOS="148" CONTENT="des"/>
                  <SP HEIGHT="67" WIDTH="15" VPOS="840" HPOS="254"/>
                  <String HEIGHT="67"
                          WIDTH="226"
                          VPOS="840"
                          HPOS="209"
                          CONTENT="précédentes"/>
                  <SP HEIGHT="67" WIDTH="15" VPOS="840" HPOS="435"/>
                  <String HEIGHT="67"
                          WIDTH="196"
                          VPOS="840"
                          HPOS="390"
                          CONTENT="Biennales"/>
                  <SP HEIGHT="67" WIDTH="15" VPOS="840" HPOS="586"/>
                  <String HEIGHT="67" WIDTH="91" VPOS="840" HPOS="541" CONTENT="de"/>
                  <SP HEIGHT="67" WIDTH="15" VPOS="840" HPOS="631"/>
                  <String HEIGHT="67"
                          WIDTH="136"
                          VPOS="840"
                          HPOS="586"
                          CONTENT="Paris"/>
                  <SP HEIGHT="67" WIDTH="15" VPOS="840" HPOS="722"/>
                  <String HEIGHT="67" WIDTH="91" VPOS="840" HPOS="676" CONTENT="ne"/>
                  <SP HEIGHT="67" WIDTH="15" VPOS="840" HPOS="767"/>
                  <String HEIGHT="67"
                          WIDTH="181"
                          VPOS="840"
                          HPOS="722"
                          CONTENT="pourront"/>
                  <SP HEIGHT="67" WIDTH="15" VPOS="840" HPOS="903"/>
                  <String HEIGHT="67"
                          WIDTH="136"
                          VPOS="840"
                          HPOS="842"
                          CONTENT="obtenir"/>
               </TextLine>
               <TextLine ID="tl_20"
                         BASELINE="934"
                         HEIGHT="55"
                         WIDTH="767"
                         VPOS="879"
                         HPOS="71">
                  <String HEIGHT="55" WIDTH="112" VPOS="879" HPOS="55" CONTENT="une"/>
                  <SP HEIGHT="55" WIDTH="16" VPOS="879" HPOS="167"/>
                  <String HEIGHT="55"
                          WIDTH="160"
                          VPOS="879"
                          HPOS="119"
                          CONTENT="bourse"/>
                  <SP HEIGHT="55" WIDTH="16" VPOS="879" HPOS="279"/>
                  <String HEIGHT="55" WIDTH="96" VPOS="879" HPOS="231" CONTENT="ou"/>
                  <SP HEIGHT="55" WIDTH="16" VPOS="879" HPOS="327"/>
                  <String HEIGHT="55"
                          WIDTH="224"
                          VPOS="879"
                          HPOS="279"
                          CONTENT="récompense"/>
                  <SP HEIGHT="55" WIDTH="16" VPOS="879" HPOS="502"/>
                  <String HEIGHT="55"
                          WIDTH="128"
                          VPOS="879"
                          HPOS="455"
                          CONTENT="dans"/>
                  <SP HEIGHT="55" WIDTH="16" VPOS="879" HPOS="582"/>
                  <String HEIGHT="55" WIDTH="96" VPOS="879" HPOS="534" CONTENT="la"/>
                  <SP HEIGHT="55" WIDTH="16" VPOS="879" HPOS="630"/>
                  <String HEIGHT="55"
                          WIDTH="128"
                          VPOS="879"
                          HPOS="582"
                          CONTENT="même"/>
                  <SP HEIGHT="55" WIDTH="16" VPOS="879" HPOS="710"/>
                  <String HEIGHT="55"
                          WIDTH="192"
                          VPOS="879"
                          HPOS="646"
                          CONTENT="technique."/>
               </TextLine>
            </TextBlock>
            <TextBlock ID="r_2_5" HEIGHT="89" WIDTH="895" VPOS="923" HPOS="75">
               <Shape>
                  <Polygon POINTS="75,923 970,923 970,1012 75,1012"/>
               </Shape>
               <TextLine ID="tl_21"
                         BASELINE="984"
                         HEIGHT="70"
                         WIDTH="903"
                         VPOS="914"
                         HPOS="72">
                  <String HEIGHT="70" WIDTH="107" VPOS="914" HPOS="57" CONTENT="Les"/>
                  <SP HEIGHT="70" WIDTH="15" VPOS="914" HPOS="164"/>
                  <String HEIGHT="70"
                          WIDTH="168"
                          VPOS="914"
                          HPOS="118"
                          CONTENT="bourses"/>
                  <SP HEIGHT="70" WIDTH="15" VPOS="914" HPOS="286"/>
                  <String HEIGHT="70"
                          WIDTH="122"
                          VPOS="914"
                          HPOS="240"
                          CONTENT="sont"/>
                  <SP HEIGHT="70" WIDTH="15" VPOS="914" HPOS="363"/>
                  <String HEIGHT="70"
                          WIDTH="199"
                          VPOS="914"
                          HPOS="317"
                          CONTENT="accordées"/>
                  <SP HEIGHT="70" WIDTH="15" VPOS="914" HPOS="516"/>
                  <String HEIGHT="70" WIDTH="107" VPOS="914" HPOS="470" CONTENT="aux"/>
                  <SP HEIGHT="70" WIDTH="15" VPOS="914" HPOS="577"/>
                  <String HEIGHT="70"
                          WIDTH="184"
                          VPOS="914"
                          HPOS="531"
                          CONTENT="lauréats"/>
                  <SP HEIGHT="70" WIDTH="15" VPOS="914" HPOS="715"/>
                  <String HEIGHT="70"
                          WIDTH="199"
                          VPOS="914"
                          HPOS="669"
                          CONTENT="étrangers"/>
                  <SP HEIGHT="70" WIDTH="15" VPOS="914" HPOS="868"/>
                  <String HEIGHT="70"
                          WIDTH="122"
                          VPOS="914"
                          HPOS="822"
                          CONTENT="pour"/>
                  <SP HEIGHT="70" WIDTH="15" VPOS="914" HPOS="944"/>
                  <String HEIGHT="70" WIDTH="92" VPOS="914" HPOS="883" CONTENT="leur"/>
               </TextLine>
               <TextLine ID="tl_22"
                         BASELINE="1012"
                         HEIGHT="53"
                         WIDTH="822"
                         VPOS="959"
                         HPOS="71">
                  <String HEIGHT="53"
                          WIDTH="187"
                          VPOS="959"
                          HPOS="57"
                          CONTENT="permettre"/>
                  <SP HEIGHT="53" WIDTH="14" VPOS="959" HPOS="244"/>
                  <String HEIGHT="53" WIDTH="87" VPOS="959" HPOS="201" CONTENT="de"/>
                  <SP HEIGHT="53" WIDTH="14" VPOS="959" HPOS="287"/>
                  <String HEIGHT="53"
                          WIDTH="130"
                          VPOS="959"
                          HPOS="244"
                          CONTENT="faire"/>
                  <SP HEIGHT="53" WIDTH="14" VPOS="959" HPOS="374"/>
                  <String HEIGHT="53" WIDTH="87" VPOS="959" HPOS="331" CONTENT="en"/>
                  <SP HEIGHT="53" WIDTH="14" VPOS="959" HPOS="417"/>
                  <String HEIGHT="53"
                          WIDTH="144"
                          VPOS="959"
                          HPOS="374"
                          CONTENT="France"/>
                  <SP HEIGHT="53" WIDTH="14" VPOS="959" HPOS="518"/>
                  <String HEIGHT="53" WIDTH="87" VPOS="959" HPOS="475" CONTENT="un"/>
                  <SP HEIGHT="53" WIDTH="14" VPOS="959" HPOS="561"/>
                  <String HEIGHT="53"
                          WIDTH="144"
                          VPOS="959"
                          HPOS="518"
                          CONTENT="séjour"/>
                  <SP HEIGHT="53" WIDTH="14" VPOS="959" HPOS="662"/>
                  <String HEIGHT="53" WIDTH="87" VPOS="959" HPOS="619" CONTENT="de"/>
                  <SP HEIGHT="53" WIDTH="14" VPOS="959" HPOS="706"/>
                  <String HEIGHT="53"
                          WIDTH="187"
                          VPOS="959"
                          HPOS="662"
                          CONTENT="plusieurs"/>
                  <SP HEIGHT="53" WIDTH="14" VPOS="959" HPOS="850"/>
                  <String HEIGHT="53"
                          WIDTH="101"
                          VPOS="959"
                          HPOS="792"
                          CONTENT="mois."/>
               </TextLine>
            </TextBlock>
            <TextBlock ID="r_2_6" HEIGHT="192" WIDTH="898" VPOS="1002" HPOS="69">
               <Shape>
                  <Polygon POINTS="69,1002 967,1002 967,1194 69,1194"/>
               </Shape>
               <TextLine ID="tl_23"
                         BASELINE="1067"
                         HEIGHT="74"
                         WIDTH="905"
                         VPOS="993"
                         HPOS="68">
                  <String HEIGHT="74" WIDTH="91" VPOS="993" HPOS="53" CONTENT="Ce"/>
                  <SP HEIGHT="74" WIDTH="15" VPOS="993" HPOS="143"/>
                  <String HEIGHT="74"
                          WIDTH="151"
                          VPOS="993"
                          HPOS="98"
                          CONTENT="séjour"/>
                  <SP HEIGHT="74" WIDTH="15" VPOS="993" HPOS="249"/>
                  <String HEIGHT="74"
                          WIDTH="151"
                          VPOS="993"
                          HPOS="204"
                          CONTENT="pourra"/>
                  <SP HEIGHT="74" WIDTH="15" VPOS="993" HPOS="355"/>
                  <String HEIGHT="74"
                          WIDTH="121"
                          VPOS="993"
                          HPOS="309"
                          CONTENT="être"/>
                  <SP HEIGHT="74" WIDTH="15" VPOS="993" HPOS="430"/>
                  <String HEIGHT="74"
                          WIDTH="181"
                          VPOS="993"
                          HPOS="385"
                          CONTENT="effectué"/>
                  <SP HEIGHT="74" WIDTH="15" VPOS="993" HPOS="566"/>
                  <String HEIGHT="74" WIDTH="91" VPOS="993" HPOS="521" CONTENT="en"/>
                  <SP HEIGHT="74" WIDTH="15" VPOS="993" HPOS="611"/>
                  <String HEIGHT="74" WIDTH="106" VPOS="993" HPOS="566" CONTENT="une"/>
                  <SP HEIGHT="74" WIDTH="15" VPOS="993" HPOS="671"/>
                  <String HEIGHT="74" WIDTH="91" VPOS="993" HPOS="626" CONTENT="ou"/>
                  <SP HEIGHT="74" WIDTH="15" VPOS="993" HPOS="717"/>
                  <String HEIGHT="74"
                          WIDTH="196"
                          VPOS="993"
                          HPOS="671"
                          CONTENT="plusieurs"/>
                  <SP HEIGHT="74" WIDTH="15" VPOS="993" HPOS="867"/>
                  <String HEIGHT="74"
                          WIDTH="136"
                          VPOS="993"
                          HPOS="822"
                          CONTENT="fois."/>
                  <SP HEIGHT="74" WIDTH="15" VPOS="993" HPOS="958"/>
                  <String HEIGHT="74" WIDTH="75" VPOS="993" HPOS="898" CONTENT="Les"/>
               </TextLine>
               <TextLine ID="tl_24"
                         BASELINE="1096"
                         HEIGHT="64"
                         WIDTH="901"
                         VPOS="1032"
                         HPOS="67">
                  <String HEIGHT="64"
                          WIDTH="162"
                          VPOS="1032"
                          HPOS="52"
                          CONTENT="bourses"/>
                  <SP HEIGHT="64" WIDTH="15" VPOS="1032" HPOS="215"/>
                  <String HEIGHT="64"
                          WIDTH="192"
                          VPOS="1032"
                          HPOS="170"
                          CONTENT="resteront"/>
                  <SP HEIGHT="64" WIDTH="15" VPOS="1032" HPOS="362"/>
                  <String HEIGHT="64"
                          WIDTH="177"
                          VPOS="1032"
                          HPOS="318"
                          CONTENT="valables"/>
                  <SP HEIGHT="64" WIDTH="15" VPOS="1032" HPOS="495"/>
                  <String HEIGHT="64"
                          WIDTH="162"
                          VPOS="1032"
                          HPOS="451"
                          CONTENT="jusqu’à"/>
                  <SP HEIGHT="64" WIDTH="15" VPOS="1032" HPOS="614"/>
                  <String HEIGHT="64"
                          WIDTH="266"
                          VPOS="1032"
                          HPOS="569"
                          CONTENT="l’inauguration"/>
                  <SP HEIGHT="64" WIDTH="15" VPOS="1032" HPOS="835"/>
                  <String HEIGHT="64" WIDTH="89" VPOS="1032" HPOS="791" CONTENT="de"/>
                  <SP HEIGHT="64" WIDTH="15" VPOS="1032" HPOS="879"/>
                  <String HEIGHT="64" WIDTH="89" VPOS="1032" HPOS="835" CONTENT="la"/>
                  <SP HEIGHT="64" WIDTH="15" VPOS="1032" HPOS="924"/>
                  <String HEIGHT="64"
                          WIDTH="103"
                          VPOS="1032"
                          HPOS="865"
                          CONTENT="Bien"
                          SUBS_TYPE="HypPart1"
                          SUBS_CONTENT="Biennale"/>
                  <HYP CONTENT="-"/>
               </TextLine>
               <TextLine ID="tl_25"
                         BASELINE="1128"
                         HEIGHT="59"
                         WIDTH="902"
                         VPOS="1069"
                         HPOS="66">
                  <String HEIGHT="59"
                          WIDTH="116"
                          VPOS="1069"
                          HPOS="51"
                          CONTENT="nale"
                          SUBS_TYPE="HypPart2"
                          SUBS_CONTENT="Biennale"/>
                  <SP HEIGHT="59" WIDTH="15" VPOS="1069" HPOS="168"/>
                  <String HEIGHT="59"
                          WIDTH="189"
                          VPOS="1069"
                          HPOS="124"
                          CONTENT="suivante."/>
                  <SP HEIGHT="59" WIDTH="15" VPOS="1069" HPOS="313"/>
                  <String HEIGHT="59"
                          WIDTH="131"
                          VPOS="1069"
                          HPOS="270"
                          CONTENT="Etant"/>
                  <SP HEIGHT="59" WIDTH="15" VPOS="1069" HPOS="401"/>
                  <String HEIGHT="59"
                          WIDTH="160"
                          VPOS="1069"
                          HPOS="357"
                          CONTENT="versées"/>
                  <SP HEIGHT="59" WIDTH="15" VPOS="1069" HPOS="517"/>
                  <String HEIGHT="59"
                          WIDTH="262"
                          VPOS="1069"
                          HPOS="473"
                          CONTENT="mensuellement."/>
                  <SP HEIGHT="59" WIDTH="15" VPOS="1069" HPOS="735"/>
                  <String HEIGHT="59"
                          WIDTH="131"
                          VPOS="1069"
                          HPOS="692"
                          CONTENT="elles"/>
                  <SP HEIGHT="59" WIDTH="15" VPOS="1069" HPOS="823"/>
                  <String HEIGHT="59"
                          WIDTH="175"
                          VPOS="1069"
                          HPOS="779"
                          CONTENT="seraient"/>
                  <SP HEIGHT="59" WIDTH="15" VPOS="1069" HPOS="953"/>
                  <String HEIGHT="59"
                          WIDTH="73"
                          VPOS="1069"
                          HPOS="895"
                          CONTENT="ré"
                          SUBS_TYPE="HypPart1"
                          SUBS_CONTENT="réduites"/>
                  <HYP CONTENT="-"/>
               </TextLine>
               <TextLine ID="tl_26"
                         BASELINE="1164"
                         HEIGHT="67"
                         WIDTH="903"
                         VPOS="1097"
                         HPOS="64">
                  <String HEIGHT="67"
                          WIDTH="143"
                          VPOS="1097"
                          HPOS="50"
                          CONTENT="duites"
                          SUBS_TYPE="HypPart2"
                          SUBS_CONTENT="réduites"/>
                  <SP HEIGHT="67" WIDTH="14" VPOS="1097" HPOS="193"/>
                  <String HEIGHT="67"
                          WIDTH="330"
                          VPOS="1097"
                          HPOS="150"
                          CONTENT="proportionnellement"/>
                  <SP HEIGHT="67" WIDTH="14" VPOS="1097" HPOS="480"/>
                  <String HEIGHT="67" WIDTH="72" VPOS="1097" HPOS="437" CONTENT="à"/>
                  <SP HEIGHT="67" WIDTH="14" VPOS="1097" HPOS="508"/>
                  <String HEIGHT="67" WIDTH="86" VPOS="1097" HPOS="465" CONTENT="la"/>
                  <SP HEIGHT="67" WIDTH="14" VPOS="1097" HPOS="551"/>
                  <String HEIGHT="67"
                          WIDTH="129"
                          VPOS="1097"
                          HPOS="508"
                          CONTENT="durée"/>
                  <SP HEIGHT="67" WIDTH="14" VPOS="1097" HPOS="637"/>
                  <String HEIGHT="67" WIDTH="86" VPOS="1097" HPOS="594" CONTENT="du"/>
                  <SP HEIGHT="67" WIDTH="14" VPOS="1097" HPOS="680"/>
                  <String HEIGHT="67"
                          WIDTH="143"
                          VPOS="1097"
                          HPOS="637"
                          CONTENT="séjour"/>
                  <SP HEIGHT="67" WIDTH="14" VPOS="1097" HPOS="781"/>
                  <String HEIGHT="67" WIDTH="86" VPOS="1097" HPOS="738" CONTENT="si"/>
                  <SP HEIGHT="67" WIDTH="14" VPOS="1097" HPOS="824"/>
                  <String HEIGHT="67"
                          WIDTH="186"
                          VPOS="1097"
                          HPOS="781"
                          CONTENT="l'artiste"/>
                  <SP HEIGHT="67" WIDTH="14" VPOS="1097" HPOS="967"/>
                  <String HEIGHT="67" WIDTH="57" VPOS="1097" HPOS="910" CONTENT="ne"/>
               </TextLine>
               <TextLine ID="tl_27"
                         BASELINE="1200"
                         HEIGHT="62"
                         WIDTH="903"
                         VPOS="1138"
                         HPOS="64">
                  <String HEIGHT="62"
                          WIDTH="155"
                          VPOS="1138"
                          HPOS="50"
                          CONTENT="pouvait"/>
                  <SP HEIGHT="62" WIDTH="14" VPOS="1138" HPOS="205"/>
                  <String HEIGHT="62" WIDTH="85" VPOS="1138" HPOS="163" CONTENT="ou"/>
                  <SP HEIGHT="62" WIDTH="14" VPOS="1138" HPOS="247"/>
                  <String HEIGHT="62" WIDTH="85" VPOS="1138" HPOS="205" CONTENT="ne"/>
                  <SP HEIGHT="62" WIDTH="14" VPOS="1138" HPOS="290"/>
                  <String HEIGHT="62"
                          WIDTH="155"
                          VPOS="1138"
                          HPOS="247"
                          CONTENT="voulait"/>
                  <SP HEIGHT="62" WIDTH="14" VPOS="1138" HPOS="403"/>
                  <String HEIGHT="62"
                          WIDTH="169"
                          VPOS="1138"
                          HPOS="360"
                          CONTENT="profiter"/>
                  <SP HEIGHT="62" WIDTH="14" VPOS="1138" HPOS="530"/>
                  <String HEIGHT="62"
                          WIDTH="240"
                          VPOS="1138"
                          HPOS="487"
                          CONTENT="intégralement"/>
                  <SP HEIGHT="62" WIDTH="14" VPOS="1138" HPOS="727"/>
                  <String HEIGHT="62" WIDTH="85" VPOS="1138" HPOS="685" CONTENT="de"/>
                  <SP HEIGHT="62" WIDTH="14" VPOS="1138" HPOS="769"/>
                  <String HEIGHT="62" WIDTH="85" VPOS="1138" HPOS="727" CONTENT="la"/>
                  <SP HEIGHT="62" WIDTH="14" VPOS="1138" HPOS="812"/>
                  <String HEIGHT="62"
                          WIDTH="127"
                          VPOS="1138"
                          HPOS="769"
                          CONTENT="durée"/>
                  <SP HEIGHT="62" WIDTH="14" VPOS="1138" HPOS="896"/>
                  <String HEIGHT="62"
                          WIDTH="127"
                          VPOS="1138"
                          HPOS="840"
                          CONTENT="prêvue."/>
               </TextLine>
            </TextBlock>
            <TextBlock ID="r_2_7" HEIGHT="121" WIDTH="897" VPOS="1180" HPOS="64">
               <Shape>
                  <Polygon POINTS="64,1180 961,1180 961,1301 64,1301"/>
               </Shape>
               <TextLine ID="tl_28"
                         BASELINE="1244"
                         HEIGHT="73"
                         WIDTH="906"
                         VPOS="1171"
                         HPOS="60">
                  <String HEIGHT="73"
                          WIDTH="136"
                          VPOS="1171"
                          HPOS="45"
                          CONTENT="Après"/>
                  <SP HEIGHT="73" WIDTH="15" VPOS="1171" HPOS="181"/>
                  <String HEIGHT="73"
                          WIDTH="136"
                          VPOS="1171"
                          HPOS="135"
                          CONTENT="avoir"/>
                  <SP HEIGHT="73" WIDTH="15" VPOS="1171" HPOS="271"/>
                  <String HEIGHT="73"
                          WIDTH="106"
                          VPOS="1171"
                          HPOS="226"
                          CONTENT="été"/>
                  <SP HEIGHT="73" WIDTH="15" VPOS="1171" HPOS="332"/>
                  <String HEIGHT="73"
                          WIDTH="196"
                          VPOS="1171"
                          HPOS="287"
                          CONTENT="acceptées"/>
                  <SP HEIGHT="73" WIDTH="15" VPOS="1171" HPOS="483"/>
                  <String HEIGHT="73"
                          WIDTH="106"
                          VPOS="1171"
                          HPOS="438"
                          CONTENT="par"/>
                  <SP HEIGHT="73" WIDTH="15" VPOS="1171" HPOS="543"/>
                  <String HEIGHT="73" WIDTH="91" VPOS="1171" HPOS="498" CONTENT="la"/>
                  <SP HEIGHT="73" WIDTH="15" VPOS="1171" HPOS="588"/>
                  <String HEIGHT="73"
                          WIDTH="196"
                          VPOS="1171"
                          HPOS="543"
                          CONTENT="Biennale,"/>
                  <SP HEIGHT="73" WIDTH="15" VPOS="1171" HPOS="740"/>
                  <String HEIGHT="73" WIDTH="91" VPOS="1171" HPOS="694" CONTENT="un"/>
                  <SP HEIGHT="73" WIDTH="15" VPOS="1171" HPOS="785"/>
                  <String HEIGHT="73"
                          WIDTH="166"
                          VPOS="1171"
                          HPOS="740"
                          CONTENT="certain"/>
                  <SP HEIGHT="73" WIDTH="15" VPOS="1171" HPOS="906"/>
                  <String HEIGHT="73"
                          WIDTH="121"
                          VPOS="1171"
                          HPOS="845"
                          CONTENT="nombre"/>
               </TextLine>
               <TextLine ID="tl_29"
                         BASELINE="1278"
                         HEIGHT="64"
                         WIDTH="905"
                         VPOS="1214"
                         HPOS="62">
                  <String HEIGHT="64" WIDTH="97" VPOS="1214" HPOS="46" CONTENT="de"/>
                  <SP HEIGHT="64" WIDTH="16" VPOS="1214" HPOS="143"/>
                  <String HEIGHT="64"
                          WIDTH="178"
                          VPOS="1214"
                          HPOS="94"
                          CONTENT="bourses"/>
                  <SP HEIGHT="64" WIDTH="16" VPOS="1214" HPOS="272"/>
                  <String HEIGHT="64" WIDTH="97" VPOS="1214" HPOS="224" CONTENT="ou"/>
                  <SP HEIGHT="64" WIDTH="16" VPOS="1214" HPOS="321"/>
                  <String HEIGHT="64" WIDTH="97" VPOS="1214" HPOS="272" CONTENT="de"/>
                  <SP HEIGHT="64" WIDTH="16" VPOS="1214" HPOS="369"/>
                  <String HEIGHT="64"
                          WIDTH="242"
                          VPOS="1214"
                          HPOS="321"
                          CONTENT="récompenses"/>
                  <SP HEIGHT="64" WIDTH="16" VPOS="1214" HPOS="563"/>
                  <String HEIGHT="64"
                          WIDTH="194"
                          VPOS="1214"
                          HPOS="515"
                          CONTENT="offertes"/>
                  <SP HEIGHT="64" WIDTH="16" VPOS="1214" HPOS="708"/>
                  <String HEIGHT="64"
                          WIDTH="113"
                          VPOS="1214"
                          HPOS="660"
                          CONTENT="par"/>
                  <SP HEIGHT="64" WIDTH="16" VPOS="1214" HPOS="773"/>
                  <String HEIGHT="64"
                          WIDTH="113"
                          VPOS="1214"
                          HPOS="725"
                          CONTENT="des"/>
                  <SP HEIGHT="64" WIDTH="16" VPOS="1214" HPOS="838"/>
                  <String HEIGHT="64"
                          WIDTH="194"
                          VPOS="1214"
                          HPOS="773"
                          CONTENT="organismes"/>
               </TextLine>
               <TextLine ID="tl_30"
                         BASELINE="1310"
                         HEIGHT="70"
                         WIDTH="774"
                         VPOS="1240"
                         HPOS="59">
                  <String HEIGHT="70"
                          WIDTH="190"
                          VPOS="1240"
                          HPOS="44"
                          CONTENT="officiels"/>
                  <SP HEIGHT="70" WIDTH="15" VPOS="1240" HPOS="234"/>
                  <String HEIGHT="70" WIDTH="88" VPOS="1240" HPOS="190" CONTENT="ou"/>
                  <SP HEIGHT="70" WIDTH="15" VPOS="1240" HPOS="278"/>
                  <String HEIGHT="70"
                          WIDTH="146"
                          VPOS="1240"
                          HPOS="234"
                          CONTENT="privés"/>
                  <SP HEIGHT="70" WIDTH="15" VPOS="1240" HPOS="380"/>
                  <String HEIGHT="70"
                          WIDTH="175"
                          VPOS="1240"
                          HPOS="336"
                          CONTENT="pourront"/>
                  <SP HEIGHT="70" WIDTH="15" VPOS="1240" HPOS="512"/>
                  <String HEIGHT="70"
                          WIDTH="117"
                          VPOS="1240"
                          HPOS="468"
                          CONTENT="être"/>
                  <SP HEIGHT="70" WIDTH="15" VPOS="1240" HPOS="585"/>
                  <String HEIGHT="70"
                          WIDTH="190"
                          VPOS="1240"
                          HPOS="541"
                          CONTENT="également"/>
                  <SP HEIGHT="70" WIDTH="15" VPOS="1240" HPOS="731"/>
                  <String HEIGHT="70"
                          WIDTH="161"
                          VPOS="1240"
                          HPOS="672"
                          CONTENT="décernés."/>
               </TextLine>
            </TextBlock>
            <TextBlock ID="r_2_8" HEIGHT="56" WIDTH="808" VPOS="1291" HPOS="63">
               <Shape>
                  <Polygon POINTS="63,1291 871,1291 871,1347 63,1347"/>
               </Shape>
               <TextLine ID="tl_31"
                         BASELINE="1354"
                         HEIGHT="65"
                         WIDTH="816"
                         VPOS="1289"
                         HPOS="59">
                  <String HEIGHT="65" WIDTH="100" VPOS="1289" HPOS="45" CONTENT="Les"/>
                  <SP HEIGHT="65" WIDTH="14" VPOS="1289" HPOS="145"/>
                  <String HEIGHT="65"
                          WIDTH="186"
                          VPOS="1289"
                          HPOS="102"
                          CONTENT="décisions"/>
                  <SP HEIGHT="65" WIDTH="14" VPOS="1289" HPOS="288"/>
                  <String HEIGHT="65"
                          WIDTH="100"
                          VPOS="1289"
                          HPOS="245"
                          CONTENT="des"/>
                  <SP HEIGHT="65" WIDTH="14" VPOS="1289" HPOS="345"/>
                  <String HEIGHT="65"
                          WIDTH="129"
                          VPOS="1289"
                          HPOS="302"
                          CONTENT="jurys"/>
                  <SP HEIGHT="65" WIDTH="14" VPOS="1289" HPOS="431"/>
                  <String HEIGHT="65"
                          WIDTH="258"
                          VPOS="1289"
                          HPOS="388"
                          CONTENT="internationaux"/>
                  <SP HEIGHT="65" WIDTH="14" VPOS="1289" HPOS="646"/>
                  <String HEIGHT="65"
                          WIDTH="115"
                          VPOS="1289"
                          HPOS="603"
                          CONTENT="sont"/>
                  <SP HEIGHT="65" WIDTH="14" VPOS="1289" HPOS="718"/>
                  <String HEIGHT="65"
                          WIDTH="115"
                          VPOS="1289"
                          HPOS="675"
                          CONTENT="sans"/>
                  <SP HEIGHT="65" WIDTH="14" VPOS="1289" HPOS="789"/>
                  <String HEIGHT="65"
                          WIDTH="143"
                          VPOS="1289"
                          HPOS="732"
                          CONTENT="recours."/>
               </TextLine>
            </TextBlock>
            <TextBlock ID="r_2_9" HEIGHT="156" WIDTH="900" VPOS="1337" HPOS="56">
               <Shape>
                  <Polygon POINTS="56,1337 956,1337 956,1493 56,1493"/>
               </Shape>
               <TextLine ID="tl_32"
                         BASELINE="1402"
                         HEIGHT="69"
                         WIDTH="902"
                         VPOS="1333"
                         HPOS="59">
                  <String HEIGHT="69" WIDTH="100" VPOS="1333" HPOS="45" CONTENT="Les"/>
                  <SP HEIGHT="69" WIDTH="14" VPOS="1333" HPOS="145"/>
                  <String HEIGHT="69"
                          WIDTH="129"
                          VPOS="1333"
                          HPOS="102"
                          CONTENT="jurys"/>
                  <SP HEIGHT="69" WIDTH="14" VPOS="1333" HPOS="231"/>
                  <String HEIGHT="69"
                          WIDTH="100"
                          VPOS="1333"
                          HPOS="188"
                          CONTENT="ont"/>
                  <SP HEIGHT="69" WIDTH="14" VPOS="1333" HPOS="288"/>
                  <String HEIGHT="69" WIDTH="86" VPOS="1333" HPOS="245" CONTENT="la"/>
                  <SP HEIGHT="69" WIDTH="14" VPOS="1333" HPOS="331"/>
                  <String HEIGHT="69"
                          WIDTH="157"
                          VPOS="1333"
                          HPOS="288"
                          CONTENT="faculté"/>
                  <SP HEIGHT="69" WIDTH="14" VPOS="1333" HPOS="446"/>
                  <String HEIGHT="69" WIDTH="86" VPOS="1333" HPOS="403" CONTENT="de"/>
                  <SP HEIGHT="69" WIDTH="14" VPOS="1333" HPOS="489"/>
                  <String HEIGHT="69"
                          WIDTH="200"
                          VPOS="1333"
                          HPOS="446"
                          CONTENT="s’abstenir"/>
                  <SP HEIGHT="69" WIDTH="14" VPOS="1333" HPOS="646"/>
                  <String HEIGHT="69" WIDTH="86" VPOS="1333" HPOS="603" CONTENT="de"/>
                  <SP HEIGHT="69" WIDTH="14" VPOS="1333" HPOS="689"/>
                  <String HEIGHT="69"
                          WIDTH="200"
                          VPOS="1333"
                          HPOS="646"
                          CONTENT="distribuer"/>
                  <SP HEIGHT="69" WIDTH="14" VPOS="1333" HPOS="846"/>
                  <String HEIGHT="69"
                          WIDTH="100"
                          VPOS="1333"
                          HPOS="804"
                          CONTENT="les"/>
                  <SP HEIGHT="69" WIDTH="14" VPOS="1333" HPOS="904"/>
                  <String HEIGHT="69"
                          WIDTH="115"
                          VPOS="1333"
                          HPOS="846"
                          CONTENT="récom"
                          SUBS_TYPE="HypPart1"
                          SUBS_CONTENT="récompenses"/>
                  <HYP CONTENT="-"/>
               </TextLine>
               <TextLine ID="tl_33"
                         BASELINE="1436"
                         HEIGHT="68"
                         WIDTH="905"
                         VPOS="1368"
                         HPOS="55">
                  <String HEIGHT="68"
                          WIDTH="162"
                          VPOS="1368"
                          HPOS="39"
                          CONTENT="penses"
                          SUBS_TYPE="HypPart2"
                          SUBS_CONTENT="récompenses"/>
                  <SP HEIGHT="68" WIDTH="16" VPOS="1368" HPOS="200"/>
                  <String HEIGHT="68"
                          WIDTH="194"
                          VPOS="1368"
                          HPOS="152"
                          CONTENT="prêvues,"/>
                  <SP HEIGHT="68" WIDTH="16" VPOS="1368" HPOS="346"/>
                  <String HEIGHT="68" WIDTH="97" VPOS="1368" HPOS="297" CONTENT="et"/>
                  <SP HEIGHT="68" WIDTH="16" VPOS="1368" HPOS="394"/>
                  <String HEIGHT="68"
                          WIDTH="129"
                          VPOS="1368"
                          HPOS="346"
                          CONTENT="dans"/>
                  <SP HEIGHT="68" WIDTH="16" VPOS="1368" HPOS="475"/>
                  <String HEIGHT="68" WIDTH="97" VPOS="1368" HPOS="427" CONTENT="ce"/>
                  <SP HEIGHT="68" WIDTH="16" VPOS="1368" HPOS="524"/>
                  <String HEIGHT="68"
                          WIDTH="129"
                          VPOS="1368"
                          HPOS="475"
                          CONTENT="cas,"/>
                  <SP HEIGHT="68" WIDTH="16" VPOS="1368" HPOS="604"/>
                  <String HEIGHT="68"
                          WIDTH="178"
                          VPOS="1368"
                          HPOS="556"
                          CONTENT="peuvent"/>
                  <SP HEIGHT="68" WIDTH="16" VPOS="1368" HPOS="734"/>
                  <String HEIGHT="68"
                          WIDTH="194"
                          VPOS="1368"
                          HPOS="685"
                          CONTENT="proposer"/>
                  <SP HEIGHT="68" WIDTH="16" VPOS="1368" HPOS="879"/>
                  <String HEIGHT="68"
                          WIDTH="113"
                          VPOS="1368"
                          HPOS="831"
                          CONTENT="que"/>
                  <SP HEIGHT="68" WIDTH="16" VPOS="1368" HPOS="944"/>
                  <String HEIGHT="68" WIDTH="81" VPOS="1368" HPOS="879" CONTENT="les"/>
               </TextLine>
               <TextLine ID="tl_34"
                         BASELINE="1472"
                         HEIGHT="70"
                         WIDTH="906"
                         VPOS="1402"
                         HPOS="53">
                  <String HEIGHT="70"
                          WIDTH="156"
                          VPOS="1402"
                          HPOS="37"
                          CONTENT="sommes"/>
                  <SP HEIGHT="70" WIDTH="16" VPOS="1402" HPOS="194"/>
                  <String HEIGHT="70"
                          WIDTH="172"
                          VPOS="1402"
                          HPOS="147"
                          CONTENT="rendues"/>
                  <SP HEIGHT="70" WIDTH="16" VPOS="1402" HPOS="319"/>
                  <String HEIGHT="70"
                          WIDTH="141"
                          VPOS="1402"
                          HPOS="272"
                          CONTENT="ainsi"/>
                  <SP HEIGHT="70" WIDTH="16" VPOS="1402" HPOS="412"/>
                  <String HEIGHT="70"
                          WIDTH="234"
                          VPOS="1402"
                          HPOS="365"
                          CONTENT="disponibles"/>
                  <SP HEIGHT="70" WIDTH="16" VPOS="1402" HPOS="600"/>
                  <String HEIGHT="70"
                          WIDTH="156"
                          VPOS="1402"
                          HPOS="553"
                          CONTENT="soient"/>
                  <SP HEIGHT="70" WIDTH="16" VPOS="1402" HPOS="709"/>
                  <String HEIGHT="70"
                          WIDTH="203"
                          VPOS="1402"
                          HPOS="662"
                          CONTENT="utilisées"/>
                  <SP HEIGHT="70" WIDTH="16" VPOS="1402" HPOS="865"/>
                  <String HEIGHT="70"
                          WIDTH="125"
                          VPOS="1402"
                          HPOS="818"
                          CONTENT="sous"/>
                  <SP HEIGHT="70" WIDTH="16" VPOS="1402" HPOS="943"/>
                  <String HEIGHT="70" WIDTH="78" VPOS="1402" HPOS="881" CONTENT="une"/>
               </TextLine>
               <TextLine ID="tl_35"
                         BASELINE="1506"
                         HEIGHT="67"
                         WIDTH="733"
                         VPOS="1439"
                         HPOS="51">
                  <String HEIGHT="67"
                          WIDTH="132"
                          VPOS="1439"
                          HPOS="36"
                          CONTENT="autre"/>
                  <SP HEIGHT="67" WIDTH="15" VPOS="1439" HPOS="168"/>
                  <String HEIGHT="67"
                          WIDTH="132"
                          VPOS="1439"
                          HPOS="124"
                          CONTENT="forme"/>
                  <SP HEIGHT="67" WIDTH="15" VPOS="1439" HPOS="256"/>
                  <String HEIGHT="67" WIDTH="88" VPOS="1439" HPOS="212" CONTENT="au"/>
                  <SP HEIGHT="67" WIDTH="15" VPOS="1439" HPOS="300"/>
                  <String HEIGHT="67"
                          WIDTH="147"
                          VPOS="1439"
                          HPOS="256"
                          CONTENT="profit"/>
                  <SP HEIGHT="67" WIDTH="15" VPOS="1439" HPOS="403"/>
                  <String HEIGHT="67"
                          WIDTH="117"
                          VPOS="1439"
                          HPOS="359"
                          CONTENT="d’un"/>
                  <SP HEIGHT="67" WIDTH="15" VPOS="1439" HPOS="476"/>
                  <String HEIGHT="67" WIDTH="88" VPOS="1439" HPOS="432" CONTENT="ou"/>
                  <SP HEIGHT="67" WIDTH="15" VPOS="1439" HPOS="520"/>
                  <String HEIGHT="67"
                          WIDTH="191"
                          VPOS="1439"
                          HPOS="476"
                          CONTENT="plusieurs"/>
                  <SP HEIGHT="67" WIDTH="15" VPOS="1439" HPOS="667"/>
                  <String HEIGHT="67"
                          WIDTH="176"
                          VPOS="1439"
                          HPOS="608"
                          CONTENT="exposants."/>
               </TextLine>
            </TextBlock>
            <TextBlock ID="r_3_1" HEIGHT="24" WIDTH="27" VPOS="2290" HPOS="895">
               <Shape>
                  <Polygon POINTS="895,2290 922,2290 922,2314 895,2314"/>
               </Shape>
               <TextLine ID="tl_36"
                         BASELINE="2325"
                         HEIGHT="48"
                         WIDTH="36"
                         VPOS="2277"
                         HPOS="890">
                  <String HEIGHT="48" WIDTH="72" VPOS="2277" HPOS="854" CONTENT="15"/>
               </TextLine>
            </TextBlock>
            <GraphicalElement ID="r_4" HEIGHT="21" WIDTH="280" VPOS="2352" HPOS="238"/>
            <GraphicalElement ID="r_5" HEIGHT="5" WIDTH="68" VPOS="2368" HPOS="518"/>
            <GraphicalElement ID="r_6" HEIGHT="250" WIDTH="9" VPOS="876" HPOS="1095"/>
            <GraphicalElement ID="r_7" HEIGHT="856" WIDTH="45" VPOS="1472" HPOS="1059"/>
            <GraphicalElement ID="r_8" HEIGHT="269" WIDTH="15" VPOS="1126" HPOS="1089"/>
            <GraphicalElement ID="r_9" HEIGHT="128" WIDTH="6" VPOS="1344" HPOS="1098"/>
            <GraphicalElement ID="r_10" HEIGHT="629" WIDTH="19" VPOS="1536" HPOS="1085"/>
         </PrintSpace>
      </Page>
   </Layout>
</alto>
