1086 2373
30 80 346 73 <b>GRANDE-
277 80 346 73 BRETAGNE</b>

100 190 174 63 Bridget
227 190 158 63 Riley.
337 190 95 63 La
384 190 190 63 peinture
527 190 95 63 de
574 190 142 63 Riley
669 190 205 63 présente,
827 190 126 63 avec
890 190 63 63 la

95 241 166 50 rigueur
215 241 226 50 géométrique
396 241 90 50 la
441 241 120 50 plus
516 241 181 50 stricte,
652 241 211 50 l’illusion
802 241 151 50 d’espace

93 283 127 44 réel
172 283 95 44 et
220 283 95 44 de
268 283 206 44 mouvement
426 283 143 44 réel,
522 283 95 44 de
569 283 143 44 telle
664 283 143 44 façon
760 283 111 44 que
823 283 95 44 la
855 283 95 44 sen-

91 322 165 47 sation
207 322 199 47 physique
356 322 116 47 est
422 322 199 47 traduite
571 322 99 47 en
621 322 232 47 expression
787 322 165 47 émotion

79 358 116 42 nelle.

130 390 97 53 De
178 390 226 53 semblables
356 390 226 53 illusions,
533 390 97 53 en
581 390 242 53 particulier
775 390 161 53 celles
871 390 81 53 qui

88 436 229 44 suggèrent
264 436 123 44 une
335 436 246 44 transition
529 436 106 44 ou
581 436 123 44 une
652 436 264 44 progression
845 436 106 44 d’un

87 478 141 43 état
176 478 212 43 physique
334 478 88 43 à
370 478 106 43 un
423 478 176 43 autre,
546 478 106 43 se
599 478 247 43 retrouvent
793 478 141 43 dans
864 478 88 43 les

85 517 167 41 formes
202 517 233 41 alanguies,
385 517 267 41 serpentines,
602 517 100 41 de
652 517 133 41 Paul
735 517 183 41 Huxley,
852 517 100 41 mais

83 547 98 47 ce
132 547 131 47 sont
214 547 115 47 des
279 547 164 47 formes
394 547 131 47 qui,
476 547 82 47 à
509 547 98 47 la
558 547 229 47 différence
738 547 98 47 de
787 547 164 47 celles
885 547 66 47 de

86 585 167 48 Bridget
207 585 152 48 Riley,
313 585 121 48 sont
389 585 197 48 destinées
541 585 106 48 par
601 585 106 48 les
662 585 243 48 intéractions
844 585 106 48 entre

81 626 177 43 contour
210 626 97 43 et
258 626 193 43 couleurs
403 626 81 43 à
435 626 193 43 suggérer
580 626 129 43 sans
661 626 113 43 les
725 626 226 43 spécifier,
887 626 64 43 de

84 663 221 46 possibles
254 663 272 46 associations
475 663 272 46 figuratives.
697 663 136 46 Dans
782 663 170 46 celles
884 663 68 46 de

83 706 139 44 John
170 706 209 44 Hoyland,
326 706 122 44 par
396 706 191 44 contre,
535 706 104 44 un
587 706 174 44 espace
709 706 139 44 plus
778 706 174 44 abstrait

82 737 117 44 est
149 737 151 44 créé,
250 737 167 44 plutôt
367 737 151 44 grâce
467 737 84 44 à
501 737 117 44 des
568 737 201 44 couleurs
719 737 218 44 vibrantes
869 737 84 44 que

85 771 106 50 par
146 771 106 50 une
206 771 198 50 illusion,
358 771 91 50 et
404 771 91 50 la
450 771 167 50 couleur
571 771 106 50 est
632 771 106 50 ici
693 771 182 50 utilisée
814 771 137 50 presque

80 815 284 48 optiquement,
311 815 160 48 comme
418 815 124 48 les
489 815 178 48 blancs
613 815 107 48 et
667 815 160 48 noirs
773 815 107 48 de
809 815 142 48 Rile).

82 853 134 44 pour
166 853 167 44 animer
283 853 117 44 les
350 853 201 44 rapports
500 853 100 44 de
550 853 100 44 la
601 853 167 44 figure
718 853 100 44 au
751 853 117 44 fond.

120 901 170 44 Antony
239 901 221 44 Donaldson
409 901 102 44 et
460 901 187 44 Patrick
595 901 221 44 Caulfield
765 901 102 44 se
799 901 153 44 servent

79 938 137 43 tous
165 938 137 43 deux
250 938 154 43 d’une
353 938 206 43 imagerie
507 938 240 43 figurative
696 938 103 43 si
730 938 223 43 étonnamment

83 974 206 47 littérale,
245 974 133 47 qu’il
334 974 147 47 paraît
437 974 162 47 évident
554 974 162 47 qu’elle
672 974 133 47 n’est
761 974 103 47 pas
805 974 147 47 utilisée

81 1015 129 36 dans
161 1015 96 36 un
210 1015 113 36 but
274 1015 209 36 littéral.
435 1015 113 36 Eux
499 1015 145 36 aussi
595 1015 257 36 maintiennent
804 1015 113 36 une
853 1015 96 36 sur-

80 1051 134 46 face
164 1051 285 46 impersonnelle
399 1051 101 46 et
449 1051 117 46 des
516 1051 201 46 couleurs
667 1051 184 46 plates,
801 1051 101 46 de
835 1051 117 46 sorte

81 1093 117 41 que
148 1093 184 41 l’image
282 1093 234 41 dépouillée
465 1093 100 41 et
515 1093 284 41 fonctionnelle
749 1093 133 41 peut
816 1093 133 41 accom-

85 1128 119 44 plir
160 1128 90 44 sa
205 1128 134 44 tâche
294 1128 119 44 sans
369 1128 194 44 distraire
518 1128 134 44 l’œil
608 1128 105 44 par
667 1128 105 44 les
727 1128 179 44 plaisirs
861 1128 90 44 de
891 1128 60 44 la

80 1167 218 38 facture.
243 1167 127 38 Les
316 1167 272 38 personnages
534 1167 109 38 de
588 1167 236 38 Donaldson
770 1167 145 38 sont
842 1167 109 38 même

85 1204 176 43 calqués
213 1204 96 43 et
261 1204 192 43 exécutés
405 1204 96 43 au
453 1204 192 43 pochoir,
598 1204 96 43 de
646 1204 144 43 façon
742 1204 80 43 à
774 1204 176 43 réduire
886 1204 64 43 au

83 1242 187 39 minimum
219 1242 119 39 les
287 1242 204 39 éléments
440 1242 102 39 de
491 1242 238 39 distorsion
677 1242 136 39 d’un
762 1242 153 39 style
847 1242 102 39 gra-

83 1280 170 39 phique
202 1280 255 39 individuel,
406 1280 136 39 mais
491 1280 119 39 ils
559 1280 136 39 sont
644 1280 187 39 répétés
780 1280 153 39 comme
865 1280 85 39 les

84 1323 173 43 images
205 1323 260 43 successives
413 1323 138 43 d’un
499 1323 156 43 film,
603 1323 104 43 de
655 1323 156 43 sorte
759 1323 121 43 que
828 1323 104 43 le
862 1323 87 43 mo-

83 1352 148 45 ment
175 1352 314 45 d’observation
433 1352 185 45 puisse
562 1352 166 45 aussi
673 1352 203 45 inclure
802 1352 148 45 (comme

83 1392 131 45 chez
164 1392 164 45 Huxley
279 1392 98 45 et
328 1392 164 45 Riley)
443 1392 115 45 des
508 1392 262 45 possibilités
721 1392 98 45 de
754 1392 196 45 changement

84 1432 100 39 et
134 1432 100 39 de
184 1432 249 39 transition.
384 1432 100 39 En
434 1432 133 39 même
517 1432 150 39 temps
616 1432 116 39 une
683 1432 150 39 image
766 1432 183 39 érotique,

82 1467 221 41 elle-même
252 1467 102 41 un
303 1467 255 41 stéréotype,
507 1467 204 41 acquiert
661 1467 119 41 une
729 1467 204 41 nouvelle
865 1467 85 41 vie

84 1505 147 49 grâce
182 1505 82 49 à
214 1505 98 49 un
263 1505 229 49 traitement
427 1505 196 49 décoratif.

111 1545 201 44 Patrick
257 1545 237 44 Caulfield
439 1545 128 44 est
512 1545 310 44 semblablement
749 1545 201 44 préoccupé

91 1585 202 40 d’animer
243 1585 152 40 d’une
344 1585 118 40 vie
411 1585 202 40 nouvelle
563 1585 118 40 des
631 1585 169 40 motifs
732 1585 219 40 stéréotypés

92 1627 95 47 de
140 1627 143 47 l’art
235 1627 222 47 populaire.
409 1627 174 47 Réduits
536 1627 79 47 à
568 1627 143 47 leurs
663 1627 127 47 plus
742 1627 174 47 simples
853 1627 95 47 élé-

95 1663 143 45 ments
190 1663 206 45 linéaires
349 1663 95 45 et
396 1663 190 45 colorés,
539 1663 206 45 présentés
697 1663 127 45 sans
761 1663 190 45 sentiment,

95 1700 118 40 leur
169 1700 148 40 valeur
272 1700 192 40 picturale
420 1700 103 40 est
479 1700 221 40 réhabilitée
656 1700 89 40 et
700 1700 89 40 se
744 1700 118 40 voit
803 1700 148 40 conférer

91 1739 117 50 une
158 1739 183 50 dignité
275 1739 183 50 imprêvue.

132 1783 205 42 Plusieurs
290 1783 110 42 des
353 1783 315 42 caractéristiques
620 1783 94 42 de
668 1783 157 42 style,
762 1783 189 42 concernant

96 1817 155 48 ligne,
205 1817 171 48 couleur
329 1817 93 48 et
376 1817 171 48 surface
500 1817 295 48 impersonnelles,
748 1817 109 48 que
810 1817 124 48 l’on
872 1817 78 48 fe-

96 1864 164 48 marque
210 1864 131 48 dans
293 1864 98 48 la
342 1864 197 48 peinture
489 1864 246 48 britannique
686 1864 197 48 récente,
834 1864 98 48 se
867 1864 82 48 re-

96 1896 190 50 trouvent
239 1896 206 50 également
397 1896 127 50 dans
476 1896 95 50 la
524 1896 222 50 sculpture.
698 1896 174 50 Brisant
809 1896 142 50 complè-

96 1937 171 52 tement
216 1937 137 52 avec
301 1937 120 52 les
370 1937 239 52 traditions
558 1937 103 52 et
609 1937 120 52 les
677 1937 222 52 matériaux
848 1937 103 52 de
883 1937 68 52 la

95 1974 218 40 sculpture
263 1974 251 40 britannique
464 1974 184 40 moderne
598 1974 168 40 depuis
715 1974 151 40 Moore
799 1974 151 40 jusqu’à

100 2009 209 57 Paolozzi,
261 2009 112 57 les
325 2009 225 57 sculpteurs
501 2009 96 57 de
550 2009 145 57 moins
646 2009 96 57 de
694 2009 96 57 35
742 2009 112 57 ans
806 2009 96 57 se
839 2009 112 57 tour-

100 2049 136 39 nent
185 2049 136 39 vers
270 2049 119 39 des
338 2049 221 39 matériaux
508 2049 153 39 comme
611 2049 102 39 le
662 2049 238 39 fibreglass
849 2049 102 39 et
883 2049 68 39 le

101 2083 273 48 polyuréthane,
326 2083 96 48 et
374 2083 112 48 les
438 2083 209 48 utilisent
598 2083 96 48 en
646 2083 112 48 vue
710 2083 96 48 de
759 2083 192 48 remettre
887 2083 64 48 en

99 2126 205 37 question
252 2126 171 37 nombre
372 2126 119 37 des
440 2126 273 37 distinctions
645 2126 307 37 conventionnelles

101 2160 142 56 entre
196 2160 189 56 peinture
338 2160 95 56 et
385 2160 205 56 sculpture
543 2160 95 56 et
590 2160 95 56 de
638 2160 221 56 rapprocher
811 2160 110 56 ces
858 2160 95 56 deux

99 2198 157 61 arts.
203 2198 157 61 Ainsi
307 2198 87 61 «
342 2198 209 61 Volution
516 2198 191 61 d’Isaac
655 2198 174 61 Witkin
777 2198 139 61 peut
847 2198 104 61 être

87 2249 64 47 56
