<?xml version="1.0" encoding="UTF-8"?>
<alto xmlns:xsi="http://www.w3.org/2001/XMLSchema-instance"
      xmlns="http://www.loc.gov/standards/alto/ns-v2#"
      xmlns:page="http://schema.primaresearch.org/PAGE/gts/pagecontent/2013-07-15"
      xsi:schemaLocation="http://www.loc.gov/standards/alto/ns-v2# http://www.loc.gov/standards/alto/alto.xsd">
   <Description>
      <MeasurementUnit>pixel</MeasurementUnit>
      <OCRProcessing ID="IdOcr">
         <ocrProcessingStep>
            <processingDateTime>2020-07-02T15:32:37.921+02:00</processingDateTime>
            <processingSoftware>
               <softwareCreator>READ COOP</softwareCreator>
               <softwareName>Transkribus</softwareName>
            </processingSoftware>
         </ocrProcessingStep>
      </OCRProcessing>
   </Description>
   <Tags/>
   <Layout>
      <Page ID="Page1" PHYSICAL_IMG_NR="1" HEIGHT="2331" WIDTH="1181">
         <TopMargin HEIGHT="0" WIDTH="1181" VPOS="0" HPOS="0"/>
         <LeftMargin HEIGHT="2331" WIDTH="0" VPOS="0" HPOS="0"/>
         <RightMargin HEIGHT="2331" WIDTH="95" VPOS="0" HPOS="1086"/>
         <BottomMargin HEIGHT="0" WIDTH="1181" VPOS="2331" HPOS="0"/>
         <PrintSpace HEIGHT="2331" WIDTH="1086" VPOS="0" HPOS="0">
            <TextBlock ID="region_1593693319797_4800"
                       HEIGHT="69"
                       WIDTH="560"
                       VPOS="1000"
                       HPOS="169">
               <Shape>
                  <Polygon POINTS="169,1000 169,1069 729,1069 729,1000"/>
               </Shape>
               <TextLine ID="line_1593693319873_4803"
                         BASELINE="1082"
                         HEIGHT="73"
                         WIDTH="570"
                         VPOS="1009"
                         HPOS="164">
                  <String HEIGHT="73"
                          WIDTH="147"
                          VPOS="1009"
                          HPOS="148"
                          CONTENT="lundi"/>
                  <SP HEIGHT="73" WIDTH="16" VPOS="1009" HPOS="294"/>
                  <String HEIGHT="73" WIDTH="98" VPOS="1009" HPOS="245" CONTENT="25"/>
                  <SP HEIGHT="73" WIDTH="16" VPOS="1009" HPOS="343"/>
                  <String HEIGHT="73"
                          WIDTH="130"
                          VPOS="1009"
                          HPOS="294"
                          CONTENT="oct."/>
                  <SP HEIGHT="73" WIDTH="16" VPOS="1009" HPOS="425"/>
                  <String HEIGHT="73"
                          WIDTH="163"
                          VPOS="1009"
                          HPOS="376"
                          CONTENT="Cinéma"/>
                  <SP HEIGHT="73" WIDTH="16" VPOS="1009" HPOS="539"/>
                  <String HEIGHT="73" WIDTH="98" VPOS="1009" HPOS="490" CONTENT="et"/>
                  <SP HEIGHT="73" WIDTH="16" VPOS="1009" HPOS="587"/>
                  <String HEIGHT="73"
                          WIDTH="212"
                          VPOS="1009"
                          HPOS="522"
                          CONTENT="Télévision."/>
               </TextLine>
            </TextBlock>
            <TextBlock ID="r_1_1" HEIGHT="48" WIDTH="339" VPOS="25" HPOS="744">
               <Shape>
                  <Polygon POINTS="744,25 1083,25 1083,73 744,73"/>
               </Shape>
               <TextLine ID="tl_1"
                         BASELINE="80"
                         HEIGHT="52"
                         WIDTH="348"
                         VPOS="28"
                         HPOS="739">
                  <String HEIGHT="52"
                          WIDTH="392"
                          VPOS="28"
                          HPOS="696"
                          CONTENT="&lt;b&gt;COLLOQUES&lt;/b&gt;"/>
               </TextLine>
            </TextBlock>
            <TextBlock ID="r_2_1" HEIGHT="53" WIDTH="538" VPOS="487" HPOS="168">
               <Shape>
                  <Polygon POINTS="168,487 706,487 706,540 168,540"/>
               </Shape>
               <TextLine ID="tl_2"
                         BASELINE="548"
                         HEIGHT="73"
                         WIDTH="548"
                         VPOS="475"
                         HPOS="163">
                  <String HEIGHT="73"
                          WIDTH="231"
                          VPOS="475"
                          HPOS="149"
                          CONTENT="Responsable:"/>
                  <SP HEIGHT="73" WIDTH="14" VPOS="475" HPOS="379"/>
                  <String HEIGHT="73"
                          WIDTH="202"
                          VPOS="475"
                          HPOS="336"
                          CONTENT="&lt;b&gt;Georges"/>
                  <SP HEIGHT="73" WIDTH="14" VPOS="475" HPOS="538"/>
                  <String HEIGHT="73"
                          WIDTH="231"
                          VPOS="475"
                          HPOS="480"
                          CONTENT="BOUDAILLE&lt;/b&gt;."/>
               </TextLine>
            </TextBlock>
            <TextBlock ID="r_2_2" HEIGHT="157" WIDTH="871" VPOS="554" HPOS="167">
               <Shape>
                  <Polygon POINTS="167,554 1038,554 1038,711 167,711"/>
               </Shape>
               <TextLine ID="tl_3"
                         BASELINE="616"
                         HEIGHT="72"
                         WIDTH="875"
                         VPOS="544"
                         HPOS="163">
                  <String HEIGHT="72" WIDTH="94" VPOS="544" HPOS="147" CONTENT="La"/>
                  <SP HEIGHT="72" WIDTH="16" VPOS="544" HPOS="241"/>
                  <String HEIGHT="72"
                          WIDTH="188"
                          VPOS="544"
                          HPOS="194"
                          CONTENT="Biennale"/>
                  <SP HEIGHT="72" WIDTH="16" VPOS="544" HPOS="382"/>
                  <String HEIGHT="72" WIDTH="109" VPOS="544" HPOS="335" CONTENT="n’a"/>
                  <SP HEIGHT="72" WIDTH="16" VPOS="544" HPOS="444"/>
                  <String HEIGHT="72" WIDTH="109" VPOS="544" HPOS="397" CONTENT="pas"/>
                  <SP HEIGHT="72" WIDTH="16" VPOS="544" HPOS="507"/>
                  <String HEIGHT="72"
                          WIDTH="203"
                          VPOS="544"
                          HPOS="460"
                          CONTENT="seulement"/>
                  <SP HEIGHT="72" WIDTH="16" VPOS="544" HPOS="663"/>
                  <String HEIGHT="72"
                          WIDTH="125"
                          VPOS="544"
                          HPOS="616"
                          CONTENT="pour"/>
                  <SP HEIGHT="72" WIDTH="16" VPOS="544" HPOS="741"/>
                  <String HEIGHT="72" WIDTH="109" VPOS="544" HPOS="694" CONTENT="but"/>
                  <SP HEIGHT="72" WIDTH="16" VPOS="544" HPOS="804"/>
                  <String HEIGHT="72" WIDTH="94" VPOS="544" HPOS="757" CONTENT="de"/>
                  <SP HEIGHT="72" WIDTH="16" VPOS="544" HPOS="851"/>
                  <String HEIGHT="72"
                          WIDTH="219"
                          VPOS="544"
                          HPOS="804"
                          CONTENT="confronter"/>
                  <SP HEIGHT="72" WIDTH="16" VPOS="544" HPOS="1022"/>
                  <String HEIGHT="72" WIDTH="78" VPOS="544" HPOS="960" CONTENT="des"/>
               </TextLine>
               <TextLine ID="tl_4"
                         BASELINE="651"
                         HEIGHT="67"
                         WIDTH="879"
                         VPOS="584"
                         HPOS="163">
                  <String HEIGHT="67"
                          WIDTH="151"
                          VPOS="584"
                          HPOS="149"
                          CONTENT="œuvres,"/>
                  <SP HEIGHT="67" WIDTH="14" VPOS="584" HPOS="300"/>
                  <String HEIGHT="67"
                          WIDTH="110"
                          VPOS="584"
                          HPOS="259"
                          CONTENT="elle"/>
                  <SP HEIGHT="67" WIDTH="14" VPOS="584" HPOS="369"/>
                  <String HEIGHT="67" WIDTH="82" VPOS="584" HPOS="328" CONTENT="se"/>
                  <SP HEIGHT="67" WIDTH="14" VPOS="584" HPOS="410"/>
                  <String HEIGHT="67"
                          WIDTH="151"
                          VPOS="584"
                          HPOS="369"
                          CONTENT="propose"/>
                  <SP HEIGHT="67" WIDTH="14" VPOS="584" HPOS="520"/>
                  <String HEIGHT="67"
                          WIDTH="179"
                          VPOS="584"
                          HPOS="479"
                          CONTENT="également"/>
                  <SP HEIGHT="67" WIDTH="14" VPOS="584" HPOS="657"/>
                  <String HEIGHT="67" WIDTH="82" VPOS="584" HPOS="616" CONTENT="de"/>
                  <SP HEIGHT="67" WIDTH="14" VPOS="584" HPOS="699"/>
                  <String HEIGHT="67"
                          WIDTH="137"
                          VPOS="584"
                          HPOS="657"
                          CONTENT="réunir"/>
                  <SP HEIGHT="67" WIDTH="14" VPOS="584" HPOS="795"/>
                  <String HEIGHT="67" WIDTH="96" VPOS="584" HPOS="754" CONTENT="des"/>
                  <SP HEIGHT="67" WIDTH="14" VPOS="584" HPOS="850"/>
                  <String HEIGHT="67"
                          WIDTH="165"
                          VPOS="584"
                          HPOS="809"
                          CONTENT="artistes"/>
                  <SP HEIGHT="67" WIDTH="14" VPOS="584" HPOS="973"/>
                  <String HEIGHT="67" WIDTH="82" VPOS="584" HPOS="932" CONTENT="de"/>
                  <SP HEIGHT="67" WIDTH="14" VPOS="584" HPOS="1015"/>
                  <String HEIGHT="67" WIDTH="82" VPOS="584" HPOS="960" CONTENT="tous"/>
               </TextLine>
               <TextLine ID="tl_5"
                         BASELINE="688"
                         HEIGHT="71"
                         WIDTH="880"
                         VPOS="617"
                         HPOS="163">
                  <String HEIGHT="71"
                          WIDTH="126"
                          VPOS="617"
                          HPOS="149"
                          CONTENT="pays,"/>
                  <SP HEIGHT="71" WIDTH="14" VPOS="617" HPOS="275"/>
                  <String HEIGHT="71"
                          WIDTH="112"
                          VPOS="617"
                          HPOS="233"
                          CONTENT="afin"/>
                  <SP HEIGHT="71" WIDTH="14" VPOS="617" HPOS="345"/>
                  <String HEIGHT="71" WIDTH="98" VPOS="617" HPOS="303" CONTENT="que"/>
                  <SP HEIGHT="71" WIDTH="14" VPOS="617" HPOS="400"/>
                  <String HEIGHT="71" WIDTH="84" VPOS="617" HPOS="359" CONTENT="de"/>
                  <SP HEIGHT="71" WIDTH="14" VPOS="617" HPOS="442"/>
                  <String HEIGHT="71"
                          WIDTH="196"
                          VPOS="617"
                          HPOS="400"
                          CONTENT="véritables"/>
                  <SP HEIGHT="71" WIDTH="14" VPOS="617" HPOS="596"/>
                  <String HEIGHT="71"
                          WIDTH="168"
                          VPOS="617"
                          HPOS="554"
                          CONTENT="échanges"/>
                  <SP HEIGHT="71" WIDTH="14" VPOS="617" HPOS="722"/>
                  <String HEIGHT="71"
                          WIDTH="154"
                          VPOS="617"
                          HPOS="680"
                          CONTENT="d’idées"/>
                  <SP HEIGHT="71" WIDTH="14" VPOS="617" HPOS="833"/>
                  <String HEIGHT="71"
                          WIDTH="168"
                          VPOS="617"
                          HPOS="792"
                          CONTENT="puissent"/>
                  <SP HEIGHT="71" WIDTH="14" VPOS="617" HPOS="959"/>
                  <String HEIGHT="71"
                          WIDTH="140"
                          VPOS="617"
                          HPOS="917"
                          CONTENT="naître"/>
                  <SP HEIGHT="71" WIDTH="14" VPOS="617" HPOS="1057"/>
                  <String HEIGHT="71" WIDTH="42" VPOS="617" HPOS="1001" CONTENT="à"/>
               </TextLine>
               <TextLine ID="tl_6"
                         BASELINE="721"
                         HEIGHT="49"
                         WIDTH="200"
                         VPOS="672"
                         HPOS="164">
                  <String HEIGHT="49"
                          WIDTH="120"
                          VPOS="672"
                          HPOS="151"
                          CONTENT="cette"/>
                  <SP HEIGHT="49" WIDTH="13" VPOS="672" HPOS="271"/>
                  <String HEIGHT="49"
                          WIDTH="147"
                          VPOS="672"
                          HPOS="217"
                          CONTENT="occasion."/>
               </TextLine>
            </TextBlock>
            <TextBlock ID="region_1593693302048_4766"
                       HEIGHT="80"
                       WIDTH="874"
                       VPOS="712"
                       HPOS="171">
               <Shape>
                  <Polygon POINTS="171,712 171,792 1045,792 1045,712"/>
               </Shape>
               <TextLine ID="line_1593693302116_4769"
                         BASELINE="785"
                         HEIGHT="66"
                         WIDTH="884"
                         VPOS="719"
                         HPOS="166">
                  <String HEIGHT="66"
                          WIDTH="150"
                          VPOS="719"
                          HPOS="149"
                          CONTENT="lundi"/>
                  <SP HEIGHT="66" WIDTH="17" VPOS="719" HPOS="299"/>
                  <String HEIGHT="66" WIDTH="83" VPOS="719" HPOS="249" CONTENT="4"/>
                  <SP HEIGHT="66" WIDTH="17" VPOS="719" HPOS="333"/>
                  <String HEIGHT="66"
                          WIDTH="133"
                          VPOS="719"
                          HPOS="283"
                          CONTENT="oct."/>
                  <SP HEIGHT="66" WIDTH="17" VPOS="719" HPOS="416"/>
                  <String HEIGHT="66"
                          WIDTH="250"
                          VPOS="719"
                          HPOS="366"
                          CONTENT="L’Urbanisme"/>
                  <SP HEIGHT="66" WIDTH="17" VPOS="719" HPOS="616"/>
                  <String HEIGHT="66"
                          WIDTH="267"
                          VPOS="719"
                          HPOS="566"
                          CONTENT="Contemporain"/>
                  <SP HEIGHT="66" WIDTH="17" VPOS="719" HPOS="833"/>
                  <String HEIGHT="66"
                          WIDTH="217"
                          VPOS="719"
                          HPOS="783"
                          CONTENT="(Colloque"/>
                  <SP HEIGHT="66" WIDTH="17" VPOS="719" HPOS="1000"/>
                  <String HEIGHT="66"
                          WIDTH="117"
                          VPOS="719"
                          HPOS="933"
                          CONTENT="orga"
                          SUBS_TYPE="HypPart1"
                          SUBS_CONTENT="organisé"/>
                  <HYP CONTENT="-"/>
               </TextLine>
               <TextLine ID="line_1593693305268_4774"
                         BASELINE="829"
                         HEIGHT="72"
                         WIDTH="637"
                         VPOS="757"
                         HPOS="394">
                  <String HEIGHT="72"
                          WIDTH="113"
                          VPOS="757"
                          HPOS="380"
                          CONTENT="nisé"
                          SUBS_TYPE="HypPart2"
                          SUBS_CONTENT="organisé"/>
                  <SP HEIGHT="72" WIDTH="14" VPOS="757" HPOS="493"/>
                  <String HEIGHT="72" WIDTH="71" VPOS="757" HPOS="451" CONTENT="à"/>
                  <SP HEIGHT="72" WIDTH="14" VPOS="757" HPOS="521"/>
                  <String HEIGHT="72"
                          WIDTH="198"
                          VPOS="757"
                          HPOS="479"
                          CONTENT="l’occasion"/>
                  <SP HEIGHT="72" WIDTH="14" VPOS="757" HPOS="677"/>
                  <String HEIGHT="72" WIDTH="85" VPOS="757" HPOS="635" CONTENT="du"/>
                  <SP HEIGHT="72" WIDTH="14" VPOS="757" HPOS="720"/>
                  <String HEIGHT="72"
                          WIDTH="156"
                          VPOS="757"
                          HPOS="677"
                          CONTENT="Congrès"/>
                  <SP HEIGHT="72" WIDTH="14" VPOS="757" HPOS="833"/>
                  <String HEIGHT="72" WIDTH="85" VPOS="757" HPOS="790" CONTENT="de"/>
                  <SP HEIGHT="72" WIDTH="14" VPOS="757" HPOS="875"/>
                  <String HEIGHT="72"
                          WIDTH="170"
                          VPOS="757"
                          HPOS="833"
                          CONTENT="l’A.l.C."/>
                  <SP HEIGHT="72" WIDTH="14" VPOS="757" HPOS="1003"/>
                  <String HEIGHT="72" WIDTH="85" VPOS="757" HPOS="946" CONTENT="A.)."/>
               </TextLine>
            </TextBlock>
            <TextBlock ID="region_1593693308648_4779"
                       HEIGHT="76"
                       WIDTH="710"
                       VPOS="820"
                       HPOS="168">
               <Shape>
                  <Polygon POINTS="168,820 168,896 878,896 878,820"/>
               </Shape>
               <TextLine ID="line_1593693308722_4782"
                         BASELINE="906"
                         HEIGHT="91"
                         WIDTH="721"
                         VPOS="815"
                         HPOS="163">
                  <String HEIGHT="91"
                          WIDTH="147"
                          VPOS="815"
                          HPOS="147"
                          CONTENT="lundi"/>
                  <SP HEIGHT="91" WIDTH="16" VPOS="815" HPOS="294"/>
                  <String HEIGHT="91" WIDTH="98" VPOS="815" HPOS="245" CONTENT="11"/>
                  <SP HEIGHT="91" WIDTH="16" VPOS="815" HPOS="343"/>
                  <String HEIGHT="91"
                          WIDTH="131"
                          VPOS="815"
                          HPOS="294"
                          CONTENT="oct."/>
                  <SP HEIGHT="91" WIDTH="16" VPOS="815" HPOS="425"/>
                  <String HEIGHT="91"
                          WIDTH="131"
                          VPOS="815"
                          HPOS="376"
                          CONTENT="Jazz"/>
                  <SP HEIGHT="91" WIDTH="16" VPOS="815" HPOS="507"/>
                  <String HEIGHT="91" WIDTH="98" VPOS="815" HPOS="458" CONTENT="et"/>
                  <SP HEIGHT="91" WIDTH="16" VPOS="815" HPOS="556"/>
                  <String HEIGHT="91"
                          WIDTH="180"
                          VPOS="815"
                          HPOS="507"
                          CONTENT="musique"/>
                  <SP HEIGHT="91" WIDTH="16" VPOS="815" HPOS="687"/>
                  <String HEIGHT="91"
                          WIDTH="262"
                          VPOS="815"
                          HPOS="622"
                          CONTENT="contemporaine."/>
               </TextLine>
               <TextLine ID="line_1593693313118_4787"
                         BASELINE="964"
                         HEIGHT="80"
                         WIDTH="892"
                         VPOS="884"
                         HPOS="166">
                  <String HEIGHT="80"
                          WIDTH="143"
                          VPOS="884"
                          HPOS="150"
                          CONTENT="lundi"/>
                  <SP HEIGHT="80" WIDTH="16" VPOS="884" HPOS="293"/>
                  <String HEIGHT="80" WIDTH="96" VPOS="884" HPOS="246" CONTENT="18"/>
                  <SP HEIGHT="80" WIDTH="16" VPOS="884" HPOS="341"/>
                  <String HEIGHT="80"
                          WIDTH="127"
                          VPOS="884"
                          HPOS="293"
                          CONTENT="oct."/>
                  <SP HEIGHT="80" WIDTH="16" VPOS="884" HPOS="421"/>
                  <String HEIGHT="80" WIDTH="112" VPOS="884" HPOS="373" CONTENT="Les"/>
                  <SP HEIGHT="80" WIDTH="16" VPOS="884" HPOS="485"/>
                  <String HEIGHT="80"
                          WIDTH="175"
                          VPOS="884"
                          HPOS="437"
                          CONTENT="Maisons"/>
                  <SP HEIGHT="80" WIDTH="16" VPOS="884" HPOS="612"/>
                  <String HEIGHT="80" WIDTH="96" VPOS="884" HPOS="564" CONTENT="de"/>
                  <SP HEIGHT="80" WIDTH="16" VPOS="884" HPOS="660"/>
                  <String HEIGHT="80"
                          WIDTH="175"
                          VPOS="884"
                          HPOS="612"
                          CONTENT="Culture"/>
                  <SP HEIGHT="80" WIDTH="16" VPOS="884" HPOS="787"/>
                  <String HEIGHT="80" WIDTH="96" VPOS="884" HPOS="739" CONTENT="et"/>
                  <SP HEIGHT="80" WIDTH="16" VPOS="884" HPOS="835"/>
                  <String HEIGHT="80" WIDTH="112" VPOS="884" HPOS="787" CONTENT="les"/>
                  <SP HEIGHT="80" WIDTH="16" VPOS="884" HPOS="899"/>
                  <String HEIGHT="80"
                          WIDTH="175"
                          VPOS="884"
                          HPOS="851"
                          CONTENT="Centres"/>
                  <SP HEIGHT="80" WIDTH="16" VPOS="884" HPOS="1026"/>
                  <String HEIGHT="80" WIDTH="96" VPOS="884" HPOS="962" CONTENT="Dra"/>
               </TextLine>
            </TextBlock>
            <TextBlock ID="region_1593693316428_4792"
                       HEIGHT="53"
                       WIDTH="152"
                       VPOS="932"
                       HPOS="401">
               <Shape>
                  <Polygon POINTS="401,932 401,985 553,985 553,932"/>
               </Shape>
               <TextLine ID="line_1593693316504_4795"
                         BASELINE="999"
                         HEIGHT="52"
                         WIDTH="162"
                         VPOS="947"
                         HPOS="396">
                  <String HEIGHT="52"
                          WIDTH="198"
                          VPOS="947"
                          HPOS="360"
                          CONTENT="matiques."/>
               </TextLine>
            </TextBlock>
            <TextBlock ID="r_4_1" HEIGHT="56" WIDTH="846" VPOS="1079" HPOS="176">
               <Shape>
                  <Polygon POINTS="176,1079 1022,1079 1022,1135 176,1135"/>
               </Shape>
               <TextLine ID="tl_17"
                         BASELINE="1146"
                         HEIGHT="74"
                         WIDTH="856"
                         VPOS="1072"
                         HPOS="171">
                  <String HEIGHT="74"
                          WIDTH="140"
                          VPOS="1072"
                          HPOS="155"
                          CONTENT="lundi"/>
                  <SP HEIGHT="74" WIDTH="16" VPOS="1072" HPOS="296"/>
                  <String HEIGHT="74"
                          WIDTH="109"
                          VPOS="1072"
                          HPOS="249"
                          CONTENT="1er"/>
                  <SP HEIGHT="74" WIDTH="16" VPOS="1072" HPOS="358"/>
                  <String HEIGHT="74"
                          WIDTH="125"
                          VPOS="1072"
                          HPOS="311"
                          CONTENT="nov."/>
                  <SP HEIGHT="74" WIDTH="16" VPOS="1072" HPOS="436"/>
                  <String HEIGHT="74"
                          WIDTH="249"
                          VPOS="1072"
                          HPOS="389"
                          CONTENT="Enseignement"/>
                  <SP HEIGHT="74" WIDTH="16" VPOS="1072" HPOS="638"/>
                  <String HEIGHT="74"
                          WIDTH="109"
                          VPOS="1072"
                          HPOS="591"
                          CONTENT="des"/>
                  <SP HEIGHT="74" WIDTH="16" VPOS="1072" HPOS="700"/>
                  <String HEIGHT="74"
                          WIDTH="218"
                          VPOS="1072"
                          HPOS="653"
                          CONTENT="Beaux-Arts"/>
                  <SP HEIGHT="74" WIDTH="16" VPOS="1072" HPOS="871"/>
                  <String HEIGHT="74" WIDTH="93" VPOS="1072" HPOS="825" CONTENT="et"/>
                  <SP HEIGHT="74" WIDTH="16" VPOS="1072" HPOS="918"/>
                  <String HEIGHT="74"
                          WIDTH="171"
                          VPOS="1072"
                          HPOS="856"
                          CONTENT="Création."/>
               </TextLine>
            </TextBlock>
            <TextBlock ID="r_4_2" HEIGHT="123" WIDTH="879" VPOS="1138" HPOS="176">
               <Shape>
                  <Polygon POINTS="176,1138 1055,1138 1055,1261 176,1261"/>
               </Shape>
               <TextLine ID="tl_18"
                         BASELINE="1193"
                         HEIGHT="67"
                         WIDTH="885"
                         VPOS="1126"
                         HPOS="173">
                  <String HEIGHT="67"
                          WIDTH="116"
                          VPOS="1126"
                          HPOS="158"
                          CONTENT="Pour"/>
                  <SP HEIGHT="67" WIDTH="15" VPOS="1126" HPOS="275"/>
                  <String HEIGHT="67" WIDTH="87" VPOS="1126" HPOS="231" CONTENT="le"/>
                  <SP HEIGHT="67" WIDTH="15" VPOS="1126" HPOS="318"/>
                  <String HEIGHT="67"
                          WIDTH="189"
                          VPOS="1126"
                          HPOS="275"
                          CONTENT="programme"/>
                  <SP HEIGHT="67" WIDTH="15" VPOS="1126" HPOS="463"/>
                  <String HEIGHT="67"
                          WIDTH="174"
                          VPOS="1126"
                          HPOS="420"
                          CONTENT="détaillé"/>
                  <SP HEIGHT="67" WIDTH="15" VPOS="1126" HPOS="594"/>
                  <String HEIGHT="67" WIDTH="87" VPOS="1126" HPOS="550" CONTENT="de"/>
                  <SP HEIGHT="67" WIDTH="15" VPOS="1126" HPOS="637"/>
                  <String HEIGHT="67"
                          WIDTH="145"
                          VPOS="1126"
                          HPOS="594"
                          CONTENT="chaque"/>
                  <SP HEIGHT="67" WIDTH="15" VPOS="1126" HPOS="739"/>
                  <String HEIGHT="67"
                          WIDTH="189"
                          VPOS="1126"
                          HPOS="695"
                          CONTENT="Colloque,"/>
                  <SP HEIGHT="67" WIDTH="15" VPOS="1126" HPOS="884"/>
                  <String HEIGHT="67" WIDTH="87" VPOS="1126" HPOS="840" CONTENT="se"/>
                  <SP HEIGHT="67" WIDTH="15" VPOS="1126" HPOS="927"/>
                  <String HEIGHT="67"
                          WIDTH="174"
                          VPOS="1126"
                          HPOS="884"
                          CONTENT="reporter"/>
                  <SP HEIGHT="67" WIDTH="15" VPOS="1126" HPOS="1058"/>
                  <String HEIGHT="67" WIDTH="58" VPOS="1126" HPOS="1000" CONTENT="au"/>
               </TextLine>
               <TextLine ID="tl_19"
                         BASELINE="1220"
                         HEIGHT="53"
                         WIDTH="887"
                         VPOS="1167"
                         HPOS="172">
                  <String HEIGHT="53"
                          WIDTH="191"
                          VPOS="1167"
                          HPOS="158"
                          CONTENT="calendrier"/>
                  <SP HEIGHT="53" WIDTH="14" VPOS="1167" HPOS="349"/>
                  <String HEIGHT="53" WIDTH="82" VPOS="1167" HPOS="308" CONTENT="de"/>
                  <SP HEIGHT="53" WIDTH="14" VPOS="1167" HPOS="390"/>
                  <String HEIGHT="53" WIDTH="82" VPOS="1167" HPOS="349" CONTENT="la"/>
                  <SP HEIGHT="53" WIDTH="14" VPOS="1167" HPOS="431"/>
                  <String HEIGHT="53"
                          WIDTH="164"
                          VPOS="1167"
                          HPOS="390"
                          CONTENT="Biennale"/>
                  <SP HEIGHT="53" WIDTH="14" VPOS="1167" HPOS="554"/>
                  <String HEIGHT="53" WIDTH="82" VPOS="1167" HPOS="513" CONTENT="et"/>
                  <SP HEIGHT="53" WIDTH="14" VPOS="1167" HPOS="595"/>
                  <String HEIGHT="53" WIDTH="82" VPOS="1167" HPOS="554" CONTENT="au"/>
                  <SP HEIGHT="53" WIDTH="14" VPOS="1167" HPOS="636"/>
                  <String HEIGHT="53"
                          WIDTH="150"
                          VPOS="1167"
                          HPOS="595"
                          CONTENT="tableau"/>
                  <SP HEIGHT="53" WIDTH="14" VPOS="1167" HPOS="745"/>
                  <String HEIGHT="53"
                          WIDTH="205"
                          VPOS="1167"
                          HPOS="704"
                          CONTENT="d’affichage"/>
                  <SP HEIGHT="53" WIDTH="14" VPOS="1167" HPOS="909"/>
                  <String HEIGHT="53" WIDTH="68" VPOS="1167" HPOS="868" CONTENT="à"/>
                  <SP HEIGHT="53" WIDTH="14" VPOS="1167" HPOS="936"/>
                  <String HEIGHT="53"
                          WIDTH="164"
                          VPOS="1167"
                          HPOS="895"
                          CONTENT="l’entrée"/>
                  <SP HEIGHT="53" WIDTH="14" VPOS="1167" HPOS="1059"/>
                  <String HEIGHT="53" WIDTH="55" VPOS="1167" HPOS="1004" CONTENT="du"/>
               </TextLine>
               <TextLine ID="tl_20"
                         BASELINE="1264"
                         HEIGHT="54"
                         WIDTH="889"
                         VPOS="1210"
                         HPOS="171">
                  <String HEIGHT="54"
                          WIDTH="155"
                          VPOS="1210"
                          HPOS="157"
                          CONTENT="Théâtre"/>
                  <SP HEIGHT="54" WIDTH="14" VPOS="1210" HPOS="312"/>
                  <String HEIGHT="54"
                          WIDTH="169"
                          VPOS="1210"
                          HPOS="270"
                          CONTENT="d’Essai,"/>
                  <SP HEIGHT="54" WIDTH="14" VPOS="1210" HPOS="439"/>
                  <String HEIGHT="54"
                          WIDTH="127"
                          VPOS="1210"
                          HPOS="397"
                          CONTENT="ainsi"/>
                  <SP HEIGHT="54" WIDTH="14" VPOS="1210" HPOS="524"/>
                  <String HEIGHT="54"
                          WIDTH="127"
                          VPOS="1210"
                          HPOS="481"
                          CONTENT="qu’au"/>
                  <SP HEIGHT="54" WIDTH="14" VPOS="1210" HPOS="608"/>
                  <String HEIGHT="54"
                          WIDTH="183"
                          VPOS="1210"
                          HPOS="566"
                          CONTENT="programme"/>
                  <SP HEIGHT="54" WIDTH="14" VPOS="1210" HPOS="750"/>
                  <String HEIGHT="54"
                          WIDTH="183"
                          VPOS="1210"
                          HPOS="707"
                          CONTENT="distribué"/>
                  <SP HEIGHT="54" WIDTH="14" VPOS="1210" HPOS="891"/>
                  <String HEIGHT="54"
                          WIDTH="113"
                          VPOS="1210"
                          HPOS="848"
                          CONTENT="dans"/>
                  <SP HEIGHT="54" WIDTH="14" VPOS="1210" HPOS="961"/>
                  <String HEIGHT="54" WIDTH="85" VPOS="1210" HPOS="919" CONTENT="la"/>
                  <SP HEIGHT="54" WIDTH="14" VPOS="1210" HPOS="1004"/>
                  <String HEIGHT="54"
                          WIDTH="113"
                          VPOS="1210"
                          HPOS="947"
                          CONTENT="salle."/>
               </TextLine>
            </TextBlock>
            <GraphicalElement ID="r_5" HEIGHT="5" WIDTH="216" VPOS="0" HPOS="337"/>
            <GraphicalElement ID="r_6" HEIGHT="8" WIDTH="229" VPOS="0" HPOS="553"/>
            <GraphicalElement ID="r_7" HEIGHT="8" WIDTH="228" VPOS="0" HPOS="782"/>
            <GraphicalElement ID="r_8" HEIGHT="4" WIDTH="76" VPOS="0" HPOS="1010"/>
            <GraphicalElement ID="r_9" HEIGHT="20" WIDTH="490" VPOS="2311" HPOS="0"/>
            <GraphicalElement ID="r_10" HEIGHT="23" WIDTH="359" VPOS="2308" HPOS="490"/>
         </PrintSpace>
      </Page>
   </Layout>
</alto>
