1086 2373
52 75 348 65 <b>PORTUGAL</b>

195 434 264 72 Commissaire
406 434 193 72 général
547 434 88 72 :
582 434 158 72 César
688 434 211 72 Henrique
828 434 141 72 Morein

178 480 179 44 Baptista

197 513 198 59 Secrétaire
352 513 170 59 national
480 513 71 59 à
494 513 226 59 l’Information.

201 582 254 64 Commissaire
404 582 186 64 général
539 582 203 64 adjoint:
691 582 152 64 Paulo
776 582 169 64 Feirrera

138 682 173 58 Depuis
259 682 121 58 les
328 682 173 58 débuts
449 682 104 58 de
501 682 155 58 cette
604 682 311 58 manifestation-
863 682 86 58 à
881 682 86 58 la-

89 738 191 47 quelle
223 738 153 47 nous
318 738 153 47 nous
413 738 229 47 plaisons
585 738 95 47 à
623 738 191 47 rendre
757 738 210 47 hommage
891 738 76 47 en

93 772 162 54 raison
206 772 97 54 de
255 772 292 54 l’incomparable
498 772 259 54 contribution
709 772 178 54 qu’elle
822 772 146 54 apporte

90 811 99 47 au
140 811 281 47 développement
371 811 99 47 de
421 811 165 47 l’art-
537 811 149 47 notre
636 811 116 47 but
702 811 116 47 est
768 811 182 47 demeuré
883 811 83 47 in-

91 845 178 55 changé.
220 845 130 55 Pour
301 845 146 55 nous,
399 845 97 55 il
447 845 162 55 s’agit
561 845 97 55 de
609 845 194 55 montrer,
755 845 130 55 avec
836 845 113 55 une
885 845 81 55 to-

88 881 133 53 tale
171 881 182 53 vérité,
304 881 116 53 les
370 881 182 53 valeurs
503 881 116 53 qui
569 881 133 53 tout
652 881 99 53 en
702 881 149 53 étant
801 881 166 53 encore
901 881 66 53 en

90 919 155 55 cours
193 919 103 55 de
245 919 258 55 formations,
451 919 103 55 se
503 919 138 55 sont
589 919 224 55 néanmoins
761 919 138 55 déjà
829 919 138 55 acquis

90 962 120 51 une
159 962 155 51 ferme
262 962 206 51 position
417 962 138 51 dans
503 962 103 51 le
554 962 155 51 riche
657 962 206 51 panorama
812 962 103 51 de
847 962 120 51 l’art

74 993 210 52 Portugais.

131 1041 160 58 Aussi
238 1041 107 58 ne
291 1041 142 58 nous
380 1041 266 58 sommes-nous
593 1041 160 58 guère
700 1041 249 58 préoccupés
877 1041 89 58 des

106 1080 158 60 ismes
229 1080 105 60 et
282 1080 246 60 avons-nous
475 1080 176 60 décidé
598 1080 105 60 de
651 1080 228 60 présenter
826 1080 88 60 à
844 1080 123 60 cette

91 1112 194 55 Biennale
237 1112 113 55 des
301 1112 162 55 élèves
415 1112 97 55 ou
464 1112 113 55 des
528 1112 194 55 artistes
674 1112 81 55 à
707 1112 146 55 peine
804 1112 162 55 sortis
901 1112 65 55 de

90 1156 194 57 l’Ecole-
236 1156 130 57 mais
317 1156 130 57 déjà
398 1156 113 57 des
463 1156 292 57 professionnels
706 1156 81 57 à
738 1156 130 57 part
803 1156 162 57 entière-

89 1204 127 40 afin
169 1204 95 40 de
216 1204 127 40 leur
296 1204 223 40 permetter,
471 1204 80 40 à
503 1204 175 40 travers
630 1204 95 40 le
678 1204 127 40 mode
741 1204 223 40 d’expression

88 1237 98 51 de
137 1237 130 51 leur
218 1237 146 51 choix
315 1237 98 51 et
364 1237 146 51 selon
462 1237 146 51 leurs
559 1237 146 51 goûts
657 1237 179 51 propres
771 1237 195 51 d’exprimer

89 1270 135 53 leur
173 1270 270 53 personnalité
393 1270 101 53 et
443 1270 152 53 leurs
544 1270 152 53 idées
646 1270 118 53 sur
713 1270 101 53 ce
764 1270 152 53 monde
865 1270 101 53 où
899 1270 67 53 is

88 1318 131 47 sont
169 1318 114 47 nés
235 1318 98 47 et
284 1318 98 47 où
333 1318 114 47 ils
382 1318 147 47 vivent.

131 1356 216 57 Sarsfield
298 1356 167 57 Cabral
414 1356 100 57 et
464 1356 133 57 Remo
548 1356 200 57 achèvent
698 1356 133 57 tous
781 1356 133 57 deux
847 1356 117 57 leurs

86 1398 166 47 études
202 1398 83 47 à
236 1398 182 47 l’Ecole
368 1398 232 47 Supérieure
551 1398 116 47 des
617 1398 232 47 Beaux-Arts
799 1398 99 47 de
832 1398 133 47 Porto;

90 1435 145 39 Maria
187 1435 145 39 Irene
284 1435 162 39 Vilar,
397 1435 226 39 sculpteur,
574 1435 97 39 et
623 1435 97 39 le
671 1435 178 39 peintre
800 1435 129 39 Luis
865 1435 97 39 Gon-

87 1481 169 39 çalves
205 1481 118 39 ont
273 1481 186 39 terminé
408 1481 152 39 leurs
509 1481 186 39 études,
644 1481 304 39 respectivement
881 1481 84 39 aux

86 1512 179 50 Ecoles
212 1512 269 50 Supérieures
427 1512 126 50 des
499 1512 251 50 Beaux-Arts
696 1512 108 50 de
750 1512 161 50 Porto
857 1512 108 50 et
893 1512 72 50 de

67 1547 207 53 Lisbonne.

131 1597 104 46 De
183 1597 122 46 ces
252 1597 174 46 divers
374 1597 208 46 artistes
530 1597 156 46 émane
634 1597 122 46 une
704 1597 208 46 évidente
842 1597 122 46 unité

84 1635 138 54 dont
170 1635 103 54 il
222 1635 138 54 faut
308 1635 207 54 chercher
463 1635 103 54 la
515 1635 172 54 raison
635 1635 138 54 dans
722 1635 103 54 la
756 1635 207 54 communauté

84 1674 100 48 de
134 1674 166 48 souche
250 1674 100 48 et
300 1674 133 48 dans
383 1674 100 48 le
433 1674 183 48 partage
566 1674 116 48 des
632 1674 199 48 réalités
781 1674 100 48 de
815 1674 149 48 l’heure

67 1711 193 52 présente.

130 1756 144 57 C’est
226 1756 96 57 en
274 1756 144 57 effet
370 1756 144 57 notre
466 1756 224 57 conviction
643 1756 192 57 profonde
787 1756 144 57 qu’il
867 1756 96 57 n’ya

87 1798 110 55 pas
150 1798 141 55 d’art
244 1798 125 55 sans
322 1798 172 55 Patrie,
448 1798 110 55 car
510 1798 204 55 l’artiste
667 1798 94 55 ne
714 1798 125 55 naît
793 1798 125 55 pas,
871 1798 94 55 ne
902 1798 63 55 se

85 1846 216 44 développe
251 1846 133 44 pas,
334 1846 100 44 ne
384 1846 116 44 vit
451 1846 116 44 pas
517 1846 100 44 et
567 1846 100 44 ne
616 1846 149 44 meurt
716 1846 116 44 pas
782 1846 149 44 perdu
865 1846 100 44 dans

86 1875 103 52 le
137 1875 190 52 cosmos,
275 1875 138 52 mais
362 1875 138 52 bien
448 1875 103 52 au
500 1875 138 52 cœur
586 1875 138 52 d’un
672 1875 190 52 paysage
793 1875 172 52 physique

87 1917 91 34 et
132 1917 136 34 moral
223 1917 121 34 dont
298 1917 91 34 il
343 1917 121 34 fait
419 1917 166 34 partie,
540 1917 121 34 dont
615 1917 91 34 il
660 1917 106 34 est
721 1917 91 34 un
766 1917 166 34 élément
871 1917 91 34 lui-

85 1953 141 40 même
173 1953 105 40 et
226 1953 211 40 d’autant
384 1953 141 40 plus
472 1953 246 40 signifiant
665 1953 123 40 que
736 1953 105 40 sa
771 1953 193 40 puissance

86 1992 215 44 créatrice
251 1992 116 44 est
317 1992 132 44 plus
383 1992 149 44 grande.

131 2035 208 49 L’artiste
291 2035 96 49 ne
339 2035 112 49 vit
403 2035 112 49 pas
467 2035 112 49 les
531 2035 128 49 yeux
611 2035 176 49 fermés,
739 2035 128 49 ceux
819 2035 96 49 du
851 2035 112 49 comps

86 2076 107 44 et
140 2076 143 44 ceux
229 2076 107 44 de
283 2076 179 44 l’âme,
408 2076 107 44 au
462 2076 233 44 spectacle
641 2076 107 44 du
695 2076 179 44 monde.
820 2076 143 44 Bien
891 2076 72 44 au

87 2113 219 60 contraire,
259 2113 125 60 tout
337 2113 94 60 ce
384 2113 109 60 qui
447 2113 109 60 est
509 2113 141 60 perçu
603 2113 109 60 par
665 2113 94 60 sa
712 2113 234 60 sensibilité
884 2113 78 60 dé-

86 2150 193 43 clenche
227 2150 333 43 automatiquement
507 2150 140 43 dans
595 2150 105 43 sa
647 2150 175 43 rétine
770 2150 105 43 un
805 2150 158 43 réflexe

70 2186 219 56 spécifique.

87 2240 78 50 104
