1086 2373
56 80 247 68 <b>VIET-
221 80 185 68 NAM</b>

209 458 288 79 Commissaire
439 458 231 79 général:
612 458 192 79 Nguyen
747 458 135 79 Van
804 458 135 79 Quyen

217 526 174 65 Président
351 526 80 65 du
391 526 134 65 Comité
485 526 161 65 National
606 526 94 65 des
659 526 107 65 Arts
726 526 201 65 Plastiques,
874 526 107 65 Direc-

208 570 122 53 teur
284 570 91 53 de
330 570 274 53 l’Enseignement
558 570 107 53 des
604 570 198 53 Beaux

153 694 99 61 La
203 694 265 61 participaton
418 694 265 61 vietnamienne
633 694 83 61 à
667 694 99 61 la
716 694 215 61 Quatrième
865 694 116 61 Bien-

107 738 130 63 nale
188 738 97 63 de
236 738 162 63 Paris,
350 738 130 63 avec
431 738 162 63 quatre
544 738 227 63 peintures,
723 738 130 63 deux
788 738 194 63 sculptures

103 784 99 53 et
153 784 99 53 un
203 784 133 53 film
286 784 99 53 de
336 784 149 53 court
435 784 199 53 métrage,
584 784 99 53 ne
634 784 99 53 se
684 784 182 53 prétend
800 784 182 53 nullement

103 819 304 54 représentative
357 819 101 54 de
407 819 169 54 toutes
526 819 118 54 les
593 819 220 54 tendances
762 819 220 54 actuelles
914 819 68 54 de

104 857 112 50 nos
168 857 191 50 artistes
311 857 128 50 qui,
391 857 128 50 dans
471 857 112 50 des
535 857 223 50 conditions
710 857 112 50 peu
774 857 223 50 favorables
933 857 48 50 à

103 885 326 61 l’épanouissement
380 885 195 61 intégral
526 885 98 61 de
575 885 130 61 leur
656 885 147 61 riche
754 885 179 61 talent,
868 885 114 61 n’ont

98 926 177 61 jamais
222 926 159 61 cessé
328 926 229 61 cependant
504 926 106 61 de
557 926 212 61 chercher
716 926 177 61 chacun
840 926 106 61 sa
875 926 106 61 voie

101 965 184 50 propre,
235 965 100 50 de
285 965 100 50 se
319 965 217 50 chercher...

144 1016 122 57 Ces
213 1016 174 57 œuvres
335 1016 296 57 sélectionnées
579 1016 122 57 par
648 1016 104 57 un
701 1016 139 57 jury
788 1016 104 57 de
822 1016 157 57 jeunes,

98 1059 229 44 reflètent
275 1059 229 44 néanmoins
451 1059 159 44 sinon
557 1059 194 44 l’image
699 1059 177 44 exacte
822 1059 106 44 du
857 1059 124 44 jeune

97 1097 119 47 art
165 1097 254 47 vietnamien,
368 1097 102 47 du
419 1097 152 47 moins
521 1097 271 47 quelques-uns
741 1097 102 47 de
792 1097 119 47 ses
842 1097 136 47 traits

95 1128 347 51 caractéristiques
389 1128 104 51 où
441 1128 243 51 sobrement,
632 1128 208 51 l’Orient
788 1128 104 51 se
840 1128 156 51 marie
927 1128 52 51 à

81 1162 222 52 l’Occident.

140 1210 103 56 La
191 1210 205 56 Première
345 1210 239 56 Exposition
533 1210 308 56 Internationale
789 1210 120 56 des
840 1210 137 56 Beaux-

93 1245 129 62 Arts
173 1245 97 62 de
222 1245 161 62 Saïgon
334 1245 97 62 en
383 1245 145 62 1962-
479 1245 80 62 à
511 1245 193 62 laquelle
656 1245 97 62 un
704 1245 177 62 artiste
817 1245 161 62 français

96 1292 80 57 a
128 1292 192 57 remporté
272 1292 96 57 le
320 1292 128 57 plus
400 1292 144 57 grand
496 1292 144 57 prix-
593 1292 80 57 a
625 1292 160 57 fourni
737 1292 80 57 à
769 1292 112 57 nos
817 1292 160 57 artistes

94 1326 237 55 l’occasion
281 1326 153 55 d’une
382 1326 153 55 large
484 1326 102 55 et
535 1326 237 55 profitable
705 1326 271 55 confrontation.

94 1365 106 59 Et
147 1365 159 59 c’est
253 1365 141 59 dans
341 1365 106 59 ce
394 1365 212 59 contexte
553 1365 106 59 et
606 1365 141 59 dans
695 1365 141 59 leur
783 1365 194 59 avidité
906 1365 71 59 de

92 1405 221 46 connaître
262 1405 136 46 leur
347 1405 153 46 place
449 1405 238 46 éventuelle
635 1405 136 46 dans
720 1405 119 46 les
788 1405 136 46 arts
856 1405 119 46 plas-

91 1443 170 46 tiques
210 1443 119 46 que
278 1443 119 46 nos
346 1443 170 46 jeunes
465 1443 204 46 artistes
619 1443 238 46 présentent
806 1443 119 46 aux
857 1443 119 46 visi-

90 1484 163 50 teurs
198 1484 109 50 de
253 1484 109 50 la
307 1484 217 50 Biennale
470 1484 307 50 quelques-unes
723 1484 109 50 de
777 1484 163 50 leurs
868 1484 109 50 très

92 1523 221 51 modestes
257 1523 294 51 réalisations
496 1523 147 51 dans
589 1523 110 51 le
644 1523 202 51 domaine
773 1523 202 51 pictural,

89 1555 249 50 sculptural
285 1555 107 50 et
320 1555 356 50 cinématographique.

624 1621 186 54 Nguyen
755 1621 130 54 Van
810 1621 149 54 Quyen.

76 2246 82 47 124
