1086 2373
31 77 345 66 <b>POLOGNE</b>

214 495 263 68 Commissaire
425 495 211 68 général:
583 495 228 68 Stanislaw
741 495 193 68 Teisseyre

221 542 197 73 Professeur
376 542 70 73 à
404 542 155 73 l’Ecole
517 542 197 73 Supérieure
671 542 99 73 des
728 542 113 73 Arts
784 542 183 73 Plastiques

198 579 165 50 Gdansk.

154 706 101 69 Ce
205 706 117 69 qui
272 706 168 69 frappe
389 706 352 69 particulièrement,
691 706 134 69 dans
775 706 101 69 ce
825 706 151 69 choix
909 706 67 69 de

107 742 184 70 travaux
241 742 234 70 d’artistes
424 742 200 70 polonais
575 742 100 70 de
625 742 100 70 la
675 742 150 70 jeune
758 742 217 70 génération,

106 795 150 54 c’est
207 795 100 54 la
257 795 217 54 diversité
424 795 117 54 des
491 795 217 54 tendances
658 795 100 54 et
708 795 117 54 des
758 795 217 54 recherches.

109 822 126 68 Elle
188 822 173 68 résulte
314 822 95 68 de
361 822 158 68 l’élan
472 822 95 68 de
519 822 189 68 nouveaux
661 822 173 68 centres
771 822 205 68 artistiques

104 859 108 49 de
158 859 163 49 notre
249 859 127 49 pays.

151 909 247 64 L’envergure
348 909 115 64 des
414 909 214 64 problèmes
579 909 165 64 posés,
695 909 99 64 la
744 909 214 64 diversité
893 909 82 64 des

102 953 184 57 visions
236 953 268 57 artistiques,
454 953 201 57 prouvent
605 953 151 57 qu’il
706 953 168 57 existe
823 953 134 57 chez
890 953 84 57 nos

103 993 218 49 artistes,
271 993 117 49 non
338 993 218 49 seulement
506 993 101 49 un
556 993 201 49 puissant
707 993 184 49 élément
824 993 151 49 créateu

104 1028 99 50 et
153 1028 115 50 une
219 1028 197 50 tendance
366 1028 82 50 à
399 1028 181 50 vaincre
531 1028 99 50 le
580 1028 148 50 passé
678 1028 99 50 et
728 1028 115 50 les
777 1028 197 50 mouvements

102 1062 174 59 encore
224 1062 209 59 actuels,
381 1062 140 59 mais
468 1062 122 59 une
538 1062 227 59 tentative
712 1062 105 59 de
765 1062 192 59 définir
887 1062 87 59 une

104 1100 189 54 position
246 1100 142 54 neuve
341 1100 95 54 en
388 1100 126 54 face
467 1100 95 54 de
514 1100 95 54 la
562 1100 189 54 réalité.
704 1100 110 54 Ces
767 1100 221 54 tentatives
925 1100 47 54 à

102 1146 157 51 peine
206 1146 261 51 naissantes,
415 1146 104 51 ce
467 1146 139 51 sont
554 1146 157 51 elles
659 1146 122 51 qui
728 1146 244 51 décideront
902 1146 70 51 du

102 1184 164 44 chemin
217 1184 82 44 à
250 1184 181 44 suivre.
381 1184 99 44 Et
430 1184 99 44 il
480 1184 181 44 devient
611 1184 181 44 évident
743 1184 132 44 que,
825 1184 132 44 dans
891 1184 82 44 les

99 1215 165 51 jeunes
214 1215 132 51 arts
296 1215 247 51 plastiques,
494 1215 148 51 c’est
592 1215 99 51 la
642 1215 214 51 recherche
806 1215 132 51 d’un
872 1215 99 51 nou-

100 1257 132 53 veau
182 1257 164 53 modèle
297 1257 99 53 de
346 1257 148 53 l’art
445 1257 214 53 figuratif
609 1257 115 53 qui
675 1257 197 53 apparaît
823 1257 148 53 comme
905 1257 66 53 la

95 1289 223 55 tendance
244 1289 204 55 générale.

146 1329 168 67 D’autre
268 1329 199 67 part-fait
421 1329 122 67 très
498 1329 245 67 significatif
697 1329 122 67 pour
758 1329 214 67 l’atmosphère

97 1385 240 44 culturelle
286 1385 103 44 de
337 1385 154 44 notre
440 1385 137 44 pays
526 1385 86 44 -
560 1385 154 44 notre
663 1385 223 44 sélection
818 1385 154 44 confime

97 1423 154 50 d’une
200 1423 189 50 manière
337 1423 137 50 très
423 1423 154 50 nette
526 1423 275 50 l’importance
749 1423 103 50 du
783 1423 189 50 phénomène

96 1456 99 48 de
146 1456 99 48 la
196 1456 215 48 naissance
361 1456 99 48 de
410 1456 198 48 nouveaux
559 1456 182 48 milieux
691 1456 248 48 artistiques
873 1456 99 48 fott

96 1499 264 37 différenciés
310 1499 99 37 et
360 1499 132 37 leur
442 1499 281 37 développement
673 1499 99 37 en
723 1499 182 37 centres
838 1499 132 37 artis-

94 1529 175 50 tiques
217 1529 245 50 autonomes.
410 1529 105 50 Au
463 1529 158 50 cours
568 1529 123 50 des
638 1529 175 50 années
761 1529 105 50 de
796 1529 175 50 l’après-

95 1568 182 57 guerre,
228 1568 149 57 outre
327 1568 198 57 Varsovie
475 1568 99 57 et
525 1568 215 57 Cracovie,
690 1568 165 57 villes
806 1568 165 57 riches
905 1568 66 57 en

94 1613 228 46 anciennes
270 1613 245 46 traditions
463 1613 263 46 artistiques
673 1613 280 46 apparaissent
883 1613 88 46 des

94 1649 189 45 centres
231 1649 241 45 dynamiques
421 1649 138 45 tels
507 1649 120 45 que
575 1649 172 45 Gdansk
696 1649 120 45 et,
765 1649 138 45 plus
833 1649 138 45 demiè-

97 1683 181 54 rement,
228 1683 214 54 certaines
393 1683 165 54 villes
509 1683 99 54 de
558 1683 198 54 Silésie,
706 1683 132 54 avec
789 1683 181 54 Wroclaw
904 1683 66 54 en

92 1718 141 49 tête
180 1718 106 49 et
216 1718 158 49 Poznan.

135 1765 80 63 A
167 1765 96 63 la
215 1765 112 63 IVe
279 1765 193 63 Biennale
424 1765 96 63 de
472 1765 161 63 Paris,
585 1765 112 63 les
649 1765 161 63 jeunes
761 1765 193 63 artistes
890 1765 80 63 po-

94 1800 179 54 lonais,
224 1800 260 54 représentant
435 1800 244 54 différentes
630 1800 227 54 tentatives
809 1800 97 54 et
841 1800 130 54 divers

92 1848 186 38 centres
227 1848 270 38 artistiques,
447 1848 135 38 nous
531 1848 169 38 feront
649 1848 219 38 connaître
818 1848 118 38 les
869 1848 101 38 ten-

93 1878 157 65 dances
203 1878 204 65 actuelles
360 1878 94 65 de
407 1878 141 65 notre
501 1878 110 65 vie
564 1878 219 65 artistique
736 1878 94 65 et
767 1878 204 65 culturelle.

83 2251 80 43 102

638 2200 205 57 Stanislaw
780 2200 189 57 Teisseyre.
