1013 2373
253 51 701 98 <b>TCHÉCOSLOVAQUIE</b>

111 431 260 89 Commissaire
319 431 208 89 général:
475 431 208 89 Jaroslav
613 431 139 89 Serych

116 484 179 67 Peintre.
250 484 208 67 Professeur
414 484 74 67 à
443 484 208 67 l’Académie
607 484 104 67 des
652 484 193 67 Beaux

76 620 101 72 Le
127 620 151 72 choix
227 620 151 72 libre
328 620 201 72 d’œuvres
478 620 251 72 plastiques,
679 620 201 72 d’œuvres
813 620 84 72 mu-

46 665 174 67 sicales
173 665 95 67 et
220 665 95 67 de
268 665 253 67 réalisations
473 665 300 67 scénographiques
710 665 190 67 présentées

45 702 84 66 à
79 702 151 66 cette
179 702 151 66 vaste
280 702 285 66 confrontation
515 702 201 66 mondiale
666 702 117 66 est
733 702 117 66 dû,
784 702 117 66 cette

45 749 186 59 fois-ci,
185 749 171 59 presque
309 749 233 59 entièrement
496 749 78 59 à
527 749 248 59 l’initiative
728 749 140 59 d’une
806 749 93 59 com-

46 775 175 72 mission
173 775 95 72 de
221 775 159 72 jeunes
332 775 207 72 rattachée
491 775 79 72 à
523 775 175 72 l’Union
650 775 111 72 des
697 775 207 72 plasticiens

47 818 99 71 et
96 818 82 71 à
129 818 181 71 l’Union
260 818 115 71 des
326 818 263 71 compositeurs
524 818 296 71 tchécoslovaques.

75 863 142 69 Pour
164 863 177 69 donner
288 863 124 69 une
358 863 142 69 idée
447 863 124 69 des
518 863 177 69 forces
642 863 248 69 créatrices
819 863 88 69 que

49 905 159 60 recèle
160 905 95 60 la
208 905 222 60 génération
383 905 207 60 montante,
542 905 127 60 nous
621 905 143 60 avons
716 905 143 60 opté,
796 905 111 60 cette

49 943 159 60 année,
160 943 127 60 pour
240 943 95 60 un
287 943 159 60 nombre
399 943 127 60 plus
478 943 207 60 restreint
637 943 95 60 de
669 943 238 60 participants.

49 978 108 60 Si,
110 978 123 60 dans
187 978 92 60 le
233 978 138 60 choix
325 978 92 60 de
372 978 108 60 ces
433 978 200 60 derniers,
587 978 92 60 il
633 978 77 60 a
664 978 138 60 fallu
741 978 169 60 sacrifier

49 1014 111 66 des
113 1014 191 66 artistes
256 1014 111 66 qui
319 1014 95 66 ne
367 1014 95 66 le
415 1014 159 66 cèdent
526 1014 95 66 en
574 1014 127 66 rien
654 1014 80 66 à
685 1014 127 66 ceux
765 1014 111 66 ici
813 1014 95 66 pré-

50 1060 163 55 sents,
164 1060 146 55 c’est
261 1060 130 55 pour
343 1060 163 55 rendre
456 1060 130 55 plus
538 1060 195 55 sensible
684 1060 98 55 la
733 1060 179 55 poussée
847 1060 65 55 de

51 1092 139 64 cette
143 1092 139 64 vague
236 1092 200 64 puissante
390 1092 93 64 et
436 1092 108 64 les
498 1092 247 64 possibilités
698 1092 170 64 qu’elle
806 1092 108 64 porte

51 1135 90 53 en
96 1135 134 53 elle.
185 1135 90 53 On
230 1135 179 53 pourrait
365 1135 119 53 dire
439 1135 105 53 que
499 1135 90 53 ce
544 1135 134 53 choix
633 1135 149 53 visait
738 1135 75 53 à
753 1135 164 53 illustrer

49 1167 106 66 la
102 1167 212 66 tendance
261 1167 265 66 progressive
473 1167 194 66 d’idées
615 1167 141 66 sous
703 1167 106 66 le
738 1167 177 66 flambeau

51 1213 229 50 desquelles
230 1213 114 50 les
296 1213 163 50 jeunes
410 1213 196 50 artistes
557 1213 180 50 peuvent
688 1213 213 50 exploiter
835 1213 82 50 une

50 1247 204 56 quantité
203 1247 256 56 innombrable
408 1247 102 56 de
459 1247 170 56 moyens
578 1247 273 56 d’expression
800 1247 102 56 en
834 1247 85 56 vue

52 1283 97 61 de
100 1283 193 61 traduire
245 1283 129 61 dans
326 1283 97 61 la
374 1283 177 61 matière
503 1283 113 61 les
568 1283 242 61 conceptions
761 1283 161 61 qu’ils
858 1283 64 61 se

54 1335 100 53 font
117 1335 75 53 de
155 1335 75 53 la
180 1335 75 53 vie.

83 1362 115 66 Ces
148 1362 181 66 efforts
280 1362 99 66 de
329 1362 198 66 l’esprit
478 1362 165 66 voient
593 1362 230 66 maintenant
757 1362 165 66 s’ouvrir

50 1410 172 50 devant
170 1410 120 50 eux
239 1410 120 50 les
307 1410 275 50 possibilités
530 1410 154 50 d’une
633 1410 292 50 manifestation
856 1410 69 50 et

51 1456 140 45 d’un
138 1456 262 45 déploiement
348 1456 227 45 spontanés
523 1456 140 45 qui,
610 1456 140 45 bien
698 1456 140 45 sûr,
785 1456 105 45 ne
820 1456 105 45 pré-

53 1486 178 53 tendent
182 1486 113 53 pas
247 1486 178 53 épuiser
377 1486 97 53 le
425 1486 146 53 sujet
522 1486 97 53 et
571 1486 162 53 rendre
684 1486 162 53 compte
797 1486 130 53 dans
862 1486 65 53 sa

53 1522 194 55 totalité
199 1522 97 55 de
247 1522 162 55 l’état
361 1522 211 55 spirituel
523 1522 97 55 de
571 1522 113 55 nos
636 1522 178 55 jeunes.
766 1522 130 55 Mais
831 1522 97 55 l’on

53 1566 197 49 perçoit
196 1566 233 49 nettement
375 1566 143 49 leur
465 1566 197 49 volonté
608 1566 286 49 d’engagement
823 1566 107 49 dans

54 1601 116 45 une
121 1601 132 45 voie
203 1601 215 45 nouvelle.
369 1601 182 45 Aboutir
501 1601 83 45 à
534 1601 99 45 un
584 1601 182 45 espace,
716 1601 198 45 n’est-ce
848 1601 83 45 pas

55 1631 103 55 là
106 1631 103 55 le
158 1631 155 55 trait
261 1631 326 55 caractéristique
536 1631 103 55 de
587 1631 155 55 notre
690 1631 189 55 époque?
811 1631 120 55 Voilà

54 1671 211 58 pourquoi
213 1671 141 58 nous
301 1671 229 58 voudrions
477 1671 176 58 ouvrir
600 1671 194 58 grandes
740 1671 123 58 les
793 1671 141 58 portes

54 1709 171 53 donnant
179 1709 109 53 sur
241 1709 109 53 les
304 1709 171 53 espaces
428 1709 93 53 et
475 1709 109 53 les
537 1709 234 53 profondeurs
724 1709 93 53 du
756 1709 171 53 spirituel

55 1743 112 59 qui
119 1743 128 59 doit
199 1743 176 59 trouver
328 1743 96 59 la
376 1743 144 59 place
472 1743 112 59 lui
536 1743 192 59 revenant
680 1743 96 59 de
729 1743 144 59 droit
825 1743 80 59 à
841 1743 96 59 côté

54 1780 119 54 des
122 1780 187 54 grandes
258 1780 271 54 réalisations
478 1780 237 54 techniques
665 1780 119 54 des
732 1780 204 54 peuples.
868 1780 68 54 Il

56 1819 155 54 semble
164 1819 109 54 que
226 1819 109 54 les
288 1819 171 54 efforts
412 1819 93 54 de
459 1819 93 54 la
505 1819 171 54 plupart
629 1819 109 54 des
691 1819 155 54 jeunes
784 1819 155 54 artistes

55 1858 100 60 se
105 1858 184 60 portent
239 1858 134 60 dans
323 1858 150 60 cette
423 1858 234 60 direction.
607 1858 150 60 Voilà
707 1858 201 60 pourquoi
841 1858 100 60 nous

57 1895 171 57 saluons
181 1895 93 57 la
227 1895 233 57 possibilité
413 1895 109 57 qui
475 1895 124 57 nous
553 1895 109 57 est
615 1895 171 57 offerte
739 1895 109 57 par
801 1895 93 57 la
832 1895 109 57 Bien-

57 1933 139 63 nale
144 1933 104 63 de
196 1933 156 63 Paris
300 1933 104 63 de
352 1933 139 63 nous
439 1933 156 63 faire
543 1933 122 63 les
613 1933 261 63 interprètes
821 1933 104 63 de
856 1933 87 63 ces

47 1981 109 54 idées.

634 2054 222 55 Jaroslav
782 2054 167 55 Serych.
