1061 2276
762 39 216 62 <b>CHILI</b>

92 306 221 53 Commissaire
269 306 177 53 général:
402 306 177 53 <b>Jorge
520 306 177 53 Elliot</b>

89 353 182 49 Directeur
229 353 84 49 de
271 353 196 49 l’Institut
426 353 211 49 d’Extension
594 353 98 49 des
650 353 112 49 Arts
721 353 196 49 Plastiques
861 353 42 49 à

85 386 217 48 l’Université
262 386 82 48 du
289 386 109 48 Chili.

29 513 107 52 Le
83 513 160 52 Chili
189 513 142 52 sera
278 513 249 52 représenté
474 513 89 52 à
510 513 107 52 la
563 513 231 52 Quatrième
723 513 178 52 Biennale

-12 554 96 61 de
36 554 144 61 Paris
132 554 112 61 par
196 554 96 61 le
243 554 176 61 peintre
371 554 176 61 Ricardo
499 554 239 61 lrarrazaval
690 554 96 61 et
738 554 96 61 le
770 554 128 61 sculp-

-17 595 141 50 teur
72 595 229 50 Valentina
248 595 159 50 Cruz,
354 595 141 50 deux
442 595 194 50 valeurs
583 595 282 50 authentiques
794 595 106 50 dans

-15 630 100 56 la
35 630 199 56 nouvelle
185 630 232 56 génération
367 630 116 56 des
433 630 199 56 artistes
566 630 216 56 plastiques.

26 676 137 58 Leur
111 676 205 58 position
265 676 120 58 est
334 676 154 58 assez
436 676 257 58 différente:
642 676 222 58 Valentina
795 676 103 58 Cruz

-18 719 110 40 en
37 719 237 40 sculpture
219 719 237 40 s’exprime
402 719 128 40 par
475 719 128 40 des
548 719 237 40 matériaux
731 719 128 40 peu
785 719 110 40 com-

-19 757 143 43 muns
71 757 143 43 avec
160 757 107 43 sa
214 757 251 43 perception
411 757 286 43 personnelle;
643 757 197 43 Ricardo
769 757 125 43 lrar-

-17 787 190 60 razaval
121 787 190 60 emploie
258 787 207 60 l’huile,
414 787 103 60 un
465 787 155 60 moyen
569 787 293 60 traditionnel,
793 787 103 60 sans

-20 830 212 52 éprouver
139 830 106 52 le
192 830 176 52 besoin
315 830 106 52 de
368 830 229 52 nouvelles
527 830 229 52 techniques.

22 870 120 63 Ces
90 870 154 63 trois
193 870 223 63 dernières
364 870 171 63 années
484 870 223 63 Valentina
655 870 137 63 Cruz
741 870 86 63 a
758 870 137 63 essayé

-22 914 128 52 les
51 914 183 52 toiles
179 914 110 52 de
233 914 201 52 chanvre
380 914 110 52 et
434 914 110 52 le
489 914 201 52 ciment,
635 914 110 52 se
690 914 201 52 servant
818 914 73 52 du

-23 954 206 45 chanvre
127 954 168 45 comme
239 954 168 45 d’une
351 954 168 45 sorte
463 954 112 45 de
519 954 150 45 peau
613 954 131 45 qui
687 954 131 45 lui
744 954 150 45 permet

-23 995 254 51 d’engendrer
180 995 118 51 des
248 995 220 51 créatures
417 995 271 51 fantastiques
637 995 102 51 ou
688 995 118 51 des
739 995 152 51 figures

-21 1025 210 45 humaines
136 1025 175 45 douées
258 1025 157 45 d’une
363 1025 227 45 étonnante
538 1025 227 45 vitalité.
713 1025 122 45 Ses
766 1025 122 45 créa-

-23 1063 149 59 tions
77 1063 116 59 les
143 1063 132 59 plus
226 1063 232 59 originales
407 1063 215 59 possèdent
573 1063 116 59 une
639 1063 182 59 étrange
755 1063 132 59 anima-

-23 1099 143 53 lité
67 1099 161 53 toute
174 1099 268 53 américaine,
388 1099 107 53 se
442 1099 250 53 rapportant
639 1099 125 53 aux
692 1099 197 53 créatures

-23 1143 273 51 symboliques
195 1143 128 51 des
268 1143 219 51 cultures
432 1143 383 51 pré-colombiennes;
742 1143 146 51 tandis

-22 1177 120 55 que
47 1177 120 55 ses
115 1177 189 55 figures
253 1177 206 55 humaines
407 1177 86 55 à
442 1177 103 55 la
493 1177 137 55 peau
579 1177 206 55 rugueuse
716 1177 172 55 évoquent

-19 1216 111 43 es
36 1216 184 43 momies
165 1216 240 43 anciennes
349 1216 258 43 d’Amérique
552 1216 111 43 et
607 1216 129 43 les
681 1216 184 43 saints
792 1216 92 43 ba-

-22 1246 164 60 oques
87 1246 110 60 de
142 1246 219 60 l’époque
288 1246 219 60 coloniale.

18 1296 180 56 Ricardo
148 1296 245 56 lrarrazaval
345 1296 114 56 est
410 1296 98 56 un
459 1296 180 56 peintre
590 1296 147 56 d’une
672 1296 213 56 sensibilité

-24 1338 199 43 2xtrême
121 1338 109 43 et
175 1338 127 43 son
247 1338 145 43 sens
338 1338 217 43 pictural
501 1338 163 43 épuré
609 1338 109 43 le
664 1338 163 43 porte
772 1338 91 43 à
790 1338 91 43 em-

-21 1373 158 52 oloyer
90 1373 174 52 l’huile
217 1373 127 52 avec
296 1373 206 52 intensité
454 1373 127 52 pour
533 1373 95 52 en
580 1373 190 52 extraire
723 1373 111 52 ses
770 1373 111 52 meil-

-20 1411 129 55 eurs
61 1411 161 55 effets
173 1411 129 55 avec
254 1411 97 55 un
302 1411 129 55 sens
383 1411 129 55 tout
464 1411 177 55 raffiné
593 1411 97 55 de
641 1411 113 55 ses
689 1411 194 55 propriétés

-21 1449 289 47 ntrinsèques.
214 1449 108 47 Il
268 1449 199 47 emploie
412 1449 108 47 la
467 1449 199 47 couleur
611 1449 163 47 comme
719 1449 163 47 telle
810 1449 72 47 et

-27 1489 123 50 on
35 1489 144 50 pas
117 1489 185 50 comme
241 1489 123 50 un
302 1489 185 50 effet
426 1489 247 50 lumineux
611 1489 123 50 ou
652 1489 226 50 atmosphé-

-18 1520 152 50 ique,
84 1520 118 50 ses
151 1520 203 50 textures
303 1520 237 50 surgissent
489 1520 101 50 du
540 1520 186 50 travail
675 1520 101 50 de
726 1520 101 50 la
760 1520 118 50 pâte,

-24 1554 169 58 elles
89 1554 113 58 ne
146 1554 151 58 sont
240 1554 132 58 pas
334 1554 264 58 fabriquées
560 1554 113 58 et
616 1554 132 58 ses
673 1554 207 58 harmonies

-23 1595 126 57 ont
49 1595 162 57 d’une
157 1595 252 57 singulière
355 1595 288 57 délicatesse,
590 1595 144 57 sans
680 1595 198 57 manquer
806 1595 72 57 de

-40 1628 120 45 orce.

28 1677 144 52 C’est
124 1677 96 52 un
172 1677 176 52 peintre
300 1677 128 52 très
380 1677 288 52 sud-américain.
619 1677 96 52 Il
667 1677 112 52 est
731 1677 96 52 en
763 1677 112 52 outre

-23 1723 241 41 zéramiste,
166 1723 224 41 véritable
356 1723 207 41 alfarero
511 1723 138 41 dans
597 1723 103 41 la
649 1723 224 41 tradition
804 1723 69 41 de

-16 1758 171 50 ancien
104 1758 171 50 Pérou.
223 1758 103 50 De
275 1758 103 50 là
326 1758 120 50 ses
394 1758 274 50 abstractions
617 1758 103 50 de
668 1758 188 50 figures
788 1758 85 50 qui

-21 1794 123 50 ont
50 1794 228 50 stylisées
225 1794 140 50 dans
312 1794 105 50 un
365 1794 175 50 esprit
487 1794 210 50 évoquant
645 1794 123 50 les
697 1794 175 50 périodes

-22 1829 219 42 ncasiques
146 1829 101 42 et
197 1829 320 42 pré-incasiques.
466 1829 118 42 Ses
533 1829 168 42 formes
651 1829 185 42 striées
769 1829 101 42 rap-

-20 1873 153 47 ellent
87 1873 107 47 les
148 1873 169 47 étoffes
271 1873 92 47 de
317 1873 184 47 l’ancien
455 1873 138 47 Pérou
547 1873 92 47 et
593 1873 92 47 il
639 1873 107 47 les
700 1873 184 47 retrouve-

-17 1910 81 46 e
15 1910 113 46 qui
80 1910 113 46 est
144 1910 97 46 le
192 1910 129 46 plus
273 1910 226 46 difficile-
450 1910 145 46 d’une
547 1910 145 46 façon
627 1910 242 46 inconsciente,

-22 1944 119 41 ans
46 1944 170 41 perdre
165 1944 102 41 en
216 1944 136 41 rien
301 1944 119 41 son
369 1944 255 41 raffinement
555 1944 221 41 occidental.

3 1979 124 67 Ces
74 1979 141 67 deux
162 1979 177 67 jeunes
286 1979 212 67 artistes
445 1979 194 67 parlent
586 1979 141 67 donc
675 1979 106 67 la
710 1979 159 67 langage

-20 2023 278 66 ’aujourd’hui
205 2023 139 66 avec
292 2023 104 66 un
345 2023 226 66 véritable
518 2023 174 66 accent
623 2023 209 66 américain.

645 2112 152 59 Jorge
729 2112 135 59 Elliot

786 2182 72 43 41
