1086 2373
152 78 347 57 <b>PHILIPPINES</b>

210 388 271 76 Commissaire
427 388 199 76 général
571 388 90 76 :
608 388 145 76 Léon
698 388 108 76 P.
734 388 199 76 Pacunayen

200 433 146 57 Peintre.

152 584 116 64 Les
219 584 132 64 cinq
301 584 198 64 artistes
450 584 231 64 philippins
631 584 116 64 qui
697 584 248 64 participent
895 584 83 64 à
912 584 66 64 la

105 620 232 66 Quatrième
284 620 214 66 Biennale
444 620 107 66 de
498 620 161 66 Paris
605 620 143 66 1965
694 620 125 66 ont
765 620 125 66 été
819 620 161 66 choisis

107 661 147 66 parmi
205 661 115 66 nos
270 661 196 66 artistes
418 661 196 66 résidant
565 661 295 66 temporairement
810 661 98 66 en
843 661 131 66 Europe

107 699 113 62 Ils
171 699 97 62 se
220 699 129 62 sont
300 699 129 62 déjà
381 699 226 62 distingués
559 699 177 62 au-delà
688 699 113 62 des
752 699 226 62 frontières
913 699 65 62 de

104 735 163 62 notre
213 735 145 62 pays
303 735 109 62 et
357 735 127 62 ils
430 735 145 62 sont
520 735 254 62 considérés
720 735 163 62 comme
828 735 127 62 les
901 735 145 62 plus
991 735 127 62 va.

104 773 175 63 lables
226 773 297 63 représentants
470 773 105 63 de
523 773 210 63 l’actuel
680 773 227 63 mouvement
837 773 140 63 artis-

100 813 157 49 tique
204 813 122 49 aux
256 813 244 49 Philippines.

147 862 141 62 Luis
236 862 194 62 Eduardo
377 862 141 62 Aute
465 862 124 62 n’a
536 862 177 62 jamais
660 862 230 62 fréquenté
819 862 159 62 d’école

99 900 166 53 d’art.
215 900 99 53 Il
265 900 166 53 désire
381 900 149 53 créer
480 900 132 53 dans
563 900 116 53 ses
629 900 166 53 œuvres
745 900 99 53 un
795 900 182 53 climat,
911 900 66 53 un

102 945 175 56 milieu,
229 945 111 56 une
293 945 207 56 sensation
452 945 191 56 visible:
595 945 143 56 c’est
691 945 159 56 l’être
802 945 159 56 humain
897 945 80 56 qui

100 974 260 62 l’intéresse,
311 974 114 62 son
376 974 163 62 corps,
490 974 114 62 son
539 974 146 62 esprit.

141 1014 160 63 Tomas
248 1014 249 63 Concepcion
443 1014 89 63 a
479 1014 142 63 déjà
568 1014 231 63 participé
745 1014 160 63 comme
834 1014 142 63 peinte

98 1064 81 60 à
130 1064 98 60 la
179 1064 228 60 précédente
358 1064 212 60 Biennale.
521 1064 163 60 Depuis
635 1064 130 60 deux
716 1064 130 60 ans,
798 1064 81 60 à
830 1064 98 60 la
863 1064 114 60 suite

96 1109 147 59 d’un
187 1109 184 59 voyage
316 1109 110 59 en
371 1109 184 59 Grèce,
500 1109 110 59 il
555 1109 110 59 se
610 1109 220 59 consacre
775 1109 92 59 à
812 1109 110 59 la
867 1109 257 59 sculpture.

95 1147 283 52 s’appliquant
326 1147 89 52 à
361 1147 230 52 humaniser
538 1147 106 52 la
591 1147 177 52 figure
715 1147 124 52 par
786 1147 124 52 une
857 1147 266 52 intégration

91 1182 288 60 rythmique
312 1182 133 60 de
379 1182 177 60 joie
489 1182 133 60 de
556 1182 199 60 vivre
689 1182 133 60 et
755 1182 133 60 de
821 1182 310 60 mouvement.

139 1229 197 55 Angelito
286 1229 148 55 David
385 1229 197 55 s’adonne
533 1229 82 55 à
566 1229 246 55 l’abstrait,
763 1229 131 55 sans
828 1229 148 55 parveni

95 1267 176 46 encore
219 1267 88 46 à
254 1267 106 46 se
307 1267 194 46 libérer
447 1267 106 46 de
500 1267 106 46 la
553 1267 176 46 figure
676 1267 158 46 comme
781 1267 176 46 thème.
887 1267 88 46 Les

96 1313 195 41 couleurs
242 1313 163 41 pures,
356 1313 228 41 violentes,
535 1313 228 41 explosives
714 1313 146 41 qu’il
811 1313 179 41 préfère
925 1313 49 41 à

92 1348 166 42 toutes
209 1348 116 42 les
275 1348 166 42 autres
391 1348 133 42 sont
474 1348 100 42 en
524 1348 199 42 parfaite
673 1348 199 42 harmonie
823 1348 100 42 et
856 1348 116 42 expi-

95 1387 139 42 ment
181 1387 243 42 totalement
372 1387 104 42 le
424 1387 226 42 caractère
598 1387 104 42 du
650 1387 156 42 thème
737 1387 156 42 traité.

138 1428 218 55 Léonardo
302 1428 218 55 Hidalgo,
465 1428 164 55 après
575 1428 164 55 avoir
684 1428 218 55 séjourné
848 1428 91 55 à
866 1428 109 55 Rome

94 1471 133 44 près
177 1471 100 44 de
227 1471 133 44 cinq
310 1471 133 44 ans,
393 1471 166 44 expose
509 1471 100 44 le
559 1471 149 44 fruit
659 1471 116 44 des
725 1471 249 44 impressions
908 1471 66 44 et

90 1515 123 36 des
161 1515 247 36 sentiments
355 1515 176 36 qu’ont
478 1515 212 36 suscités
637 1515 106 36 en
690 1515 141 36 lui,
778 1515 176 36 durant
884 1515 88 36 son

92 1545 157 48 séjour
202 1545 79 48 à
234 1545 142 48 Rome,
328 1545 110 48 les
391 1545 157 48 ruines
502 1545 94 48 de
549 1545 142 48 cette
643 1545 173 48 antique
769 1545 142 48 cité.
864 1545 94 48 Il
895 1545 79 48 est

93 1587 190 41 parvenu
231 1587 86 41 à
265 1587 104 41 en
317 1587 173 41 capter
438 1587 104 41 le
490 1587 138 41 vrai
576 1587 242 41 caractère,
766 1587 104 41 au
818 1587 155 41 moyen
904 1587 69 41 de

92 1625 199 40 couleurs
242 1625 166 40 fines,
358 1625 199 40 légères,
507 1625 166 40 douces
623 1625 100 40 et
657 1625 232 40 tranquilles.

647 2196 137 58 Léon
732 2196 103 58 P.
767 2196 205 58 Pacunayen.
