1086 2276
124 172 198 56 Antonio
268 172 144 56 Dias
358 172 270 56 s’identifie
574 172 108 56 au
628 172 234 56 mouvement
790 172 162 56 intemas

82 224 171 42 tional
201 224 102 42 du
253 224 85 42 7
287 224 188 42 pop-art
424 224 137 42 Pour
509 224 239 42 construire
697 224 120 42 ses
748 224 205 42 tableauxif

82 246 192 62 découpe
221 246 105 62 et
273 246 174 62 ajoute
396 246 122 62 des
465 246 192 62 objets.
605 246 122 62 Son
675 246 174 62 dessin
780 246 174 62 érotique

84 290 153 46 entre
186 290 221 46 fortement
356 290 102 46 en
407 290 187 46 conflit
544 290 136 46 avec
629 290 102 46 la
680 290 187 46 censure
799 290 153 46 convens

83 341 230 40 tionnelle.
264 341 99 40 Il
313 341 82 40 a
346 341 115 40 une
412 341 198 40 maîtrise
560 341 230 40 suffisante
741 341 99 40 du
790 341 165 40 dessin
889 341 66 40 ef

81 364 205 59 possède
230 364 112 59 un
286 364 298 59 discernement
509 364 186 59 éthique.

127 419 176 43 Sergio
251 419 176 43 Campos
374 419 158 43 Mello
480 419 88 43 a
515 419 123 43 une
585 419 229 43 formation
744 419 211 43 européenre

85 455 95 47 et
133 455 222 47 représente
307 455 143 47 parmi
402 455 111 47 les
465 455 158 47 jeunes
576 455 238 47 brésiliens,
766 455 95 47 la
798 455 158 47 peinture

85 496 202 43 abstraite
241 496 124 43 dans
319 496 93 43 ce
365 496 171 43 qu’elle
490 496 78 43 a
521 496 93 43 de
567 496 124 43 plus
645 496 171 43 achevé,
754 496 202 43 cristalisée

85 538 100 40 au
135 538 151 40 cours
236 538 151 40 d’une
336 538 234 40 expérience
521 538 218 40 prolongée
688 538 100 40 et
738 538 117 40 qui
805 538 84 40 a
822 538 134 40 aboufe

85 571 81 45 à
117 571 97 45 un
166 571 145 45 style
263 571 226 45 personnel.
440 571 97 45 Sa
489 571 194 45 peinture
634 571 113 45 est
699 571 210 45 dépourvue
844 571 113 45 d’ems

87 616 174 41 preinte
214 616 237 41 littéraire,
403 616 127 41 elle
483 616 111 41 est
546 616 269 41 exclusivement
767 616 190 41 ordonnée
894 616 63 41 en

84 655 201 38 éléments
235 655 235 38 plastiques
420 655 101 38 de
470 655 252 38 composition
672 655 101 38 et
722 655 235 38 rigoureuse
890 655 67 38 en

83 686 149 39 tant
177 686 130 39 que
251 686 242 39 maniement
437 686 130 39 des
512 686 224 39 procédés
680 686 261 39 picturaux.
866 686 93 39 Ses

87 725 150 42 toiles
192 725 120 42 sont
267 725 90 42 le
312 725 180 42 résultat
448 725 195 42 définitif
598 725 90 42 de
643 725 210 42 recherches
794 725 165 42 réalisées

85 768 107 41 en
139 768 215 41 collages
300 768 143 41 dans
389 768 215 41 lesquels
550 768 107 41 il
604 768 197 41 obtient
747 768 125 41 des
800 768 161 41 valeurs

86 793 239 48 abstraites
274 793 102 48 de
325 793 205 48 paysages
479 793 102 48 et
530 793 102 48 de
564 793 171 48 figures.

129 839 150 52 Vilma
229 839 250 52 Pasqualini,
429 839 150 52 après
529 839 117 52 une
596 839 217 52 formation
763 839 200 52 scolaire
896 839 67 52 er

88 886 120 44 des
156 886 189 44 voyages
294 886 86 44 à
328 886 257 44 l’étranger,
534 886 154 44 s’est
636 886 189 44 engagée
773 886 120 44 sur
842 886 103 44 la
876 886 86 44 vol

89 929 143 40 d’une
184 929 190 40 peinture
327 929 238 40 surprenante
517 929 127 40 dont
596 929 95 40 le
644 929 143 40 thème
739 929 111 40 est
802 929 95 40 la
834 929 127 40 figure

89 966 205 41 déformée
243 966 154 41 ayant
345 966 103 41 en
397 966 120 41 vue
465 966 120 41 une
534 966 137 41 plus
619 966 171 41 grande
722 966 239 41 valorisation

92 1000 226 46 plastique.
269 1000 113 46 Ses
334 1000 161 46 toiles
446 1000 113 46 ont
511 1000 209 46 intéressé
672 1000 97 46 la
720 1000 193 46 critique
849 1000 113 46 ausse

91 1041 134 45 bien
175 1041 117 45 par
242 1041 117 45 son
309 1041 134 45 côté
393 1041 234 45 innovateur
577 1041 117 45 que
644 1041 117 45 par
711 1041 100 45 la
761 1041 184 45 gravité
878 1041 84 45 die

87 1076 169 41 thème
200 1076 113 41 et
257 1076 113 41 de
313 1076 113 41 la
351 1076 301 41 communication.

139 1117 111 49 Bin
203 1117 159 49 Kondo,
314 1117 95 49 né
361 1117 95 49 en
409 1117 143 49 Chine
504 1117 95 49 et
552 1117 190 49 installé
694 1117 79 49 à
726 1117 111 49 Sao
790 1117 159 49 Paulo,
885 1117 79 49 de-

95 1159 122 50 mine
171 1159 92 50 le
217 1159 183 50 problème
354 1159 198 50 artisanal
507 1159 92 50 de
553 1159 92 50 la
599 1159 198 50 peinture.
751 1159 92 50 Il
797 1159 122 50 fait
858 1159 107 50 parie

93 1195 95 47 du
141 1195 159 47 groupe
252 1195 79 47 7
283 1195 159 47 Phases
394 1195 79 47 ,
426 1195 95 47 au
474 1195 174 47 Brésil.
600 1195 95 47 Il
648 1195 95 47 se
696 1195 174 47 signale
822 1195 111 47 par
870 1195 95 47 dri.

93 1240 148 44 style
191 1240 214 44 personnel
356 1240 99 44 au
405 1240 214 44 caractère
570 1240 214 44 inventif,
735 1240 115 44 aux
784 1240 181 44 solutiors

94 1272 274 44 chromatiques
316 1272 171 44 graves
436 1272 103 44 et
487 1272 137 44 avec
573 1272 120 44 une
641 1272 137 44 idée
727 1272 154 44 nette
829 1272 103 44 de
863 1272 103 44 nous

94 1314 147 50 velle
175 1314 213 50 figuration.

139 1353 244 55 Tomoshige
327 1353 206 55 Kusuno,
477 1353 244 55 d’origine
665 1353 263 55 japonaise,
852 1353 113 55 vi

100 1391 112 56 Sao
164 1391 161 56 Paulo.
277 1391 96 56 Il
325 1391 112 56 est
389 1391 193 56 l’auteur
533 1391 128 56 d’un
614 1391 161 56 dessin
726 1391 96 56 et
774 1391 145 56 d’une
855 1391 112 56 peire

100 1438 126 40 ture
179 1438 110 40 qui
242 1438 110 40 ont
305 1438 110 40 été
368 1438 189 40 analysés
510 1438 110 40 par
573 1438 189 40 certains
715 1438 205 40 critiques
857 1438 110 40 comme

101 1469 100 51 un
151 1469 216 51 vigoureux
318 1469 183 51 exemple
451 1469 383 51 d’occidentalisation
784 1469 100 51 de
817 1469 150 51 l’oners

98 1507 134 47 tal.
182 1507 151 47 C’est
282 1507 201 47 l’opposé
433 1507 100 47 de
483 1507 100 47 ce
533 1507 117 47 qui
600 1507 167 47 arrive
700 1507 268 47 habituellemere

103 1541 216 55 Identifié
270 1541 283 55 pratiquemment
503 1541 133 55 avec
586 1541 100 55 la
636 1541 200 55 nouvelle
769 1541 200 55 figurafior

103 1584 100 48 et
153 1584 100 48 le
203 1584 183 48 pop-art
336 1584 150 48 qu’il
436 1584 183 48 utilise
569 1584 150 48 comme
669 1584 100 48 un
719 1584 183 48 langage
835 1584 133 48 estré-

102 1626 150 42 tique
202 1626 200 42 conforme
352 1626 83 42 à
385 1626 117 42 son
452 1626 183 42 message
585 1626 200 42 poétique
735 1626 100 42 et
768 1626 200 42 satirique.

106 1658 104 52 il
158 1658 225 52 participe
330 1658 138 52 avec
417 1658 104 52 un
469 1658 277 52 objet-dessin
693 1658 156 52 (cube
797 1658 173 52 ouvert
901 1658 69 52 er

109 1690 128 58 neuf
189 1690 208 58 feuilles)
348 1690 112 58 qui
412 1690 160 58 essaie
524 1690 208 58 d’exposer
684 1690 96 58 le
732 1690 176 58 procédé
843 1690 128 58 naratf

105 1737 99 42 du
155 1737 165 42 dessin
271 1737 99 42 de
320 1737 99 42 la
370 1737 264 42 civilisation
568 1737 231 42 occidentale.

153 1775 209 60 Roberto
305 1775 266 60 Magalhaes,
514 1775 171 60 jeune
629 1775 209 60 graveur
781 1775 114 60 de
838 1775 133 60 Rio
895 1775 76 60 de

106 1815 212 52 Janeiro,
266 1815 230 52 s’exprime
442 1815 248 52 uniquement
637 1815 124 52 par
708 1815 106 52 la
761 1815 195 52 gravure
885 1815 88 52 ser

111 1849 143 63 bois.
207 1849 112 63 Son
270 1849 175 63 message
398 1849 96 63 se
446 1849 143 63 situe
542 1849 143 63 entre
637 1849 96 63 la
685 1849 80 63 7
717 1849 159 63 charge
829 1849 80 63 ?
860 1849 96 63 et
892 1849 80 63 la-

111 1894 270 53 construction
331 1894 237 53 plastique.
517 1894 101 53 Il
567 1894 152 53 n’est
669 1894 118 53 pas
736 1894 220 53 préoccupé
889 1894 85 53 des

113 1928 165 50 moyens
229 1928 198 50 inusités
378 1928 99 50 de
428 1928 264 50 construction
642 1928 132 50 mais
725 1928 99 50 de
775 1928 198 50 l’esprit
907 1928 66 50 de

115 1968 210 53 modernité
277 1968 178 53 contenu
406 1968 129 53 dans
487 1968 97 53 la
535 1968 178 53 satire,
665 1968 97 53 en
713 1968 146 53 quête
810 1968 146 53 d’une
891 1968 81 53 see

115 2000 168 57 lution
233 2000 202 57 vraiment
384 2000 218 57 plastique
552 2000 134 57 pour
636 2000 118 57 une
703 2000 202 57 nouvelle
838 2000 134 57 compé-

115 2054 187 52 hension
251 2054 102 52 de
302 2054 102 52 la
336 2054 153 52 figure.

164 2083 207 57 Mauricio
319 2083 224 57 Salgueiro
491 2083 138 57 fait
578 2083 121 57 une
646 2083 224 57 sculpture
819 2083 138 57 avec
888 2083 86 57 des

121 2124 181 63 plaques
252 2124 181 63 soudées
383 2124 99 63 et
433 2124 115 63 des
498 2124 164 63 objets
614 2124 246 63 incorporés,
811 2124 115 63 qui
860 2124 115 63 admet

123 2163 189 62 lumières
265 2163 95 62 et
313 2163 126 62 sons
391 2163 126 62 dans
470 2163 95 62 un
518 2163 158 62 esprit
628 2163 189 62 pop-art.
770 2163 95 62 Il
801 2163 174 62 rechercie
