1086 2373
95 62 380 70 <b>VENEZUELA</b>

234 430 263 77 Commissaire
445 430 193 77 général
586 430 88 77 :
621 430 176 77 Carlos
743 430 140 77 Cruz
814 430 105 77 Diez

222 484 146 41 Peintre.

175 618 91 71 Il
220 618 136 71 n’est
311 618 106 71 pas
372 618 91 71 du
417 618 121 71 tout
493 618 152 71 facile
599 618 121 71 pour
675 618 91 71 un
720 618 121 71 jury
796 618 91 71 de
826 618 167 71 sélection

126 667 98 57 de
175 667 245 57 reconnaître
371 667 131 57 dans
453 667 245 57 l’excessive
649 667 196 57 jeunesse
796 667 131 57 d’un
861 667 131 57 artise

126 695 102 74 le
177 695 153 74 degré
279 695 102 74 de
330 695 204 74 maturité
483 695 272 74 généralement
703 695 153 74 exigé
805 695 136 74 pour
873 695 119 74 qu'il

124 735 224 61 participe
296 735 86 61 à
331 735 104 61 un
383 735 224 61 événement
538 735 276 61 international.

166 778 101 72 Au
217 778 236 72 contraire,
402 778 135 72 dans
486 778 185 72 l’envoi
621 778 101 72 du
671 778 236 72 Vénézuéla,
856 778 135 72 tout
924 778 67 72 en

126 825 229 61 respectant
305 825 98 61 la
355 825 163 61 limite
469 825 147 61 d’âge
567 825 147 61 fixée
665 825 131 61 pour
747 825 98 61 la
796 825 196 61 Biennale
927 825 65 61 de

126 857 152 70 Paris,
232 857 91 70 on
277 857 76 70 a
308 857 136 70 évité
399 857 91 70 de
444 857 197 70 présenter
596 857 106 70 des
656 857 182 70 artistes
793 857 121 70 déjà
854 857 136 70 lancés.

124 896 100 67 Le
174 896 166 67 risque
291 896 133 67 pris
374 896 133 67 dans
457 896 150 67 cette
557 896 200 67 occasion
707 896 117 67 par
774 896 100 67 le
824 896 133 67 jury
890 896 100 67 quia

120 941 158 55 choisi
231 941 142 55 trois
326 941 190 55 artistes
468 941 253 55 vénézuéliens
673 941 111 55 des
736 941 205 55 dernières
878 941 111 55 géné-

121 978 181 60 rations
252 978 164 60 réside
367 978 131 60 dans
449 978 99 60 le
498 978 181 60 courage
630 978 99 60 de
679 978 197 60 proposer
827 978 99 60 au
860 978 131 60 public

119 1011 209 65 européen
275 1011 104 65 un
327 1011 209 65 ensemble
484 1011 209 65 d’œuvres
641 1011 139 65 qui,
728 1011 122 65 sur
798 1011 104 65 le
850 1011 139 65 plan
919 1011 70 65 du

120 1050 177 55 langage
248 1050 273 55 international
473 1050 161 55 relève
586 1050 96 55 la
634 1050 209 55 recherche
794 1050 145 55 d’une
875 1050 112 55 iden-

116 1090 138 57 tité,
208 1090 138 57 d’une
299 1090 214 57 expression
468 1090 153 57 propre
575 1090 77 57 à
605 1090 199 57 l’artiste
758 1090 107 57 Sud
804 1090 184 57 Américain.

163 1135 93 62 En
210 1135 93 62 ce
257 1135 140 62 sens,
350 1135 93 62 la
397 1135 187 62 peinture
537 1135 187 62 d’Alirio
677 1135 203 62 Rodriguez
818 1135 171 62 constitue

117 1180 115 57 une
182 1180 246 57 affirmation
379 1180 296 57 d’indépendance
626 1180 131 57 face
708 1180 115 57 aux
774 1180 164 57 styles
872 1180 115 57 euro-

116 1212 145 53 péens
213 1212 113 53 qui
277 1212 113 53 ont
341 1212 209 53 influencé
503 1212 145 53 l’art
599 1212 242 53 vénézuélien
793 1212 97 53 de
841 1212 113 53 ces
889 1212 97 53 cin-

113 1258 196 55 quantes
256 1258 232 55 dernières
435 1258 196 55 années.
577 1258 125 55 Par
649 1258 125 55 son
720 1258 196 55 contenu
863 1258 107 55 et
899 1258 89 55 pai

113 1298 114 49 ses
178 1298 180 49 formes,
309 1298 98 49 il
358 1298 180 49 s’agit,
489 1298 82 49 à
521 1298 147 49 notre
620 1298 147 49 sens,
718 1298 147 49 d’une
816 1298 147 49 œuvre
898 1298 114 49 sans»

112 1328 257 57 antécédents
318 1328 292 57 stylistiques,
558 1328 137 57 mais
644 1328 120 57 qui
712 1328 223 57 cependant
884 1328 103 57 ne
918 1328 69 57 se

111 1370 157 52 situe
215 1370 122 52 pas
285 1370 105 52 en
338 1370 175 52 dehors
460 1370 122 52 des
530 1370 245 52 mouvements
723 1370 210 52 actuels,
863 1370 122 52 aussi

112 1402 136 60 bien
197 1402 102 60 au
248 1402 221 60 Vénézuéla
418 1402 136 60 qu’à
487 1402 238 60 l’extérieur.

157 1450 98 61 Il
206 1450 114 61 est
271 1450 195 61 possible
417 1450 114 61 que
482 1450 114 61 cet
547 1450 163 61 effort
661 1450 130 61 pour
742 1450 228 61 transmuter
905 1450 81 61 les

110 1494 189 48 valeurs
247 1494 258 48 spécifiques
453 1494 120 48 des
522 1494 258 48 autochtones
728 1494 120 48 sur
797 1494 103 48 le
849 1494 137 48 plan
917 1494 69 48 de

110 1525 99 57 la
160 1525 281 57 compréhension
391 1525 248 57 universelle
590 1525 132 57 soit
672 1525 165 57 encore
771 1525 215 57 inconscient

108 1568 105 49 et
161 1568 176 49 vague,
284 1568 246 49 cependant,
477 1568 140 49 nous
565 1568 176 49 sommes
688 1568 211 49 certains
846 1568 123 49 que
898 1568 88 49 les

109 1610 172 42 œuvres
229 1610 206 42 d’Alirio
384 1610 223 42 Rodriguez
556 1610 137 42 nous
641 1610 189 42 amènent
779 1610 86 42 à
813 1610 120 42 une
865 1610 120 42 prise

109 1646 101 51 de
160 1646 236 51 conscience
345 1646 101 51 de
395 1646 101 51 la
446 1646 219 51 situation
614 1646 118 51 que
681 1646 219 51 l’artiste
833 1646 151 51 latino-

106 1687 233 46 américain
285 1687 126 46 est
357 1687 179 46 appelé
483 1687 90 46 à
519 1687 215 46 occuper,
680 1687 179 46 chaque
806 1687 144 46 fois
877 1687 108 46 avec

108 1723 123 41 une
179 1723 140 41 plus
266 1723 175 41 grande
389 1723 228 41 lucidité,
564 1723 140 41 dans
651 1723 105 41 le
704 1723 158 41 monde
791 1723 193 41 contempo

92 1751 113 48 rain.

151 1805 114 53 La
208 1805 228 53 présence
379 1805 133 53 des
455 1805 266 53 sculpteurs
663 1805 171 53 Edgar
777 1805 209 53 Guinand
910 1805 76 53 et

108 1841 165 51 Carlos
224 1841 165 51 Prada,
340 1841 132 51 dont
423 1841 149 51 l’âge
522 1841 99 51 ne
572 1841 182 51 dépasse
704 1841 116 51 pas
770 1841 99 51 22
820 1841 132 51 ans,
886 1841 99 51 obét

106 1876 84 49 à
140 1876 101 49 un
190 1876 169 49 besoin
308 1876 202 49 analogue
460 1876 101 49 de
511 1876 219 49 cohérence
679 1876 101 49 et
713 1876 270 49 d’auto-

103 1922 153 48 tion.
205 1922 102 48 La
256 1922 221 48 sculpture
426 1922 119 48 est
494 1922 102 48 un
545 1922 119 48 art
612 1922 153 48 jeune
714 1922 102 48 au
765 1922 221 48 Vénézuéla
918 1922 68 48 et

105 1957 119 44 est
173 1957 102 44 en
224 1957 169 44 pleine
342 1957 136 44 voie
427 1957 102 44 de
478 1957 305 44 développement;
732 1957 119 44 sur
800 1957 152 44 cette
884 1957 102 44 voie

105 2000 224 44 s’élèvent
277 2000 121 44 des
346 2000 224 44 obstacles
519 2000 121 44 que
588 2000 104 44 la
640 2000 207 44 nouvelle
778 2000 207 44 génération

105 2035 204 44 s’efforce
262 2035 94 44 de
309 2035 204 44 surmonter
466 2035 110 44 par
528 2035 94 44 un
576 2035 172 44 travail
701 2035 172 44 assidu.
826 2035 94 44 La
858 2035 125 44 parti-

104 2067 200 46 cipation
254 2067 100 46 de
304 2067 116 46 ces
371 2067 133 46 deux
454 2067 166 46 jeunes
570 2067 233 46 sculpteurs
753 2067 83 46 à
786 2067 100 46 la
820 2067 166 46 Biennale

104 2110 104 58 de
156 2110 155 58 Paris
259 2110 138 58 sera
345 2110 104 58 un
397 2110 293 58 encouragement
639 2110 138 58 pour
725 2110 138 58 tous
811 2110 121 58 les
863 2110 121 58 créa-

101 2141 159 61 teurs
190 2141 264 61 Vénézuéliens.

710 2189 152 60 Carlos
816 2189 122 60 Cruz
877 2189 107 60 Diez.
