1061 2276
609 47 385 59 <b>AUTRICHE</b>

101 426 253 55 Commissaire
303 426 185 55 général
438 426 219 55 <b>Werner
590 426 219 55 Hofmann</b>

102 478 197 40 Directeur
254 478 91 40 du
299 478 137 40 Musée
390 478 91 40 du
436 478 106 40 XXe
496 478 167 40 siècle.
602 478 137 40 Vienne.

48 586 128 61 Les
121 586 256 61 sculptures
322 586 274 61 polychromes
541 586 110 61 de
596 586 201 61 Goeschl
742 586 146 61 vont
834 586 91 61 à
852 586 73 61 la

2 639 213 50 conquête
162 639 107 50 de
216 639 231 50 l’espace.
393 639 142 50 Leur
482 639 160 50 style
589 639 124 50 est
660 639 124 50 sûr
731 639 107 50 et
767 639 160 50 décidé.

6 674 148 46 elles
104 674 99 46 ne
154 674 99 46 se
203 674 181 46 perdent
335 674 115 46 pas
401 674 132 46 dans
483 674 99 46 le
533 674 148 46 vide.
631 674 99 46 La
681 674 198 46 couleur,
813 674 115 46 cette

4 717 207 42 lumière
155 717 264 42 intérieure
362 717 113 42 de
419 717 113 42 la
475 717 245 42 sculpture
663 717 188 42 (comme
776 717 151 42 disait

4 750 232 47 Laurens)
177 750 251 47 harmonise
370 750 135 47 les
448 750 193 47 forces
583 750 116 47 de
641 750 289 47 contraction
853 750 77 47 et

3 790 291 46 d’expansion,
239 790 145 46 elle
330 790 145 46 leur
421 790 163 46 donne
529 790 109 46 un
584 790 163 46 éclat
675 790 254 46 parfaitement

6 823 226 50 équilibré,
184 823 145 50 sobre
281 823 97 50 et
329 823 145 50 plein
426 823 97 50 de
475 823 194 50 vigueur.
620 823 97 50 Au
668 823 129 50 lieu
749 823 97 50 de
782 823 145 50 compli-

5 868 142 46 quer
94 868 107 46 le
148 868 178 46 rythme
272 868 125 46 des
343 868 214 46 volumes,
504 868 107 46 le
557 868 160 46 rouge
664 868 107 46 et
717 868 107 46 le
771 868 142 46 bleu
842 868 89 46 s’y

5 905 259 48 conforment
208 905 111 48 et
263 905 259 48 expliquent
466 905 111 48 la
522 905 277 48 dialectique
743 905 111 48 du
780 905 148 48 mouve-

6 944 142 42 ment
95 944 213 42 spatial.
255 944 267 42 Aujourd’hui
469 944 142 42 nous
558 944 267 42 rencontrons
771 944 124 42 ces
824 944 107 42 deux

6 986 213 34 couleurs
166 986 320 34 principalement
433 986 142 34 dans
522 986 107 34 la
575 986 231 34 publicité
735 986 196 34 tapageuse

7 1010 96 51 de
55 1010 112 51 nos
119 1010 159 51 villes
230 1010 96 51 et
278 1010 96 51 le
326 1010 239 51 signalement
517 1010 96 51 de
565 1010 96 51 la
613 1010 239 51 circulation
804 1010 112 51 qui
852 1010 80 51 les

8 1063 122 33 ont
77 1063 278 33 vulgarisées.
303 1063 191 33 Goeschl
443 1063 139 33 leur
530 1063 139 33 rend
617 1063 139 33 leur
704 1063 209 33 première
843 1063 87 33 no-

10 1085 175 49 blesse,
137 1085 95 49 il
185 1085 127 49 unit
264 1085 95 49 la
312 1085 191 49 vitalité
455 1085 95 49 du
502 1085 143 49 rouge
598 1085 79 49 à
629 1085 95 49 la
677 1085 254 49 spiritualité
867 1085 64 49 du

10 1133 143 36 bleu.
105 1133 206 36 Pourtant,
264 1133 127 36 tout
343 1133 127 36 cela
422 1133 111 36 n’a
486 1133 127 36 rien
565 1133 254 36 d’artificiel
771 1133 95 36 ou
819 1133 95 36 de
851 1133 79 36 so-

10 1166 191 43 lennel,
149 1166 104 43 ce
201 1166 139 43 sont
288 1166 174 43 plutôt
409 1166 122 43 des
479 1166 209 43 éléments
635 1166 156 43 d’une
740 1166 139 43 fête
809 1166 122 43 popu-

13 1201 161 57 laire,
126 1201 113 57 des
190 1201 81 57 7
222 1201 209 57 figurants
383 1201 81 57 :
416 1201 129 57 d’un
496 1201 97 57 14
544 1201 177 57 Juillet
673 1201 113 57 qui
738 1201 113 57 n’a
802 1201 113 57 pas
850 1201 81 57 en-

10 1242 132 44 core
93 1242 99 44 eu
126 1242 116 44 lieu.

55 1273 107 54 Le
109 1273 304 54 développement
359 1273 125 54 des
431 1273 179 54 formes
556 1273 125 54 est
628 1273 161 54 large
735 1273 107 54 et
771 1273 161 54 simple.

12 1315 106 45 Le
65 1315 195 45 langage
207 1315 177 45 direct
331 1315 195 45 cherche
472 1315 106 45 la
525 1315 177 45 pureté
649 1315 106 45 et
702 1315 106 45 la
737 1315 195 45 sérénité.

14 1352 129 45 Bien
95 1352 129 45 sûr,
175 1352 226 45 l’héritage
353 1352 177 45 cubiste
482 1352 113 45 est
546 1352 194 45 évident,
691 1352 129 45 mais
756 1352 177 45 affranchi

11 1389 108 44 de
65 1389 108 44 sa
119 1389 199 44 syntaxe
264 1389 271 44 hermétique.
481 1389 145 44 Dans
571 1389 108 44 le
626 1389 217 44 contexte
770 1389 163 44 actuel.

14 1425 178 50 Goeschl
143 1425 210 50 s’associe
305 1425 113 50 aux
370 1425 178 50 efforts
499 1425 129 50 dont
580 1425 97 50 le
629 1425 113 50 but
693 1425 113 50 est
742 1425 194 50 d’éliminer

14 1471 221 40 l’apport
180 1471 111 40 de
235 1471 111 40 la
290 1471 203 40 matière
438 1471 184 40 brute.
567 1471 129 40 Peu
641 1471 203 40 importe
788 1471 129 40 que
844 1471 92 40 ces

14 1503 230 45 sculptures
195 1503 165 45 soient
310 1503 197 45 taillées
458 1503 132 45 dans
540 1503 99 45 le
589 1503 148 45 bois,
688 1503 148 45 seuls
770 1503 165 45 comptent

16 1544 100 47 la
66 1544 150 47 forme
166 1544 100 47 et
216 1544 100 47 la
266 1544 183 47 couleur
399 1544 100 47 et
449 1544 133 47 leur
532 1544 183 47 pouvoir
648 1544 250 47 signalétique.

61 1580 227 48 Rotterdam
235 1580 122 48 est
305 1580 105 48 un
358 1580 192 48 peintre
498 1580 175 48 subtil
620 1580 122 48 qui
690 1580 157 48 manie
795 1580 105 48 la
830 1580 105 48 sur-

15 1624 136 36 face
100 1624 136 36 avec
186 1624 205 36 prudence
339 1624 102 36 et
390 1624 222 36 patience.
561 1624 102 36 Il
612 1624 171 36 séduit
731 1624 119 36 par
800 1624 102 36 la
834 1624 102 36 len-

13 1651 134 50 teur
97 1651 118 50 des
164 1651 168 50 formes
282 1651 101 50 et
332 1651 118 50 une
400 1651 202 50 certaine
567 1651 269 50 intériorité:
769 1651 168 50 spatiale

16 1698 117 43 des
83 1698 217 43 textures.
250 1698 117 43 Ses
317 1698 200 43 cellules
467 1698 100 43 et
517 1698 167 43 noyaux
634 1698 184 43 doivent
768 1698 134 43 leur
835 1698 100 43 pré-

17 1733 184 44 ciosité
151 1733 84 44 à
185 1733 151 44 Klimt
285 1733 100 44 et
335 1733 134 44 leur
419 1733 167 44 sourde
536 1733 234 44 mélancolie
720 1733 84 44 à
754 1733 184 44 Schiele
871 1733 67 44 et

17 1766 102 45 se
68 1766 187 45 placent
204 1766 153 45 ainsi
306 1766 136 45 dans
391 1766 102 45 la
442 1766 221 45 tradition
595 1766 204 45 viennoise.

62 1805 196 49 Painitz
205 1805 214 49 poursuit
366 1805 321 49 l’enchaînement
633 1805 268 49 chromatique
830 1805 107 49 d’un

18 1853 187 37 module
149 1853 225 37 anonyme:
318 1853 112 37 le
374 1853 243 37 rectangle
561 1853 131 37 aux
636 1853 169 37 coins
730 1853 206 37 arrondis,

17 1886 117 46 tel
84 1886 150 46 qu’il
184 1886 117 46 est
251 1886 167 46 devenu
368 1886 251 46 obligatoire
569 1886 134 46 pour
652 1886 184 46 l’écran
786 1886 100 46 de
819 1886 117 46 télé-

19 1920 167 43 vision
136 1920 100 43 et
186 1920 200 43 beaucoup
336 1920 100 43 de
386 1920 117 43 nos
453 1920 200 43 articles
603 1920 250 43 quotidiens.
804 1920 100 43 La
837 1920 100 43 sur-

18 1965 150 37 face
112 1965 206 37 résulte
262 1965 150 37 d’un
356 1965 169 37 grand
468 1965 188 37 nombre
600 1965 113 37 de
656 1965 206 37 couches
787 1965 150 37 super-

22 2002 180 43 posées
148 2002 306 43 (c’est-à-dire
400 2002 234 43 collées).
579 2002 126 43 Une
651 2002 144 43 fois
741 2002 198 43 adopté,
867 2002 72 43 le

21 2037 191 42 module
155 2037 191 42 impose
289 2037 134 42 une
365 2037 287 42 restriction
595 2037 134 42 qui
671 2037 134 42 est
729 2037 210 42 compensée

23 2070 116 51 par
90 2070 100 51 la
140 2070 249 51 variabilité
339 2070 265 51 pratiquement
554 2070 216 51 illimitée
720 2070 116 51 des
770 2070 166 51 configu-

21 2114 183 49 rations
138 2114 199 49 possibles.

608 2138 207 58 Werner
732 2138 207 58 Hofmann.

857 2200 80 42 27
