1013 2373
620 52 328 60 <b>TUNISIE</b>

107 447 266 76 Commissaire
320 447 212 76 général:
479 447 159 76 Hatim
568 447 159 76 Elmekki

68 577 158 82 Créer
174 577 105 82 un
226 577 123 82 art
297 577 211 82 national
454 577 193 82 demeure
595 577 246 82 l’ambition
788 577 105 82 de
823 577 70 82 la

42 624 193 77 majorité
187 624 113 77 des
251 624 193 77 peintres
396 624 209 77 tunisiens
557 624 161 77 depuis
670 624 193 77 quarante
798 624 97 77 ans.

46 663 122 72 Mais
122 663 122 72 pris
198 663 137 72 entre
289 663 91 72 la
335 663 198 72 tentation
487 663 91 72 de
533 663 213 72 l’Occident
700 663 91 72 et
746 663 107 72 les
791 663 107 72 rêves

44 700 199 77 d’Orient,
196 700 214 77 sollicités
364 700 76 77 à
395 700 92 77 la
441 700 122 77 fois
517 700 107 77 par
578 700 92 77 le
624 700 153 77 besoin
731 700 168 77 inquiet
838 700 61 77 de

44 741 218 70 construire
216 741 93 70 et
262 741 93 70 le
309 741 125 70 goût
387 741 93 70 du
434 741 156 70 conter
543 741 218 70 ancestral,
714 741 109 70 ils
776 741 93 70 ne
808 741 93 70 sont

44 780 111 77 pas
108 780 127 77 près
187 780 206 77 d’épuiser
346 780 111 77 les
409 780 206 77 paradoxes
568 780 143 77 d’une
663 780 206 77 situation
806 780 95 77 sans

46 823 190 64 confort,
189 823 79 64 à
220 823 206 64 mi-chemin
379 823 95 64 du
427 823 206 64 difficile
585 823 222 64 alignement
759 823 95 64 et
807 823 95 64 de
839 823 63 64 la

43 854 233 73 plaisante
222 854 268 73 enluminure.
437 854 161 73 C’est
544 854 215 73 pourquoi
705 854 107 73 la
759 854 143 73 voie
830 854 72 73 où

45 894 232 63 s’engagent
227 894 215 63 désormais
393 894 149 63 leurs
492 894 165 63 cadets
608 894 132 63 nous
691 894 165 63 semble
790 894 116 63 avoir

45 935 176 65 franchi
173 935 96 65 la
221 935 176 65 croisée
348 935 112 65 des
412 935 223 65 éternelles
588 935 271 65 incertitudes,
795 935 112 65 voire

47 980 135 61 même
131 980 101 61 le
182 980 219 61 carrefour
350 980 118 61 des
401 980 202 61 compromis.

76 1024 96 59 Au
124 1024 113 59 fur
188 1024 96 59 et
237 1024 80 59 à
269 1024 161 59 mesure
381 1024 113 59 que
446 1024 177 59 passent
574 1024 129 59 vite
655 1024 113 59 les
719 1024 161 59 années
816 1024 96 59 dans

48 1062 126 58 leur
127 1062 126 58 pays
205 1062 126 58 sans
284 1062 142 58 cesse
378 1062 94 58 en
426 1062 126 58 état
504 1062 79 58 *
536 1062 189 58 évolutif
677 1062 79 58 ,
709 1062 110 58 les
756 1062 157 58 peintres

47 1097 226 63 tunisiens
220 1097 104 63 de
273 1097 156 63 moins
377 1097 104 63 de
429 1097 104 63 35
481 1097 122 63 ans
551 1097 209 63 prennent
707 1097 122 63 des
760 1097 156 63 options

50 1133 155 64 nettes
158 1133 93 64 et
204 1133 185 64 franches
343 1133 139 64 qu’il
436 1133 124 64 nous
513 1133 155 64 paraît
621 1133 232 64 intéressant
807 1133 93 64 de
838 1133 77 64 dé-

49 1164 143 67 finir
144 1164 95 67 de
192 1164 143 67 façon
287 1164 222 67 succincte:
461 1164 127 67 Soit
540 1164 190 67 qu’elles
683 1164 95 67 se
714 1164 206 67 préoccupent

50 1216 131 61 d’un
132 1216 312 61 constructivisme
394 1216 181 61 parfois
526 1216 181 61 lyrique
657 1216 214 61 (Belkodja
821 1216 99 61 et
854 1216 66 61 le

48 1250 179 66 groupe
173 1250 125 66 des
245 1250 143 66 six)
334 1250 107 66 ou
387 1250 143 66 bien
477 1250 214 66 qu'elles
637 1250 268 66 choisissent
834 1250 89 66 une

51 1284 240 60 expression
239 1284 240 60 résolument
428 1284 103 60 **
479 1284 240 60 sensuelle:
667 1284 120 60 qui
736 1284 103 60 se
770 1284 154 60 nourrit

52 1322 129 67 pour
133 1322 146 67 ainsi
230 1322 129 67 dire
311 1322 97 67 de
359 1322 97 67 sa
408 1322 162 67 propre
521 1322 178 67 densité
650 1322 194 67 (Séhili.
779 1322 146 67 Chebil,

45 1381 95 51 etc.).

81 1413 174 58 Enfin
196 1413 135 58 ces
274 1413 154 58 deux
370 1413 251 58 tendances
563 1413 270 58 présentées
775 1413 96 58 à
794 1413 135 58 cette

50 1450 244 53 Quatrième
238 1450 225 53 Biennale
406 1450 112 53 se
463 1450 262 53 conjuguent
669 1450 150 53 pour
744 1450 187 53 conjurer

54 1487 244 62 l’anecdote,
249 1487 244 62 s’accordent
444 1487 130 62 pour
525 1487 195 62 expulser
671 1487 97 62 le
704 1487 227 62 pittoresque.

85 1544 212 50 Pourtant
244 1544 106 50 le
297 1544 194 50 divorce
439 1544 141 50 avec
527 1544 106 50 la
580 1544 194 50 Tunisie
722 1544 106 50 de
775 1544 159 50 papa,
863 1544 71 50 ne

54 1574 169 63 suffit
173 1574 119 63 pas
240 1574 119 63 aux
308 1574 136 63 yeux
393 1574 119 63 des
461 1574 169 63 jeunes
579 1574 203 63 artistes
732 1574 220 63 tunisiens
884 1574 51 63 à

55 1609 225 57 entrainer
228 1609 104 57 la
280 1609 260 57 suppression
488 1609 121 57 des
557 1609 260 57 garde-fous.
747 1609 191 57 Attentifs

55 1650 173 60 qu’ils
176 1650 139 60 sont
263 1650 104 60 au
314 1650 173 60 fameux
436 1650 87 60 *
470 1650 191 60 certain
609 1650 173 60 ordre:
730 1650 139 60 dans
799 1650 139 60 lequel

55 1689 295 52 s’assemblent
294 1689 166 52 leurs
405 1689 276 52 aspirations
626 1689 166 52 comme
736 1689 203 52 naguère
865 1689 74 52 en

62 1735 141 47 leur
150 1735 193 47 surface
291 1735 123 47 les
361 1735 211 47 couleurs
519 1735 176 47 chères
642 1735 88 47 à
677 1735 193 47 Maurice
800 1735 141 47 Denis.

60 1768 112 49 Une
124 1768 128 49 fois
204 1768 145 49 morte
301 1768 96 49 la
349 1768 177 49 couleur
477 1768 177 49 locale,
606 1768 96 49 la
654 1768 145 49 jeune
750 1768 193 49 peinture
879 1768 64 49 en

57 1807 184 52 Tunisie
191 1807 167 52 repart
308 1807 151 52 cette
409 1807 134 52 fois
492 1807 84 52 à
526 1807 100 52 la
576 1807 201 52 conquête
710 1807 234 52 d’elle

58 1839 214 57 ignorante
222 1839 148 57 aussi
321 1839 132 57 bien
404 1839 115 57 des
470 1839 165 57 appels
585 1839 132 57 d’un
668 1839 198 57 folklore
800 1839 148 57 pop

58 1888 117 56 que
125 1888 117 56 des
192 1888 233 56 ambiguités
375 1888 100 56 de
408 1888 300 56 l’anti

665 1948 172 70 Hatim
760 1948 191 70 Elmekki.
