1627 3030
648 114 194 83 —
726 114 272 83 454
842 114 117 83 —

113 212 263 66 venir...
310 212 241 66 Dernier
485 212 263 66 décembre
682 212 197 66 1597.
813 212 109 66 1
857 212 153 66 gr.
944 212 131 66 p.
1010 212 131 66 et
1076 212 197 66 quart
1207 212 241 66 in-fol.
1360 212 175 66 Déchi-

118 265 206 56 rure
247 265 154 56 en
324 265 232 56 tête,
478 265 206 56 mais
607 265 360 56 n’enlevant
890 265 206 56 rien
1019 265 154 56 de
1096 265 386 56 l’écriture.
1404 265 154 56 50
1456 265 77 56 »

81 319 177 58 5454.
199 319 294 58 Fain
434 319 137 58 (le
513 319 216 58 baron),
670 319 275 58 historien,
886 319 275 58 secrétaire
1101 319 118 58 de
1160 319 235 58 Napoléon
1337 319 137 58 Ier
1415 319 118 58 et
1455 319 78 58 du

116 359 146 59 roi
200 359 396 59 Louis-Philippe.
533 359 125 59 L.
596 359 167 59 aut.
700 359 188 59 sig.,
826 359 104 59 à
867 359 167 59 M...
972 359 355 59 Palais-Royal,
1264 359 104 59 5
1305 359 167 59 mars
1389 359 146 59 1831.

47 409 494 64 1
245 409 593 64 p.
541 409 890 64 in-4.
1135 409 494 64 2
1233 409 297 64 »

67 465 197 47 5455.
198 465 306 47 Feh
439 465 153 47 (le
527 465 306 47 cardinal),
767 465 306 47 archevêque
1008 465 131 47 de
1074 465 197 47 Lyon,
1205 465 197 47 oncle
1336 465 131 47 de
1380 465 153 47 Napo-

116 500 194 66 léon.
246 500 129 66 L.
310 500 172 66 aut.
418 500 194 66 sig.,
547 500 108 66 à
590 500 151 66 Mme
676 500 129 66 de
741 500 301 66 Fontanges,
977 500 108 66 à
1020 500 430 66 Aix-la-Chapelle.
1365 500 172 66 Paris,

113 567 132 50 9
165 567 290 50 juillet
376 567 237 50 1810.
534 567 132 50 1
586 567 158 50 p.
665 567 237 50 in-4.
823 567 290 50 Cachet.
1034 567 237 50 Jolie
1192 567 290 50 lettre.
1402 567 158 50 10
1455 567 79 50 »

162 608 130 48 Il
227 608 152 48 est
314 608 174 48 bien
423 608 130 48 en
488 608 196 48 peine
619 608 130 48 de
684 608 130 48 sa
749 608 174 48 sœur
858 608 217 48 depuis
1010 608 152 48 les
1097 608 304 48 événements
1336 608 152 48 qui
1402 608 130 48 sont

116 653 236 78 arrivés
287 653 129 78 en
352 653 343 78 Hollande....
631 653 129 78 La
695 653 193 78 reine
824 653 129 78 de
888 653 215 78 Naples
1038 653 129 78 et
1103 653 300 78 l’empereur
1339 653 172 78 sont
1425 653 107 78 de-

130 701 177 54 puis
241 701 200 54 jeudi
374 701 111 54 à
396 701 377 54 Rambouillet....

79 736 182 66 5456.
200 736 403 66 Feutrier,
543 736 202 66 éveque
684 736 121 66 de
744 736 262 66 Beauvais,
946 736 242 66 ministre
1128 736 141 66 des
1208 736 222 66 cultes.
1370 736 121 66 L.
1410 736 121 66 aut.

89 795 449 65 sig.,
388 795 249 65 à
488 795 399 65 M...
738 795 249 65 1
838 795 299 65 p.
987 795 449 65 in-8.
1287 795 249 65 1
1336 795 200 65 25

80 837 196 64 5457.
211 837 457 64 Fitz-James
602 837 152 64 (le
689 837 283 64 maréchal,
906 837 152 64 duc
993 837 174 64 de),
1102 837 174 64 fils
1211 837 130 64 du
1276 837 261 64 maréchal
1450 837 87 64 de

113 900 284 52 Berwick.
327 900 142 52 1°
398 900 142 52 L.
469 900 190 52 aut.
587 900 213 52 sig.,
729 900 142 52 au
800 900 261 52 marquis
990 900 142 52 de
1061 900 355 52 Monteynard.
1322 900 213 52 Rennes,

126 944 114 45 8
172 944 273 45 décembre
377 944 205 45 1773.
513 944 114 45 1
559 944 137 45 p.
627 944 205 45 in-4.
764 944 114 45 —
809 944 137 45 2°
878 944 250 45 Mémoire
1060 944 342 45 autographe,
1333 944 137 45 ou
1379 944 159 45 notes

130 992 174 60 pour
239 992 217 60 servir
391 992 130 60 de
456 992 239 60 preuves
629 992 130 60 au
695 992 239 60 mémoire
868 992 304 60 concernant
1107 992 130 60 le
1172 992 195 60 droit
1302 992 217 60 qu’ont
1432 992 109 60 les

125 1037 186 65 pairs
249 1037 124 65 de
311 1037 206 65 France
455 1037 206 65 d’être
600 1037 186 65 jugés
724 1037 144 65 par
806 1037 186 65 leurs
930 1037 206 65 pairs.
1074 1037 124 65 30
1136 1037 124 65 p.
1198 1037 227 65 in-fol.
1342 1037 186 65 Dossier

66 1081 1303 62 intéressant.
1124 1081 488 62 12
1287 1081 244 62 »

78 1130 190 59 5458.
204 1130 505 59 Fontainebleau
647 1130 211 59 (forêt
794 1130 168 59 de).
899 1130 126 59 1°
962 1130 211 59 Projet
1110 1130 126 59 de
1173 1130 316 59 plantations
1405 1130 126 59 dans

130 1178 146 53 les
214 1178 251 53 terrains
402 1178 355 53 naturellement
694 1178 188 53 vides
819 1178 125 53 de
882 1178 125 53 la
944 1178 188 53 forêt
1070 1178 125 53 de
1132 1178 376 53 Fontainebleau.
1425 1178 104 53 Ma-

131 1231 235 54 nuscrit
302 1231 128 54 de
366 1231 128 54 10
430 1231 192 54 pages
558 1231 235 54 in-fol.
729 1231 107 54 —
772 1231 128 54 2°
836 1231 192 54 Trois
964 1231 235 54 lettres
1135 1231 171 54 aut.
1242 1231 128 54 et
1306 1231 171 54 aut.
1391 1231 150 54 sig.,

128 1276 270 52 adressées
336 1276 104 52 à
378 1276 125 52 M.
440 1276 291 52 Delaporte,
669 1276 270 52 intendant
877 1276 125 52 de
940 1276 125 52 la
1002 1276 187 52 liste
1127 1276 208 52 civile
1273 1276 146 52 sur
1356 1276 125 52 le
1397 1276 146 52 sujet

132 1322 153 56 qui
220 1322 262 56 précède,
416 1322 131 56 et
482 1322 153 56 sur
569 1322 153 56 les
656 1322 240 56 mesures
831 1322 109 56 à
875 1322 240 56 prendre
1049 1322 175 56 pour
1159 1322 240 56 arrêter
1333 1322 131 56 le
1377 1322 153 56 cours

135 1379 150 46 des
220 1379 344 46 dévastations
500 1379 129 46 de
564 1379 129 46 la
628 1379 193 46 foret
757 1379 129 46 de
822 1379 386 46 Fontainebleau.
1144 1379 386 46 Fontainebleau,
1444 1379 86 46 11

124 1427 211 55 févr.,
271 1427 126 55 15
335 1427 126 55 et
398 1427 126 55 16
461 1427 232 55 octobre
630 1427 190 55 1791.
756 1427 274 55 Ensemble,
967 1427 126 55 29
1030 1427 126 55 p.
1093 1427 232 55 in-fol.
1262 1427 105 55 —
1304 1427 126 55 3°
1367 1427 126 55 L.
1410 1427 126 55 sig.

132 1473 138 57 du
201 1473 185 57 même
316 1473 138 57 au
386 1473 208 57 même.
524 1473 231 57 Paris,
686 1473 138 57 27
755 1473 254 57 janvier
939 1473 208 57 1792.
1078 1473 115 57 2
1124 1473 138 57 p.
1193 1473 254 57 in-fol.
1378 1473 161 57 Sur
1447 1473 92 57 le

61 1513 692 63 même
493 1513 864 63 sujet.
1098 1513 519 63 30
1271 1513 259 63 »

90 1552 176 62 5459.
208 1552 333 62 Fréret
482 1552 274 62 (Nicolas),
698 1552 274 62 philologue
914 1552 118 62 et
973 1552 274 62 historien,
1188 1552 274 62 secrétaire
1384 1552 157 62 perpé-

129 1614 161 57 tuel
230 1614 121 57 de
290 1614 282 57 l’Académie
511 1614 141 57 des
592 1614 322 57 Inscriptions
854 1614 121 57 et
914 1614 382 57 Belles-Lettres.
1236 1614 121 57 1°
1276 1614 262 57 Description

136 1659 127 71 de
199 1659 127 71 la
263 1659 212 71 petite
412 1659 276 71 Tartarie.
624 1659 276 71 Fragments
837 1659 170 71 aut.
943 1659 127 71 23
1007 1659 127 71 p.
1071 1659 191 71 in-4.
1198 1659 255 71 Ecriture
1368 1659 170 71 serrée

136 1707 129 58 et
200 1707 258 58 diverses
393 1707 193 58 notes
522 1707 129 58 et
587 1707 301 58 fragments;
823 1707 193 58 route
952 1707 129 58 de
1016 1707 236 58 Smyrne,
1188 1707 193 58 route
1317 1707 129 58 de
1360 1707 172 58 Taver-

126 1759 198 56 nier,
258 1759 132 56 de
324 1759 397 56 Constantinople
655 1759 110 56 à
699 1759 286 56 Erzeroum,
919 1759 176 56 etc.
1029 1759 110 56 8
1073 1759 132 56 p.
1139 1759 176 56 in-8
1250 1759 132 56 et
1316 1759 242 56 in-fol.
1470 1759 66 56 —

128 1797 126 62 2°
191 1797 293 62 Vingt-huit
421 1797 210 62 cartes
568 1797 314 62 originales,
820 1797 168 62 avec
924 1797 147 62 les
1008 1797 335 62 descriptions
1260 1797 272 62 autographes

130 1857 370 55 d’Alexandrie
430 1857 116 55 à
476 1857 300 55 Samosate,
707 1857 139 55 du
777 1857 231 55 voyage
938 1857 139 55 de
1008 1857 139 55 M.
1077 1857 139 55 de
1146 1857 277 55 Nointel,
1354 1857 185 55 tiré
1447 1857 92 55 du

134 1902 266 55 journal
327 1902 290 55 original
545 1902 145 55 de
618 1902 145 55 M.
690 1902 290 55 Galland,
908 1902 218 55 etc.,
1053 1902 194 55 etc.
1174 1902 315 55 Ensemble.
1416 1902 145 55 60
1464 1902 73 55 »

90 1942 178 64 5460.
209 1942 396 64 Galbois,,
545 1942 218 64 général
704 1942 119 64 de
763 1942 218 64 l’armée
921 1942 277 64 d’Afrique.
1139 1942 119 64 L.
1199 1942 158 64 aut.
1298 1942 158 64 sig.
1396 1942 119 64 de
1436 1942 99 64 ses

128 1997 265 58 initiales,
336 1997 95 58 à
374 1997 133 58 son
450 1997 170 58 fils.
563 1997 303 58 Constantine,
810 1997 95 58 5
847 1997 246 58 septembre
1037 1997 170 58 1838.
1150 1997 95 58 3
1188 1997 114 58 p.
1245 1997 133 58 pl.
1321 1997 170 58 in-4.
1434 1997 95 58 3
1453 1997 76 58 50

173 2048 215 62 Lettre
324 2048 344 62 intéressante
604 2048 151 62 sur
690 2048 151 62 ses
776 2048 301 62 opérations
1013 2048 301 62 militaires
1249 2048 172 62 dans
1357 2048 129 62 la
1400 2048 129 62 pro-

132 2090 198 52 vince
264 2090 132 52 de
308 2090 309 52 Constantine.

79 2141 197 59 5461.
210 2141 415 59 Gallard,
560 2141 218 59 évêque
713 2141 131 59 de
778 2141 218 59 Meaux.
931 2141 131 59 L.
997 2141 175 59 aut.
1106 2141 197 59 sig.,
1237 2141 109 59 à
1281 2141 153 59 Mme
1368 2141 131 59 la
1412 2141 131 59 com-

132 2198 215 50 tesse
275 2198 143 50 de
347 2198 334 50 Rambuteau.
609 2198 239 50 Meaux,
776 2198 143 50 26
848 2198 262 50 janvier
1039 2198 215 50 1835.
1182 2198 119 50 2
1230 2198 143 50 p.
1301 2198 215 50 in-4.
1445 2198 119 50 2
1468 2198 72 50 »

89 2235 181 59 5462.
210 2235 362 59 Gaudin,
511 2235 141 59 duc
592 2235 121 59 de
652 2235 201 59 Gaëte,
793 2235 241 59 ministre
974 2235 141 59 des
1054 2235 261 59 finances.
1255 2235 121 59 L.
1316 2235 161 59 aut.
1396 2235 141 59 sig.,

129 2290 111 48 à
173 2290 267 48 l’amiral
374 2290 223 48 Bruix.
530 2290 223 48 Paris,
686 2290 134 48 16
752 2290 223 48 nivôse
908 2290 134 48 an
975 2290 200 48 VIII.
1109 2290 245 48 Demi-p.
1287 2290 200 48 in-4.
1421 2290 111 48 1
1443 2290 89 48 50

90 2320 183 75 5463.
212 2320 387 75 Gavaudan
538 2320 204 75 (Mme),
681 2320 224 75 actrice
844 2320 122 75 de
905 2320 408 75 l’Opéra-Comique.
1252 2320 122 75 L.
1313 2320 163 75 aut.
1394 2320 143 75 sig.,

134 2373 102 61 à
174 2373 122 61 M.
235 2373 122 61 de
296 2373 325 61 Pixerécourt.
560 2373 203 61 Passy,
702 2373 122 61 le
763 2373 122 61 28
824 2373 162 61 juin
926 2373 183 61 1830.
1048 2373 102 61 3
1088 2373 122 61 p.
1149 2373 142 61 pl.
1230 2373 183 61 in-8.
1352 2373 183 61 Jolie
1454 2373 81 61 et

83 2425 830 63 curieuse
705 2425 761 63 lettre.
1258 2425 346 63 5
1328 2425 207 63 »

76 2463 193 72 5464.
204 2463 428 72 Ginguené,
568 2463 343 72 littérateur,
847 2463 300 72 historien.
1082 2463 129 72 L.
1146 2463 171 72 aut.
1254 2463 193 72 sig.,
1382 2463 107 72 à
1403 2463 129 72 M...

118 2520 473 60 Saint-Prix,
497 2520 189 60 16
591 2520 252 60 août
749 2520 284 60 1813.
938 2520 158 60 4
1001 2520 189 60 p.
1096 2520 221 60 pl.
1222 2520 284 60 in-4.
1411 2520 158 60 6
1442 2520 95 60 »

178 2571 161 66 Belle
285 2571 178 66 lettre
410 2571 214 66 relative
571 2571 89 66 à
606 2571 125 66 son
678 2571 339 66 Histoire
963 2571 250 66 littéraire
1159 2571 232 66 d’Italie,
1338 2571 107 66 et
1391 2571 125 66 aux
1445 2571 89 66 in-

140 2617 230 57 trigues
307 2617 146 57 qui
391 2617 146 57 ont
475 2617 230 57 empêché
642 2617 125 57 sa
704 2617 293 57 nomination
934 2617 105 57 à
955 2617 272 57 l’Institut.

79 2660 198 63 5465.
211 2660 440 63 Grandval,
585 2660 242 63 célèbre
761 2660 220 63 acteur
916 2660 132 63 de
982 2660 132 63 la
1048 2660 484 63 Comédie-Française.
1444 2660 88 63 L.

126 2717 173 46 aut.
235 2717 195 46 sig.,
364 2717 108 46 à
408 2717 173 46 M...
516 2717 108 46 9
559 2717 303 46 janvier...
797 2717 108 46 2
841 2717 130 46 p.
905 2717 151 46 pl.
992 2717 195 46 in-4.
1122 2717 195 46 Belle
1252 2717 238 46 lettre.
1425 2717 130 46 32
1468 2717 65 46 »

175 2765 127 42 Il
238 2765 190 42 avait
365 2765 169 42 prié
471 2765 211 42 Lekain
619 2765 127 42 de
682 2765 127 42 le
746 2765 254 42 prévenir
936 2765 148 42 sur
1021 2765 127 42 ce
1084 2765 148 42 qui
1169 2765 317 42 l’empéchait
1401 2765 127 42 d’a-

128 2811 163 50 voir
229 2811 265 50 l’honneur
433 2811 122 50 de
494 2811 122 50 le
555 2811 244 50 voir,...
739 2811 163 50 mais
841 2811 122 50 il
902 2811 204 50 paraît
1044 2811 183 50 qu’il
1166 2811 163 50 n’en
1268 2811 102 50 a
1309 2811 163 50 rien
1390 2811 143 50 fait.
