1548 2797
640 14 203 84 —
722 14 203 84 5
762 14 122 84 —

43 109 155 79 22.
131 109 265 79 Henri
330 109 375 79 d’Albret,
639 109 155 79 roi
727 109 132 79 de
794 109 265 79 Navarre,
992 109 309 79 grand-père
1235 109 243 79 d’Henri
1390 109 110 79 IV.

89 168 202 59 Lettre
230 168 161 59 avec
331 168 121 59 la
391 168 323 59 souscription
654 168 182 59 d’une
775 168 182 59 ligne
896 168 161 59 aut.
997 168 182 59 sig.,
1118 168 101 59 à
1158 168 121 59 M.
1219 168 121 59 le
1259 168 242 59 Lieutenant

84 218 146 54 du
157 218 195 54 roi,
279 218 146 54 en
352 218 293 54 Guyenne.
571 218 195 54 Pau,
693 218 146 54 30
766 218 293 54 décembre
986 218 219 54 1549.
1132 218 122 54 1
1181 218 146 54 p.
1254 218 219 54 in-4.
1400 218 122 54 8
1425 218 73 54 »

130 271 133 54 Au
196 271 199 54 sujet
329 271 133 54 de
395 271 133 54 la
462 271 310 54 nomination
705 271 155 54 par
794 271 133 54 le
860 271 155 54 roi
949 271 133 54 de
1015 271 221 54 France
1170 271 133 54 du
1236 271 133 54 sr
1303 271 133 54 du
1347 271 155 54 Hodet

86 307 122 66 au
147 307 182 66 titre
268 307 122 66 de
329 307 263 66 capitaine
532 307 122 66 de
592 307 122 66 la
653 307 182 66 ville
775 307 122 66 de
815 307 284 66 Sainte

37 351 133 83 23.
113 351 322 83 Joauny
378 351 322 83 (Jean-Bernard
644 351 398 83 Brisebarre
985 351 171 83 dit),
1099 351 190 83 acteur
1232 351 265 83 sociétaire
1421 351 76 83 du

83 396 209 78 Théâtre
235 396 247 78 Français.
424 396 114 78 Né
481 396 95 78 à
519 396 303 78 Dijon
766 396 114 78 en
823 396 171 78 1775.
936 396 152 78 Mort
1031 396 114 78 en
1069 396 133 78 1849.

126 460 283 69 «Journal
339 460 283 69 théâtral
551 460 142 69 de
622 460 165 69 mes
716 460 448 69 représentations
1094 460 118 69 à
1141 460 212 69 dater
1283 460 142 69 du
1330 460 165 69 mardi

82 503 167 68 «1er
187 503 167 68 août
291 503 251 68 1809....
480 503 251 68 jusqu’au
668 503 126 68 19
731 503 188 68 avril
856 503 209 68 1824.»
1003 503 188 68 Trois
1128 503 230 68 cahiers
1296 503 167 68 aut.
1379 503 105 68 gr.

79 555 262 62 in-fol.,
275 555 305 62 comprenant
515 555 153 62 285
602 555 131 62 p.
668 555 174 62 pl.—
777 555 196 62 Plus,
907 555 131 62 le
973 555 174 62 même
1082 555 240 62 Journal
1234 555 262 62 comprenant

81 604 116 58 36
139 604 252 58 feuillets
332 604 252 58 détachés,
526 604 116 58 ou
584 604 116 58 72
642 604 116 58 p.
700 604 136 58 pl.
778 604 136 58 gr.
855 604 213 58 in-fol.
1010 604 174 58 (mais
1126 604 155 58 avec
1223 604 136 58 des
1281 604 213 58 feuillets

74 652 283 55 manquants
292 652 131 55 et
357 652 240 55 faisant
532 652 261 55 lacune),
728 652 131 55 du
793 652 261 55 dimanche
989 652 109 55 2
1033 652 152 55 mai
1120 652 174 55 1824
1229 652 131 55 au
1272 652 218 55 mercredi

74 701 127 71 15
137 701 190 71 avril
264 701 190 71 1846,
391 701 169 71 avec
497 701 190 71 cette
623 701 254 71 mention:
814 701 106 71 «
856 701 233 71 Comédie
1025 701 296 71 française.
1258 701 106 71 —
1300 701 127 71 Le
1342 701 148 71 vieil

74 742 275 67 «Horace.—
285 742 190 67 Cette
412 742 380 67 représentation
729 742 127 67 de
792 742 275 67 retraite,
1003 742 169 67 plus
1109 742 275 67 flatteuse
1320 742 148 67 que
1383 742 106 67 lu-

71 803 300 55 «crative,
302 803 115 55 a
348 803 392 55 honorablement
671 803 254 55 terminé
855 803 138 55 ma
901 803 277 55 carrière.»

119 845 132 52 Ce
185 845 265 52 journal,
384 845 375 52 régulièrement
693 845 199 52 tenu,
825 845 154 52 est
913 845 154 52 une
1002 845 353 52 appréciation
1288 845 154 52 des
1355 845 132 52 plus

71 881 326 63 singulières
332 881 131 63 et
398 881 152 63 des
485 881 174 63 plus
593 881 283 63 curieuses
811 881 131 63 de
876 881 152 63 son
963 881 218 63 talent
1115 881 305 63 dramatique
1355 881 131 63 et
1398 881 87 63 de

71 944 150 59 ses
156 944 214 59 effets
306 944 279 59 brillants
521 944 129 59 ou
585 944 279 59 médiocres
800 944 107 59 à
843 944 214 59 chaque
993 944 386 59 représentation
1314 944 129 59 et
1357 944 129 59 dans

70 992 211 57 chaque
218 992 169 57 rôle
323 992 148 57 sur
407 992 127 57 le
471 992 232 57 public,
639 992 105 57 à
682 992 211 57 Paris,
829 992 169 57 dans
935 992 148 57 les
1019 992 211 57 villes
1167 992 127 57 de
1230 992 127 57 la
1272 992 211 57 province

71 1031 128 59 et
135 1031 128 59 de
199 1031 298 59 l’étranger
433 1031 128 59 où
497 1031 128 59 il
561 1031 107 59 a
603 1031 149 59 été
689 1031 213 59 appelé
838 1031 107 59 à
880 1031 213 59 donner
1030 1031 149 59 des
1093 1031 384 59 représentations.

67 1082 133 52 Il
133 1082 111 52 y
177 1082 287 52 reproduit
399 1082 376 52 quelques-unes
708 1082 155 52 des
797 1082 221 52 pièces
951 1082 133 52 de
1018 1082 177 52 vers
1128 1082 155 52 qui
1217 1082 155 52 lui
1305 1082 155 52 ont
1371 1082 111 52 été

68 1132 270 57 adressées
276 1132 187 57 après
400 1132 145 57 des
483 1132 394 57 représentations
816 1132 332 57 solennelles.
1086 1132 125 57 La
1148 1132 228 57 période
1314 1132 125 57 de
1355 1132 125 57 1809

67 1179 103 55 à
108 1179 164 55 1824
210 1179 123 55 de
272 1179 144 55 ces
354 1179 267 55 curieuses
559 1179 308 55 confidences
805 1179 144 55 est
887 1179 123 55 la
948 1179 164 55 plus
1051 1179 267 55 détaillée
1256 1179 123 55 et
1317 1179 123 55 la
1358 1179 123 55 plus

68 1220 365 66 intéressante:
368 1220 279 66 cependant
582 1220 129 66 la
647 1220 236 66 seconde
818 1220 257 66 (quoique
1011 1220 322 66 incomplète)
1269 1220 150 66 est
1333 1220 150 66 aussi

68 1278 464 50 très-intéressante,
469 1278 232 50 surtout
638 1278 127 50 en
701 1278 127 50 ce
764 1278 148 50 qui
849 1278 253 50 concerne
1039 1278 148 50 les
1123 1278 274 50 premières
1313 1278 169 50 repré-

63 1325 354 60 sentations
341 1325 531 60 d'Hernani,
797 1325 152 60 au
873 1325 278 60 Théâtre
1075 1325 329 60 Français.
1328 1325 177 60 175
1404 1325 76 60 »

17 1364 148 65 24.
102 1364 191 65 La
229 1364 445 65 Rochefoucauld
611 1364 276 65 (François
823 1364 148 65 VI,
907 1364 148 65 duc
992 1364 170 65 de),
1098 1364 127 65 le
1162 1364 233 65 célèbre
1310 1364 170 65 auteur

65 1422 139 63 des
145 1422 378 63 Maximes.
463 1422 119 63 L.
522 1422 159 63 aut.
622 1422 179 63 sig.,
741 1422 99 63 à
781 1422 159 63 Mlle
880 1422 119 63 de
940 1422 239 63 Scudéry.
1119 1422 199 63 Paris,
1258 1422 119 63 22
1298 1422 179 63 août...

62 1465 100 52 2
102 1465 139 52 gr.
182 1465 119 52 p.
241 1465 139 52 pl.
321 1465 119 52 et
381 1465 179 52 quart
500 1465 179 52 in-4.
619 1465 219 52 Cachets
779 1465 119 52 et
838 1465 199 52 soies.
977 1465 279 52 Très-belle
1196 1465 219 52 lettre.
1356 1465 139 52 200
1415 1465 60 52 »

106 1520 130 64 Il
171 1520 109 64 a
215 1520 174 64 bien
324 1520 152 64 des
410 1520 239 64 pardons
584 1520 109 64 à
628 1520 152 64 lui
715 1520 261 64 demander
910 1520 130 64 de
975 1520 239 64 n’avoir
1149 1520 152 64 pas
1236 1520 196 64 mieux
1345 1520 130 64 fait

57 1565 144 56 son
140 1565 206 56 devoir
284 1565 144 56 sur
366 1565 123 56 le
428 1565 144 56 mal
510 1565 226 56 qu’elle
674 1565 103 56 a
715 1565 144 56 eu,
798 1565 123 56 il
859 1565 123 56 ne
921 1565 144 56 l’a
1003 1565 185 56 point
1127 1565 123 56 su
1188 1565 226 56 dutout,
1353 1565 123 56 et
1394 1565 82 56 il

60 1611 139 53 est
140 1611 119 53 si
199 1611 139 53 peu
279 1611 119 53 en
339 1611 159 53 état
438 1611 119 53 de
498 1611 179 53 faire
617 1611 119 53 ce
677 1611 179 53 qu’il
796 1611 259 53 voudrait,
995 1611 219 53 qu’elle
1155 1611 159 53 aura
1254 1611 159 53 sans
1334 1611 139 53 doute

56 1663 125 60 la
119 1663 187 60 bonté
244 1663 125 60 de
306 1663 125 60 ne
368 1663 146 60 pas
452 1663 208 60 croire
598 1663 146 60 que
681 1663 125 60 ce
743 1663 167 60 soit
847 1663 125 60 sa
910 1663 187 60 faute
1035 1663 167 60 s’il
1139 1663 146 60 est
1201 1663 271 60 quelquefois

56 1714 127 48 si
119 1714 275 48 longtemps
331 1714 169 48 sans
437 1714 190 48 avoir
564 1714 275 48 l’honneur
775 1714 127 48 de
839 1714 148 48 lui
902 1714 254 48 écrire....

9 1740 146 74 25.
93 1740 355 74 Lebeuf
385 1740 230 74 (l’abbé
552 1740 209 74 Jean),
699 1740 251 74 chanoine
887 1740 272 74 d’Auxerre
1096 1740 209 74 auteur
1242 1740 167 74 d’un
1326 1740 146 74 grand

58 1814 193 60 nombre
193 1814 271 60 d’ouvrages
406 1814 135 60 sur
483 1814 271 60 l’histoire
696 1814 116 60 de
754 1814 213 60 France.
908 1814 116 60 Né
966 1814 97 60 à
1005 1814 367 60 Auxerre.
1314 1814 116 60 L.
1353 1814 116 60 aut.

56 1857 184 66 sig.,
178 1857 102 66 à
219 1857 123 66 M.
280 1857 204 66 Fenel,
423 1857 184 66 doyen
546 1857 123 66 de
607 1857 245 66 l’église
791 1857 368 66 métropolitaine
1098 1857 123 66 de
1159 1857 184 66 Sens.
1262 1857 204 66 Auxerre,

36 1905 226 55 21
149 1905 301 55 juin
338 1905 339 55 1715.
564 1905 188 55 3
639 1905 264 55 gr.
790 1905 226 55 p.
903 1905 264 55 pl.
1054 1905 339 55 in-4.
1280 1905 226 55 25
1355 1905 113 55 »

101 1941 207 78 Lettre
246 1941 331 78 intéressante
515 1941 124 78 au
577 1941 186 78 sujet
701 1941 145 78 des
784 1941 310 78 conférences
1032 1941 145 78 qui
1114 1941 124 78 se
1177 1941 165 78 sont
1280 1941 207 78 tenues
1404 1941 62 78 à

52 1987 327 78 l’archevêché
317 1987 123 78 de
379 1987 164 78 Sens
481 1987 102 78 à
522 1987 286 78 l’occasion
747 1987 123 78 du
808 1987 225 78 nouveau
972 1987 266 78 bréviaire
1177 1987 123 78 et
1218 1987 245 78 missel....

51 2053 205 64 Saints
195 2053 144 64 qui
277 2053 144 64 ont
360 2053 144 64 été
442 2053 246 64 ajoutés;
627 2053 205 64 saints
770 2053 144 64 qui
853 2053 144 64 ont
935 2053 144 64 été
1017 2053 308 64 retranchés,
1243 2053 123 64 etc.

8 2093 129 70 26.
81 2093 166 70 Le
192 2093 203 70 Cat
339 2093 147 70 (Cl.
431 2093 184 70 Nic.),
560 2093 203 70 célèbre
707 2093 221 70 médecin.
873 2093 110 70 L.
928 2093 147 70 aut.
1020 2093 166 70 sig.,
1131 2093 92 70 à
1167 2093 184 70 Wille,
1278 2093 184 70 graveur.

42 2157 323 72 Rouen,
268 2157 161 72 5
332 2157 258 72 mars
494 2157 291 72 1756.
687 2157 161 72 2
752 2157 194 72 p.
849 2157 291 72 in-4.
1042 2157 355 72 Cachet.
1301 2157 161 72 3
1333 2157 129 72 50

97 2206 150 62 Sur
182 2206 150 62 ses
268 2206 278 62 charmants
482 2206 257 62 ouvrages
674 2206 193 62 qu’il
802 2206 107 62 a
824 2206 171 62 reçus.

1 2251 148 70 27.
85 2251 254 70 Louis
276 2251 232 70 VII
445 2251 148 70 roi
529 2251 127 70 de
593 2251 232 70 France.
762 2251 211 70 Charte
910 2251 169 70 (sur
1015 2251 296 70 parchemin)
1248 2251 127 70 en
1290 2251 169 70 latin,

49 2306 174 57 avec
158 2306 152 57 son
245 2306 326 57 monogramme.
505 2306 130 57 28
571 2306 174 57 août
679 2306 195 57 1170.
809 2306 152 57 Gr.
896 2306 130 57 p.
961 2306 261 57 in-fol.,
1157 2306 174 57 avec
1266 2306 152 57 les
1331 2306 130 57 fils

48 2349 126 61 de
111 2349 168 61 soie
216 2349 190 61 verte
343 2349 147 61 qui
427 2349 295 61 retenaient
659 2349 126 61 le
722 2349 190 61 sceau
848 2349 126 61 du
911 2349 168 61 roi.
1017 2349 232 61 Superbe
1185 2349 126 61 et
1227 2349 232 61 précieuse

47 2410 214 59 pièce.
197 2410 300 59 Singulière
433 2410 129 59 et
497 2410 193 59 belle
626 2410 279 59 écriture.
840 2410 172 59 Avec
947 2410 150 59 une
1033 2410 193 59 copie
1162 2410 236 59 moderne
1333 2410 129 59 et
1376 2410 86 59 la

22 2445 669 65 traduction
548 2445 287 65 en
691 2445 621 65 français.
1168 2445 334 65 100
1312 2445 143 65 »

92 2498 282 55 Fondation
309 2498 195 55 d’une
439 2498 195 55 rente
570 2498 325 55 perpétuelle
830 2498 130 55 de
895 2498 195 55 vingt
1025 2498 217 55 livres
1177 2498 152 55 sur
1264 2498 152 55 son
1329 2498 130 55 cens

47 2542 126 59 du
110 2542 231 59 château
278 2542 126 59 de
341 2542 252 59 Nanthon,
530 2542 126 59 en
593 2542 210 59 faveur
740 2542 126 59 de
802 2542 252 59 l’église
991 2542 126 59 de
1054 2542 126 59 la
1117 2542 168 59 cité
1222 2542 126 59 de
1264 2542 189 59 Sébaste

44 2591 294 57 (Samarie),
275 2591 189 57 qu’il
401 2591 105 57 a
443 2591 252 57 visitée,
632 2591 126 57 et
695 2591 168 57 dans
801 2591 252 57 laquelle
990 2591 210 57 repose
1137 2591 147 57 (et
1221 2591 126 57 au
1284 2591 168 57 lieu
1368 2591 84 57 où

42 2640 159 56 fut
133 2640 296 56 décapité)
361 2640 136 56 le
429 2640 318 56 précurseur
679 2640 136 56 du
747 2640 296 56 Seigneur,
975 2640 136 56 le
1043 2640 341 56 bienheureux
1293 2640 159 56 Jean

23 2687 306 83 Baptiste....
