<alto xmlns="http://www.loc.gov/standards/alto/v3/alto.xsd" xmlns:xsi="http://www.w3.org/2001/XMLSchema-instance" xsi:schemaLocation="http://www.loc.gov/standards/alto/v3/alto.xsd             http://www.loc.gov/standards/alto/v3/alto.xsd ">
   <Description>
      <MeasurementUnit>pixel</MeasurementUnit>
      <sourceImageInformation>
         <fileName>1860_11_LAV_N30_485.xml</fileName>
      </sourceImageInformation><OCRProcessing ID="IdOcr">
         <ocrProcessingStep>
            <processingDateTime>2020-08-13T13:54:01.15+02:00</processingDateTime>
            <processingSoftware>
               <softwareCreator>CONTRIBUTORS</softwareCreator>
               <softwareName>pdfalto</softwareName>
               <softwareVersion>0.1</softwareVersion>
            </processingSoftware></ocrProcessingStep>
      </OCRProcessing>
   </Description>
   <Styles>
     <TextStyle ID="FONT0" FONTSTYLE=""/>
</Styles><Tags/>
   <Layout>
      <Page ID="Page1" PHYSICAL_IMG_NR="1" HEIGHT="3037" WIDTH="1711">
         <PrintSpace HEIGHT="3037" WIDTH="1711" VPOS="0" HPOS="0">
            <TextBlock ID="r1" HEIGHT="2719" WIDTH="1431" VPOS="145" HPOS="109">
               <TextLine ID="r1l1" BASELINE="203" HEIGHT="87" WIDTH="255" VPOS="116" HPOS="690">
                  <String HEIGHT="87" WIDTH="182" VPOS="116" HPOS="654" CONTENT="—" STYLEREFS="FONT0"/>
                  <SP HEIGHT="87" WIDTH="36" VPOS="116" HPOS="836"/>
                  <String HEIGHT="87" WIDTH="255" VPOS="116" HPOS="726" CONTENT="455" STYLEREFS="FONT0"/>
                  <SP HEIGHT="87" WIDTH="36" VPOS="116" HPOS="981"/>
                  <String HEIGHT="87" WIDTH="109" VPOS="116" HPOS="836" CONTENT="—" STYLEREFS="FONT0"/>
               </TextLine>
               <TextLine ID="r1l2" BASELINE="299" HEIGHT="93" WIDTH="1392" VPOS="206" HPOS="157">
                  <String HEIGHT="93" WIDTH="205" VPOS="206" HPOS="134" CONTENT="Voici" STYLEREFS="FONT0"/>
                  <SP HEIGHT="93" WIDTH="23" VPOS="206" HPOS="340"/>
                  <String HEIGHT="93" WIDTH="137" VPOS="206" HPOS="271" CONTENT="sa" STYLEREFS="FONT0"/>
                  <SP HEIGHT="93" WIDTH="23" VPOS="206" HPOS="408"/>
                  <String HEIGHT="93" WIDTH="274" VPOS="206" HPOS="340" CONTENT="crainte:" STYLEREFS="FONT0"/>
                  <SP HEIGHT="93" WIDTH="23" VPOS="206" HPOS="613"/>
                  <String HEIGHT="93" WIDTH="137" VPOS="206" HPOS="545" CONTENT="Il" STYLEREFS="FONT0"/>
                  <SP HEIGHT="93" WIDTH="23" VPOS="206" HPOS="682"/>
                  <String HEIGHT="93" WIDTH="137" VPOS="206" HPOS="613" CONTENT="ne" STYLEREFS="FONT0"/>
                  <SP HEIGHT="93" WIDTH="23" VPOS="206" HPOS="750"/>
                  <String HEIGHT="93" WIDTH="205" VPOS="206" HPOS="682" CONTENT="doute" STYLEREFS="FONT0"/>
                  <SP HEIGHT="93" WIDTH="23" VPOS="206" HPOS="887"/>
                  <String HEIGHT="93" WIDTH="160" VPOS="206" HPOS="819" CONTENT="pas" STYLEREFS="FONT0"/>
                  <SP HEIGHT="93" WIDTH="23" VPOS="206" HPOS="979"/>
                  <String HEIGHT="93" WIDTH="160" VPOS="206" HPOS="910" CONTENT="que" STYLEREFS="FONT0"/>
                  <SP HEIGHT="93" WIDTH="23" VPOS="206" HPOS="1070"/>
                  <String HEIGHT="93" WIDTH="160" VPOS="206" HPOS="1001" CONTENT="ses" STYLEREFS="FONT0"/>
                  <SP HEIGHT="93" WIDTH="23" VPOS="206" HPOS="1161"/>
                  <String HEIGHT="93" WIDTH="297" VPOS="206" HPOS="1093" CONTENT="démarches" STYLEREFS="FONT0"/>
                  <SP HEIGHT="93" WIDTH="23" VPOS="206" HPOS="1389"/>
                  <String HEIGHT="93" WIDTH="137" VPOS="206" HPOS="1321" CONTENT="ne" STYLEREFS="FONT0"/>
                  <SP HEIGHT="93" WIDTH="23" VPOS="206" HPOS="1458"/>
                  <String HEIGHT="93" WIDTH="183" VPOS="206" HPOS="1366" CONTENT="soient" STYLEREFS="FONT0"/>
               </TextLine>
               <TextLine ID="r1l3" BASELINE="335" HEIGHT="54" WIDTH="1383" VPOS="281" HPOS="155">
                  <String HEIGHT="54" WIDTH="206" VPOS="281" HPOS="134" CONTENT="épiées" STYLEREFS="FONT0"/>
                  <SP HEIGHT="54" WIDTH="21" VPOS="281" HPOS="341"/>
                  <String HEIGHT="54" WIDTH="144" VPOS="281" HPOS="279" CONTENT="par" STYLEREFS="FONT0"/>
                  <SP HEIGHT="54" WIDTH="21" VPOS="281" HPOS="423"/>
                  <String HEIGHT="54" WIDTH="124" VPOS="281" HPOS="361" CONTENT="le" STYLEREFS="FONT0"/>
                  <SP HEIGHT="54" WIDTH="21" VPOS="281" HPOS="485"/>
                  <String HEIGHT="54" WIDTH="186" VPOS="281" HPOS="423" CONTENT="parti" STYLEREFS="FONT0"/>
                  <SP HEIGHT="54" WIDTH="21" VPOS="281" HPOS="609"/>
                  <String HEIGHT="54" WIDTH="186" VPOS="281" HPOS="547" CONTENT="formé" STYLEREFS="FONT0"/>
                  <SP HEIGHT="54" WIDTH="21" VPOS="281" HPOS="733"/>
                  <String HEIGHT="54" WIDTH="206" VPOS="281" HPOS="671" CONTENT="contre" STYLEREFS="FONT0"/>
                  <SP HEIGHT="54" WIDTH="21" VPOS="281" HPOS="877"/>
                  <String HEIGHT="54" WIDTH="165" VPOS="281" HPOS="816" CONTENT="lui," STYLEREFS="FONT0"/>
                  <SP HEIGHT="54" WIDTH="21" VPOS="281" HPOS="981"/>
                  <String HEIGHT="54" WIDTH="103" VPOS="281" HPOS="919" CONTENT="«" STYLEREFS="FONT0"/>
                  <SP HEIGHT="54" WIDTH="21" VPOS="281" HPOS="1022"/>
                  <String HEIGHT="54" WIDTH="124" VPOS="281" HPOS="960" CONTENT="et" STYLEREFS="FONT0"/>
                  <SP HEIGHT="54" WIDTH="21" VPOS="281" HPOS="1084"/>
                  <String HEIGHT="54" WIDTH="124" VPOS="281" HPOS="1022" CONTENT="si" STYLEREFS="FONT0"/>
                  <SP HEIGHT="54" WIDTH="21" VPOS="281" HPOS="1146"/>
                  <String HEIGHT="54" WIDTH="165" VPOS="281" HPOS="1084" CONTENT="l’on" STYLEREFS="FONT0"/>
                  <SP HEIGHT="54" WIDTH="21" VPOS="281" HPOS="1249"/>
                  <String HEIGHT="54" WIDTH="165" VPOS="281" HPOS="1187" CONTENT="sait" STYLEREFS="FONT0"/>
                  <SP HEIGHT="54" WIDTH="21" VPOS="281" HPOS="1352"/>
                  <String HEIGHT="54" WIDTH="144" VPOS="281" HPOS="1290" CONTENT="que" STYLEREFS="FONT0"/>
                  <SP HEIGHT="54" WIDTH="21" VPOS="281" HPOS="1435"/>
                  <String HEIGHT="54" WIDTH="124" VPOS="281" HPOS="1373" CONTENT="je" STYLEREFS="FONT0"/>
                  <SP HEIGHT="54" WIDTH="21" VPOS="281" HPOS="1497"/>
                  <String HEIGHT="54" WIDTH="124" VPOS="281" HPOS="1414" CONTENT="vais" STYLEREFS="FONT0"/>
               </TextLine>
               <TextLine ID="r1l4" BASELINE="385" HEIGHT="58" WIDTH="1390" VPOS="327" HPOS="156">
                  <String HEIGHT="58" WIDTH="199" VPOS="327" HPOS="134" CONTENT="«chés" STYLEREFS="FONT0"/>
                  <SP HEIGHT="58" WIDTH="22" VPOS="327" HPOS="333"/>
                  <String HEIGHT="58" WIDTH="199" VPOS="327" HPOS="266" CONTENT="vous," STYLEREFS="FONT0"/>
                  <SP HEIGHT="58" WIDTH="22" VPOS="327" HPOS="465"/>
                  <String HEIGHT="58" WIDTH="132" VPOS="327" HPOS="399" CONTENT="on" STYLEREFS="FONT0"/>
                  <SP HEIGHT="58" WIDTH="22" VPOS="327" HPOS="531"/>
                  <String HEIGHT="58" WIDTH="132" VPOS="327" HPOS="465" CONTENT="me" STYLEREFS="FONT0"/>
                  <SP HEIGHT="58" WIDTH="22" VPOS="327" HPOS="597"/>
                  <String HEIGHT="58" WIDTH="177" VPOS="327" HPOS="531" CONTENT="fera" STYLEREFS="FONT0"/>
                  <SP HEIGHT="58" WIDTH="22" VPOS="327" HPOS="708"/>
                  <String HEIGHT="58" WIDTH="154" VPOS="327" HPOS="641" CONTENT="une" STYLEREFS="FONT0"/>
                  <SP HEIGHT="58" WIDTH="22" VPOS="327" HPOS="796"/>
                  <String HEIGHT="58" WIDTH="331" VPOS="327" HPOS="730" CONTENT="tracasserie" STYLEREFS="FONT0"/>
                  <SP HEIGHT="58" WIDTH="22" VPOS="327" HPOS="1061"/>
                  <String HEIGHT="58" WIDTH="265" VPOS="327" HPOS="994" CONTENT="affreuse" STYLEREFS="FONT0"/>
                  <SP HEIGHT="58" WIDTH="22" VPOS="327" HPOS="1259"/>
                  <String HEIGHT="58" WIDTH="221" VPOS="327" HPOS="1193" CONTENT="auprès" STYLEREFS="FONT0"/>
                  <SP HEIGHT="58" WIDTH="22" VPOS="327" HPOS="1414"/>
                  <String HEIGHT="58" WIDTH="132" VPOS="327" HPOS="1347" CONTENT="de" STYLEREFS="FONT0"/>
                  <SP HEIGHT="58" WIDTH="22" VPOS="327" HPOS="1480"/>
                  <String HEIGHT="58" WIDTH="132" VPOS="327" HPOS="1414" CONTENT="M." STYLEREFS="FONT0"/>
                  <SP HEIGHT="58" WIDTH="22" VPOS="327" HPOS="1546"/>
                  <String HEIGHT="58" WIDTH="88" VPOS="327" HPOS="1458" CONTENT="le" STYLEREFS="FONT0"/>
               </TextLine>
               <TextLine ID="r1l5" BASELINE="430" HEIGHT="52" WIDTH="1381" VPOS="378" HPOS="154">
                  <String HEIGHT="52" WIDTH="297" VPOS="378" HPOS="133" CONTENT="«maréchal." STYLEREFS="FONT0"/>
                  <SP HEIGHT="52" WIDTH="21" VPOS="378" HPOS="430"/>
                  <String HEIGHT="52" WIDTH="127" VPOS="378" HPOS="366" CONTENT="Je" STYLEREFS="FONT0"/>
                  <SP HEIGHT="52" WIDTH="21" VPOS="378" HPOS="494"/>
                  <String HEIGHT="52" WIDTH="191" VPOS="378" HPOS="430" CONTENT="serai" STYLEREFS="FONT0"/>
                  <SP HEIGHT="52" WIDTH="21" VPOS="378" HPOS="621"/>
                  <String HEIGHT="52" WIDTH="212" VPOS="378" HPOS="558" CONTENT="accusé" STYLEREFS="FONT0"/>
                  <SP HEIGHT="52" WIDTH="21" VPOS="378" HPOS="770"/>
                  <String HEIGHT="52" WIDTH="212" VPOS="378" HPOS="706" CONTENT="auprès" STYLEREFS="FONT0"/>
                  <SP HEIGHT="52" WIDTH="21" VPOS="378" HPOS="919"/>
                  <String HEIGHT="52" WIDTH="127" VPOS="378" HPOS="855" CONTENT="de" STYLEREFS="FONT0"/>
                  <SP HEIGHT="52" WIDTH="21" VPOS="378" HPOS="983"/>
                  <String HEIGHT="52" WIDTH="149" VPOS="378" HPOS="919" CONTENT="lui" STYLEREFS="FONT0"/>
                  <SP HEIGHT="52" WIDTH="21" VPOS="378" HPOS="1068"/>
                  <String HEIGHT="52" WIDTH="127" VPOS="378" HPOS="1004" CONTENT="de" STYLEREFS="FONT0"/>
                  <SP HEIGHT="52" WIDTH="21" VPOS="378" HPOS="1131"/>
                  <String HEIGHT="52" WIDTH="297" VPOS="378" HPOS="1068" CONTENT="solliciter" STYLEREFS="FONT0"/>
                  <SP HEIGHT="52" WIDTH="21" VPOS="378" HPOS="1365"/>
                  <String HEIGHT="52" WIDTH="191" VPOS="378" HPOS="1301" CONTENT="votre" STYLEREFS="FONT0"/>
                  <SP HEIGHT="52" WIDTH="21" VPOS="378" HPOS="1493"/>
                  <String HEIGHT="52" WIDTH="127" VPOS="378" HPOS="1408" CONTENT="cré" SUBS_TYPE="HypPart1" SUBS_CONTENT="cré«dit" STYLEREFS="FONT0"/>
                  <HYP CONTENT="-"/>
               </TextLine>
               <TextLine ID="r1l6" BASELINE="485" HEIGHT="55" WIDTH="1381" VPOS="430" HPOS="154">
                  <String HEIGHT="55" WIDTH="173" VPOS="430" HPOS="132" CONTENT="«dit" SUBS_TYPE="HypPart2" SUBS_CONTENT="cré«dit" STYLEREFS="FONT0"/>
                  <SP HEIGHT="55" WIDTH="22" VPOS="430" HPOS="305"/>
                  <String HEIGHT="55" WIDTH="216" VPOS="430" HPOS="240" CONTENT="auprès" STYLEREFS="FONT0"/>
                  <SP HEIGHT="55" WIDTH="22" VPOS="430" HPOS="456"/>
                  <String HEIGHT="55" WIDTH="129" VPOS="430" HPOS="391" CONTENT="de" STYLEREFS="FONT0"/>
                  <SP HEIGHT="55" WIDTH="22" VPOS="430" HPOS="521"/>
                  <String HEIGHT="55" WIDTH="129" VPOS="430" HPOS="456" CONTENT="M." STYLEREFS="FONT0"/>
                  <SP HEIGHT="55" WIDTH="22" VPOS="430" HPOS="586"/>
                  <String HEIGHT="55" WIDTH="129" VPOS="430" HPOS="521" CONTENT="de" STYLEREFS="FONT0"/>
                  <SP HEIGHT="55" WIDTH="22" VPOS="430" HPOS="650"/>
                  <String HEIGHT="55" WIDTH="281" VPOS="430" HPOS="586" CONTENT="Voltaire," STYLEREFS="FONT0"/>
                  <SP HEIGHT="55" WIDTH="22" VPOS="430" HPOS="866"/>
                  <String HEIGHT="55" WIDTH="173" VPOS="430" HPOS="801" CONTENT="pour" STYLEREFS="FONT0"/>
                  <SP HEIGHT="55" WIDTH="22" VPOS="430" HPOS="974"/>
                  <String HEIGHT="55" WIDTH="194" VPOS="430" HPOS="909" CONTENT="avoir" STYLEREFS="FONT0"/>
                  <SP HEIGHT="55" WIDTH="22" VPOS="430" HPOS="1103"/>
                  <String HEIGHT="55" WIDTH="151" VPOS="430" HPOS="1039" CONTENT="ses" STYLEREFS="FONT0"/>
                  <SP HEIGHT="55" WIDTH="22" VPOS="430" HPOS="1190"/>
                  <String HEIGHT="55" WIDTH="216" VPOS="430" HPOS="1125" CONTENT="rôles," STYLEREFS="FONT0"/>
                  <SP HEIGHT="55" WIDTH="22" VPOS="430" HPOS="1341"/>
                  <String HEIGHT="55" WIDTH="129" VPOS="430" HPOS="1276" CONTENT="et" STYLEREFS="FONT0"/>
                  <SP HEIGHT="55" WIDTH="22" VPOS="430" HPOS="1406"/>
                  <String HEIGHT="55" WIDTH="129" VPOS="430" HPOS="1341" CONTENT="la" STYLEREFS="FONT0"/>
                  <SP HEIGHT="55" WIDTH="22" VPOS="430" HPOS="1470"/>
                  <String HEIGHT="55" WIDTH="151" VPOS="430" HPOS="1384" CONTENT="viva" SUBS_TYPE="HypPart1" SUBS_CONTENT="viva«cité" STYLEREFS="FONT0"/>
                  <HYP CONTENT="-"/>
               </TextLine>
               <TextLine ID="r1l7" BASELINE="538" HEIGHT="62" WIDTH="1382" VPOS="476" HPOS="162">
                  <String HEIGHT="62" WIDTH="204" VPOS="476" HPOS="139" CONTENT="«cité" SUBS_TYPE="HypPart2" SUBS_CONTENT="viva«cité" STYLEREFS="FONT0"/>
                  <SP HEIGHT="62" WIDTH="23" VPOS="476" HPOS="343"/>
                  <String HEIGHT="62" WIDTH="181" VPOS="476" HPOS="275" CONTENT="dont" STYLEREFS="FONT0"/>
                  <SP HEIGHT="62" WIDTH="23" VPOS="476" HPOS="457"/>
                  <String HEIGHT="62" WIDTH="136" VPOS="476" HPOS="389" CONTENT="ce" STYLEREFS="FONT0"/>
                  <SP HEIGHT="62" WIDTH="23" VPOS="476" HPOS="524"/>
                  <String HEIGHT="62" WIDTH="272" VPOS="476" HPOS="457" CONTENT="seigneur" STYLEREFS="FONT0"/>
                  <SP HEIGHT="62" WIDTH="23" VPOS="476" HPOS="728"/>
                  <String HEIGHT="62" WIDTH="159" VPOS="476" HPOS="660" CONTENT="est" STYLEREFS="FONT0"/>
                  <SP HEIGHT="62" WIDTH="23" VPOS="476" HPOS="819"/>
                  <String HEIGHT="62" WIDTH="181" VPOS="476" HPOS="751" CONTENT="doüé" STYLEREFS="FONT0"/>
                  <SP HEIGHT="62" WIDTH="23" VPOS="476" HPOS="932"/>
                  <String HEIGHT="62" WIDTH="181" VPOS="476" HPOS="864" CONTENT="fera" STYLEREFS="FONT0"/>
                  <SP HEIGHT="62" WIDTH="23" VPOS="476" HPOS="1046"/>
                  <String HEIGHT="62" WIDTH="272" VPOS="476" HPOS="978" CONTENT="retomber" STYLEREFS="FONT0"/>
                  <SP HEIGHT="62" WIDTH="23" VPOS="476" HPOS="1249"/>
                  <String HEIGHT="62" WIDTH="159" VPOS="476" HPOS="1182" CONTENT="sur" STYLEREFS="FONT0"/>
                  <SP HEIGHT="62" WIDTH="23" VPOS="476" HPOS="1340"/>
                  <String HEIGHT="62" WIDTH="159" VPOS="476" HPOS="1272" CONTENT="moi" STYLEREFS="FONT0"/>
                  <SP HEIGHT="62" WIDTH="23" VPOS="476" HPOS="1431"/>
                  <String HEIGHT="62" WIDTH="181" VPOS="476" HPOS="1363" CONTENT="tout" STYLEREFS="FONT0"/>
                  <SP HEIGHT="62" WIDTH="23" VPOS="476" HPOS="1544"/>
                  <String HEIGHT="62" WIDTH="91" VPOS="476" HPOS="1453" CONTENT="le" STYLEREFS="FONT0"/>
               </TextLine>
               <TextLine ID="r1l8" BASELINE="576" HEIGHT="63" WIDTH="1248" VPOS="513" HPOS="155">
                  <String HEIGHT="63" WIDTH="363" VPOS="513" HPOS="132" CONTENT="«désagrément" STYLEREFS="FONT0"/>
                  <SP HEIGHT="63" WIDTH="23" VPOS="513" HPOS="495"/>
                  <String HEIGHT="63" WIDTH="136" VPOS="513" HPOS="427" CONTENT="de" STYLEREFS="FONT0"/>
                  <SP HEIGHT="63" WIDTH="23" VPOS="513" HPOS="563"/>
                  <String HEIGHT="63" WIDTH="318" VPOS="513" HPOS="495" CONTENT="l’avanture" STYLEREFS="FONT0"/>
                  <SP HEIGHT="63" WIDTH="23" VPOS="513" HPOS="813"/>
                  <String HEIGHT="63" WIDTH="136" VPOS="513" HPOS="745" CONTENT="en" STYLEREFS="FONT0"/>
                  <SP HEIGHT="63" WIDTH="23" VPOS="513" HPOS="881"/>
                  <String HEIGHT="63" WIDTH="136" VPOS="513" HPOS="813" CONTENT="me" STYLEREFS="FONT0"/>
                  <SP HEIGHT="63" WIDTH="23" VPOS="513" HPOS="949"/>
                  <String HEIGHT="63" WIDTH="227" VPOS="513" HPOS="881" CONTENT="taxant" STYLEREFS="FONT0"/>
                  <SP HEIGHT="63" WIDTH="23" VPOS="513" HPOS="1108"/>
                  <String HEIGHT="63" WIDTH="136" VPOS="513" HPOS="1040" CONTENT="de" STYLEREFS="FONT0"/>
                  <SP HEIGHT="63" WIDTH="23" VPOS="513" HPOS="1176"/>
                  <String HEIGHT="63" WIDTH="318" VPOS="513" HPOS="1108" CONTENT="cabaler..." STYLEREFS="FONT0"/>
                  <SP HEIGHT="63" WIDTH="23" VPOS="513" HPOS="1426"/>
                  <String HEIGHT="63" WIDTH="68" VPOS="513" HPOS="1335" CONTENT="»" STYLEREFS="FONT0"/>
               </TextLine>
               <TextLine ID="r1l9" BASELINE="616" HEIGHT="53" WIDTH="1436" VPOS="563" HPOS="105">
                  <String HEIGHT="53" WIDTH="212" VPOS="563" HPOS="81" CONTENT="5466." STYLEREFS="FONT0"/>
                  <SP HEIGHT="53" WIDTH="24" VPOS="563" HPOS="293"/>
                  <String HEIGHT="53" WIDTH="306" VPOS="563" HPOS="223" CONTENT="Grimod" STYLEREFS="FONT0"/>
                  <SP HEIGHT="53" WIDTH="24" VPOS="563" HPOS="529"/>
                  <String HEIGHT="53" WIDTH="141" VPOS="563" HPOS="458" CONTENT="de" STYLEREFS="FONT0"/>
                  <SP HEIGHT="53" WIDTH="24" VPOS="563" HPOS="599"/>
                  <String HEIGHT="53" WIDTH="141" VPOS="563" HPOS="529" CONTENT="la" STYLEREFS="FONT0"/>
                  <SP HEIGHT="53" WIDTH="24" VPOS="563" HPOS="670"/>
                  <String HEIGHT="53" WIDTH="400" VPOS="563" HPOS="599" CONTENT="Reynière," STYLEREFS="FONT0"/>
                  <SP HEIGHT="53" WIDTH="24" VPOS="563" HPOS="1000"/>
                  <String HEIGHT="53" WIDTH="235" VPOS="563" HPOS="929" CONTENT="fameux" STYLEREFS="FONT0"/>
                  <SP HEIGHT="53" WIDTH="24" VPOS="563" HPOS="1164"/>
                  <String HEIGHT="53" WIDTH="353" VPOS="563" HPOS="1094" CONTENT="gastronome," STYLEREFS="FONT0"/>
                  <SP HEIGHT="53" WIDTH="24" VPOS="563" HPOS="1447"/>
                  <String HEIGHT="53" WIDTH="188" VPOS="563" HPOS="1353" CONTENT="auteur" STYLEREFS="FONT0"/>
               </TextLine>
               <TextLine ID="r1l10" BASELINE="669" HEIGHT="56" WIDTH="1377" VPOS="613" HPOS="162">
                  <String HEIGHT="56" WIDTH="120" VPOS="613" HPOS="142" CONTENT="de" STYLEREFS="FONT0"/>
                  <SP HEIGHT="56" WIDTH="20" VPOS="613" HPOS="262"/>
                  <String HEIGHT="56" WIDTH="339" VPOS="613" HPOS="202" CONTENT="l'Almanach" STYLEREFS="FONT0"/>
                  <SP HEIGHT="56" WIDTH="20" VPOS="613" HPOS="541"/>
                  <String HEIGHT="56" WIDTH="140" VPOS="613" HPOS="481" CONTENT="des" STYLEREFS="FONT0"/>
                  <SP HEIGHT="56" WIDTH="20" VPOS="613" HPOS="621"/>
                  <String HEIGHT="56" WIDTH="359" VPOS="613" HPOS="561" CONTENT="Gourmands," STYLEREFS="FONT0"/>
                  <SP HEIGHT="56" WIDTH="20" VPOS="613" HPOS="920"/>
                  <String HEIGHT="56" WIDTH="160" VPOS="613" HPOS="860" CONTENT="etc." STYLEREFS="FONT0"/>
                  <SP HEIGHT="56" WIDTH="20" VPOS="613" HPOS="1020"/>
                  <String HEIGHT="56" WIDTH="120" VPOS="613" HPOS="960" CONTENT="L." STYLEREFS="FONT0"/>
                  <SP HEIGHT="56" WIDTH="20" VPOS="613" HPOS="1080"/>
                  <String HEIGHT="56" WIDTH="160" VPOS="613" HPOS="1020" CONTENT="aut." STYLEREFS="FONT0"/>
                  <SP HEIGHT="56" WIDTH="20" VPOS="613" HPOS="1180"/>
                  <String HEIGHT="56" WIDTH="180" VPOS="613" HPOS="1120" CONTENT="sig.," STYLEREFS="FONT0"/>
                  <SP HEIGHT="56" WIDTH="20" VPOS="613" HPOS="1300"/>
                  <String HEIGHT="56" WIDTH="100" VPOS="613" HPOS="1240" CONTENT="à" STYLEREFS="FONT0"/>
                  <SP HEIGHT="56" WIDTH="20" VPOS="613" HPOS="1339"/>
                  <String HEIGHT="56" WIDTH="120" VPOS="613" HPOS="1280" CONTENT="M." STYLEREFS="FONT0"/>
                  <SP HEIGHT="56" WIDTH="20" VPOS="613" HPOS="1399"/>
                  <String HEIGHT="56" WIDTH="220" VPOS="613" HPOS="1319" CONTENT="Marguère." STYLEREFS="FONT0"/>
               </TextLine>
               <TextLine ID="r1l11" BASELINE="712" HEIGHT="60" WIDTH="1374" VPOS="652" HPOS="164">
                  <String HEIGHT="60" WIDTH="292" VPOS="652" HPOS="135" CONTENT="Paris," STYLEREFS="FONT0"/>
                  <SP HEIGHT="60" WIDTH="29" VPOS="652" HPOS="427"/>
                  <String HEIGHT="60" WIDTH="146" VPOS="652" HPOS="339" CONTENT="8" STYLEREFS="FONT0"/>
                  <SP HEIGHT="60" WIDTH="29" VPOS="652" HPOS="486"/>
                  <String HEIGHT="60" WIDTH="322" VPOS="652" HPOS="398" CONTENT="juillet" STYLEREFS="FONT0"/>
                  <SP HEIGHT="60" WIDTH="29" VPOS="652" HPOS="719"/>
                  <String HEIGHT="60" WIDTH="263" VPOS="652" HPOS="632" CONTENT="1784." STYLEREFS="FONT0"/>
                  <SP HEIGHT="60" WIDTH="29" VPOS="652" HPOS="895"/>
                  <String HEIGHT="60" WIDTH="146" VPOS="652" HPOS="807" CONTENT="1" STYLEREFS="FONT0"/>
                  <SP HEIGHT="60" WIDTH="29" VPOS="652" HPOS="953"/>
                  <String HEIGHT="60" WIDTH="175" VPOS="652" HPOS="866" CONTENT="p." STYLEREFS="FONT0"/>
                  <SP HEIGHT="60" WIDTH="29" VPOS="652" HPOS="1041"/>
                  <String HEIGHT="60" WIDTH="263" VPOS="652" HPOS="953" CONTENT="in-4." STYLEREFS="FONT0"/>
                  <SP HEIGHT="60" WIDTH="29" VPOS="652" HPOS="1216"/>
                  <String HEIGHT="60" WIDTH="380" VPOS="652" HPOS="1129" CONTENT="Curieuse." STYLEREFS="FONT0"/>
                  <SP HEIGHT="60" WIDTH="29" VPOS="652" HPOS="1509"/>
                  <String HEIGHT="60" WIDTH="146" VPOS="652" HPOS="1421" CONTENT="3" STYLEREFS="FONT0"/>
                  <SP HEIGHT="60" WIDTH="29" VPOS="652" HPOS="1567"/>
                  <String HEIGHT="60" WIDTH="88" VPOS="652" HPOS="1450" CONTENT="»" STYLEREFS="FONT0"/>
               </TextLine>
               <TextLine ID="r1l13" BASELINE="767" HEIGHT="59" WIDTH="1433" VPOS="708" HPOS="111">
                  <String HEIGHT="59" WIDTH="187" VPOS="708" HPOS="90" CONTENT="5467." STYLEREFS="FONT0"/>
                  <SP HEIGHT="59" WIDTH="21" VPOS="708" HPOS="277"/>
                  <String HEIGHT="59" WIDTH="415" VPOS="708" HPOS="215" CONTENT="Grouvelle" STYLEREFS="FONT0"/>
                  <SP HEIGHT="59" WIDTH="21" VPOS="708" HPOS="630"/>
                  <String HEIGHT="59" WIDTH="478" VPOS="708" HPOS="568" CONTENT="(Philippe-Antoine)," STYLEREFS="FONT0"/>
                  <SP HEIGHT="59" WIDTH="21" VPOS="708" HPOS="1046"/>
                  <String HEIGHT="59" WIDTH="332" VPOS="708" HPOS="983" CONTENT="littérateur," STYLEREFS="FONT0"/>
                  <SP HEIGHT="59" WIDTH="21" VPOS="708" HPOS="1316"/>
                  <String HEIGHT="59" WIDTH="291" VPOS="708" HPOS="1253" CONTENT="secrétaire" STYLEREFS="FONT0"/>
                  <SP HEIGHT="59" WIDTH="21" VPOS="708" HPOS="1544"/>
                  <String HEIGHT="59" WIDTH="83" VPOS="708" HPOS="1461" CONTENT="du" STYLEREFS="FONT0"/>
               </TextLine>
               <TextLine ID="r1l14" BASELINE="820" HEIGHT="69" WIDTH="1370" VPOS="751" HPOS="166">
                  <String HEIGHT="69" WIDTH="239" VPOS="751" HPOS="144" CONTENT="Conseil" STYLEREFS="FONT0"/>
                  <SP HEIGHT="69" WIDTH="22" VPOS="751" HPOS="383"/>
                  <String HEIGHT="69" WIDTH="283" VPOS="751" HPOS="318" CONTENT="exécutif." STYLEREFS="FONT0"/>
                  <SP HEIGHT="69" WIDTH="22" VPOS="751" HPOS="601"/>
                  <String HEIGHT="69" WIDTH="130" VPOS="751" HPOS="536" CONTENT="L." STYLEREFS="FONT0"/>
                  <SP HEIGHT="69" WIDTH="22" VPOS="751" HPOS="666"/>
                  <String HEIGHT="69" WIDTH="174" VPOS="751" HPOS="601" CONTENT="aut." STYLEREFS="FONT0"/>
                  <SP HEIGHT="69" WIDTH="22" VPOS="751" HPOS="775"/>
                  <String HEIGHT="69" WIDTH="196" VPOS="751" HPOS="710" CONTENT="sig.," STYLEREFS="FONT0"/>
                  <SP HEIGHT="69" WIDTH="22" VPOS="751" HPOS="905"/>
                  <String HEIGHT="69" WIDTH="130" VPOS="751" HPOS="840" CONTENT="au" STYLEREFS="FONT0"/>
                  <SP HEIGHT="69" WIDTH="22" VPOS="751" HPOS="971"/>
                  <String HEIGHT="69" WIDTH="283" VPOS="751" HPOS="905" CONTENT="procureur" STYLEREFS="FONT0"/>
                  <SP HEIGHT="69" WIDTH="22" VPOS="751" HPOS="1188"/>
                  <String HEIGHT="69" WIDTH="217" VPOS="751" HPOS="1123" CONTENT="syndic" STYLEREFS="FONT0"/>
                  <SP HEIGHT="69" WIDTH="22" VPOS="751" HPOS="1340"/>
                  <String HEIGHT="69" WIDTH="130" VPOS="751" HPOS="1275" CONTENT="du" STYLEREFS="FONT0"/>
                  <SP HEIGHT="69" WIDTH="22" VPOS="751" HPOS="1406"/>
                  <String HEIGHT="69" WIDTH="217" VPOS="751" HPOS="1319" CONTENT="départe" SUBS_TYPE="HypPart1" SUBS_CONTENT="département" STYLEREFS="FONT0"/>
                  <HYP CONTENT="-"/>
               </TextLine>
               <TextLine ID="r1l15" BASELINE="857" HEIGHT="58" WIDTH="1394" VPOS="799" HPOS="152">
                  <String HEIGHT="58" WIDTH="242" VPOS="799" HPOS="122" CONTENT="ment" SUBS_TYPE="HypPart2" SUBS_CONTENT="département" STYLEREFS="FONT0"/>
                  <SP HEIGHT="58" WIDTH="30" VPOS="799" HPOS="364"/>
                  <String HEIGHT="58" WIDTH="182" VPOS="799" HPOS="273" CONTENT="de" STYLEREFS="FONT0"/>
                  <SP HEIGHT="58" WIDTH="30" VPOS="799" HPOS="455"/>
                  <String HEIGHT="58" WIDTH="303" VPOS="799" HPOS="364" CONTENT="Paris." STYLEREFS="FONT0"/>
                  <SP HEIGHT="58" WIDTH="30" VPOS="799" HPOS="667"/>
                  <String HEIGHT="58" WIDTH="182" VPOS="799" HPOS="576" CONTENT="17" STYLEREFS="FONT0"/>
                  <SP HEIGHT="58" WIDTH="30" VPOS="799" HPOS="758"/>
                  <String HEIGHT="58" WIDTH="333" VPOS="799" HPOS="667" CONTENT="janvier" STYLEREFS="FONT0"/>
                  <SP HEIGHT="58" WIDTH="30" VPOS="799" HPOS="1001"/>
                  <String HEIGHT="58" WIDTH="273" VPOS="799" HPOS="910" CONTENT="1793." STYLEREFS="FONT0"/>
                  <SP HEIGHT="58" WIDTH="30" VPOS="799" HPOS="1182"/>
                  <String HEIGHT="58" WIDTH="152" VPOS="799" HPOS="1091" CONTENT="1" STYLEREFS="FONT0"/>
                  <SP HEIGHT="58" WIDTH="30" VPOS="799" HPOS="1243"/>
                  <String HEIGHT="58" WIDTH="182" VPOS="799" HPOS="1152" CONTENT="p." STYLEREFS="FONT0"/>
                  <SP HEIGHT="58" WIDTH="30" VPOS="799" HPOS="1334"/>
                  <String HEIGHT="58" WIDTH="273" VPOS="799" HPOS="1243" CONTENT="in-4." STYLEREFS="FONT0"/>
                  <SP HEIGHT="58" WIDTH="30" VPOS="799" HPOS="1516"/>
                  <String HEIGHT="58" WIDTH="152" VPOS="799" HPOS="1425" CONTENT="9" STYLEREFS="FONT0"/>
                  <SP HEIGHT="58" WIDTH="30" VPOS="799" HPOS="1576"/>
                  <String HEIGHT="58" WIDTH="91" VPOS="799" HPOS="1455" CONTENT="»" STYLEREFS="FONT0"/>
               </TextLine>
               <TextLine ID="r1l18" BASELINE="904" HEIGHT="59" WIDTH="1344" VPOS="845" HPOS="201">
                  <String HEIGHT="59" WIDTH="130" VPOS="845" HPOS="179" CONTENT="Il" STYLEREFS="FONT0"/>
                  <SP HEIGHT="59" WIDTH="22" VPOS="845" HPOS="309"/>
                  <String HEIGHT="59" WIDTH="260" VPOS="845" HPOS="244" CONTENT="transmet" STYLEREFS="FONT0"/>
                  <SP HEIGHT="59" WIDTH="22" VPOS="845" HPOS="504"/>
                  <String HEIGHT="59" WIDTH="130" VPOS="845" HPOS="439" CONTENT="la" STYLEREFS="FONT0"/>
                  <SP HEIGHT="59" WIDTH="22" VPOS="845" HPOS="570"/>
                  <String HEIGHT="59" WIDTH="347" VPOS="845" HPOS="504" CONTENT="délibération" STYLEREFS="FONT0"/>
                  <SP HEIGHT="59" WIDTH="22" VPOS="845" HPOS="851"/>
                  <String HEIGHT="59" WIDTH="152" VPOS="845" HPOS="786" CONTENT="que" STYLEREFS="FONT0"/>
                  <SP HEIGHT="59" WIDTH="22" VPOS="845" HPOS="938"/>
                  <String HEIGHT="59" WIDTH="130" VPOS="845" HPOS="873" CONTENT="le" STYLEREFS="FONT0"/>
                  <SP HEIGHT="59" WIDTH="22" VPOS="845" HPOS="1003"/>
                  <String HEIGHT="59" WIDTH="238" VPOS="845" HPOS="938" CONTENT="Conseil" STYLEREFS="FONT0"/>
                  <SP HEIGHT="59" WIDTH="22" VPOS="845" HPOS="1176"/>
                  <String HEIGHT="59" WIDTH="260" VPOS="845" HPOS="1111" CONTENT="exécutif" STYLEREFS="FONT0"/>
                  <SP HEIGHT="59" WIDTH="22" VPOS="845" HPOS="1372"/>
                  <String HEIGHT="59" WIDTH="260" VPOS="845" HPOS="1285" CONTENT="provisoire" STYLEREFS="FONT0"/>
               </TextLine>
               <TextLine ID="r1l19" BASELINE="963" HEIGHT="65" WIDTH="1390" VPOS="898" HPOS="157">
                  <String HEIGHT="65" WIDTH="184" VPOS="898" HPOS="137" CONTENT="vient" STYLEREFS="FONT0"/>
                  <SP HEIGHT="65" WIDTH="20" VPOS="898" HPOS="321"/>
                  <String HEIGHT="65" WIDTH="123" VPOS="898" HPOS="259" CONTENT="de" STYLEREFS="FONT0"/>
                  <SP HEIGHT="65" WIDTH="20" VPOS="898" HPOS="382"/>
                  <String HEIGHT="65" WIDTH="245" VPOS="898" HPOS="321" CONTENT="prendre." STYLEREFS="FONT0"/>
                  <SP HEIGHT="65" WIDTH="20" VPOS="898" HPOS="566"/>
                  <String HEIGHT="65" WIDTH="123" VPOS="898" HPOS="505" CONTENT="La" STYLEREFS="FONT0"/>
                  <SP HEIGHT="65" WIDTH="20" VPOS="898" HPOS="627"/>
                  <String HEIGHT="65" WIDTH="164" VPOS="898" HPOS="566" CONTENT="date" STYLEREFS="FONT0"/>
                  <SP HEIGHT="65" WIDTH="20" VPOS="898" HPOS="729"/>
                  <String HEIGHT="65" WIDTH="164" VPOS="898" HPOS="668" CONTENT="fait" STYLEREFS="FONT0"/>
                  <SP HEIGHT="65" WIDTH="20" VPOS="898" HPOS="832"/>
                  <String HEIGHT="65" WIDTH="245" VPOS="898" HPOS="770" CONTENT="supposer" STYLEREFS="FONT0"/>
                  <SP HEIGHT="65" WIDTH="20" VPOS="898" HPOS="1016"/>
                  <String HEIGHT="65" WIDTH="184" VPOS="898" HPOS="954" CONTENT="qu’il" STYLEREFS="FONT0"/>
                  <SP HEIGHT="65" WIDTH="20" VPOS="898" HPOS="1138"/>
                  <String HEIGHT="65" WIDTH="286" VPOS="898" HPOS="1077" CONTENT="s’agissait" STYLEREFS="FONT0"/>
                  <SP HEIGHT="65" WIDTH="20" VPOS="898" HPOS="1363"/>
                  <String HEIGHT="65" WIDTH="123" VPOS="898" HPOS="1302" CONTENT="de" STYLEREFS="FONT0"/>
                  <SP HEIGHT="65" WIDTH="20" VPOS="898" HPOS="1424"/>
                  <String HEIGHT="65" WIDTH="204" VPOS="898" HPOS="1343" CONTENT="l’arrêté" STYLEREFS="FONT0"/>
               </TextLine>
               <TextLine ID="r1l20" BASELINE="1002" HEIGHT="56" WIDTH="1386" VPOS="946" HPOS="159">
                  <String HEIGHT="56" WIDTH="152" VPOS="946" HPOS="137" CONTENT="par" STYLEREFS="FONT0"/>
                  <SP HEIGHT="56" WIDTH="22" VPOS="946" HPOS="289"/>
                  <String HEIGHT="56" WIDTH="217" VPOS="946" HPOS="224" CONTENT="lequel" STYLEREFS="FONT0"/>
                  <SP HEIGHT="56" WIDTH="22" VPOS="946" HPOS="441"/>
                  <String HEIGHT="56" WIDTH="130" VPOS="946" HPOS="376" CONTENT="il" STYLEREFS="FONT0"/>
                  <SP HEIGHT="56" WIDTH="22" VPOS="946" HPOS="506"/>
                  <String HEIGHT="56" WIDTH="152" VPOS="946" HPOS="441" CONTENT="lui" STYLEREFS="FONT0"/>
                  <SP HEIGHT="56" WIDTH="22" VPOS="946" HPOS="592"/>
                  <String HEIGHT="56" WIDTH="195" VPOS="946" HPOS="527" CONTENT="était" STYLEREFS="FONT0"/>
                  <SP HEIGHT="56" WIDTH="22" VPOS="946" HPOS="722"/>
                  <String HEIGHT="56" WIDTH="238" VPOS="946" HPOS="657" CONTENT="enjoint" STYLEREFS="FONT0"/>
                  <SP HEIGHT="56" WIDTH="22" VPOS="946" HPOS="895"/>
                  <String HEIGHT="56" WIDTH="130" VPOS="946" HPOS="830" CONTENT="de" STYLEREFS="FONT0"/>
                  <SP HEIGHT="56" WIDTH="22" VPOS="946" HPOS="960"/>
                  <String HEIGHT="56" WIDTH="173" VPOS="946" HPOS="895" CONTENT="lire" STYLEREFS="FONT0"/>
                  <SP HEIGHT="56" WIDTH="22" VPOS="946" HPOS="1069"/>
                  <String HEIGHT="56" WIDTH="108" VPOS="946" HPOS="1004" CONTENT="à" STYLEREFS="FONT0"/>
                  <SP HEIGHT="56" WIDTH="22" VPOS="946" HPOS="1112"/>
                  <String HEIGHT="56" WIDTH="195" VPOS="946" HPOS="1047" CONTENT="Louis" STYLEREFS="FONT0"/>
                  <SP HEIGHT="56" WIDTH="22" VPOS="946" HPOS="1242"/>
                  <String HEIGHT="56" WIDTH="152" VPOS="946" HPOS="1177" CONTENT="XVI" STYLEREFS="FONT0"/>
                  <SP HEIGHT="56" WIDTH="22" VPOS="946" HPOS="1328"/>
                  <String HEIGHT="56" WIDTH="152" VPOS="946" HPOS="1263" CONTENT="son" STYLEREFS="FONT0"/>
                  <SP HEIGHT="56" WIDTH="22" VPOS="946" HPOS="1415"/>
                  <String HEIGHT="56" WIDTH="195" VPOS="946" HPOS="1350" CONTENT="arrêt" STYLEREFS="FONT0"/>
                  <SP HEIGHT="56" WIDTH="22" VPOS="946" HPOS="1545"/>
                  <String HEIGHT="56" WIDTH="87" VPOS="946" HPOS="1458" CONTENT="de" STYLEREFS="FONT0"/>
               </TextLine>
               <TextLine ID="r1l21" BASELINE="1044" HEIGHT="50" WIDTH="125" VPOS="994" HPOS="157">
                  <String HEIGHT="50" WIDTH="175" VPOS="994" HPOS="107" CONTENT="mort." STYLEREFS="FONT0"/>
               </TextLine>
               <TextLine ID="r1l22" BASELINE="1099" HEIGHT="69" WIDTH="1431" VPOS="1030" HPOS="110">
                  <String HEIGHT="69" WIDTH="195" VPOS="1030" HPOS="88" CONTENT="5468." STYLEREFS="FONT0"/>
                  <SP HEIGHT="69" WIDTH="22" VPOS="1030" HPOS="283"/>
                  <String HEIGHT="69" WIDTH="412" VPOS="1030" HPOS="218" CONTENT="Guillon," STYLEREFS="FONT0"/>
                  <SP HEIGHT="69" WIDTH="22" VPOS="1030" HPOS="630"/>
                  <String HEIGHT="69" WIDTH="217" VPOS="1030" HPOS="565" CONTENT="éveque" STYLEREFS="FONT0"/>
                  <SP HEIGHT="69" WIDTH="22" VPOS="1030" HPOS="782"/>
                  <String HEIGHT="69" WIDTH="130" VPOS="1030" HPOS="717" CONTENT="de" STYLEREFS="FONT0"/>
                  <SP HEIGHT="69" WIDTH="22" VPOS="1030" HPOS="847"/>
                  <String HEIGHT="69" WIDTH="217" VPOS="1030" HPOS="782" CONTENT="Maroc," STYLEREFS="FONT0"/>
                  <SP HEIGHT="69" WIDTH="22" VPOS="1030" HPOS="999"/>
                  <String HEIGHT="69" WIDTH="260" VPOS="1030" HPOS="934" CONTENT="aumônier" STYLEREFS="FONT0"/>
                  <SP HEIGHT="69" WIDTH="22" VPOS="1030" HPOS="1194"/>
                  <String HEIGHT="69" WIDTH="130" VPOS="1030" HPOS="1129" CONTENT="de" STYLEREFS="FONT0"/>
                  <SP HEIGHT="69" WIDTH="22" VPOS="1030" HPOS="1259"/>
                  <String HEIGHT="69" WIDTH="130" VPOS="1030" HPOS="1194" CONTENT="la" STYLEREFS="FONT0"/>
                  <SP HEIGHT="69" WIDTH="22" VPOS="1030" HPOS="1324"/>
                  <String HEIGHT="69" WIDTH="195" VPOS="1030" HPOS="1259" CONTENT="reine" STYLEREFS="FONT0"/>
                  <SP HEIGHT="69" WIDTH="22" VPOS="1030" HPOS="1454"/>
                  <String HEIGHT="69" WIDTH="173" VPOS="1030" HPOS="1368" CONTENT="Marie" SUBS_TYPE="HypPart1" SUBS_CONTENT="MarieAmélie." STYLEREFS="FONT0"/>
                  <HYP CONTENT="-"/>
               </TextLine>
               <TextLine ID="r1l23" BASELINE="1149" HEIGHT="61" WIDTH="1383" VPOS="1088" HPOS="153">
                  <String HEIGHT="61" WIDTH="241" VPOS="1088" HPOS="131" CONTENT="Amélie." SUBS_TYPE="HypPart2" SUBS_CONTENT="MarieAmélie." STYLEREFS="FONT0"/>
                  <SP HEIGHT="61" WIDTH="22" VPOS="1088" HPOS="373"/>
                  <String HEIGHT="61" WIDTH="132" VPOS="1088" HPOS="307" CONTENT="L." STYLEREFS="FONT0"/>
                  <SP HEIGHT="61" WIDTH="22" VPOS="1088" HPOS="438"/>
                  <String HEIGHT="61" WIDTH="176" VPOS="1088" HPOS="373" CONTENT="aut." STYLEREFS="FONT0"/>
                  <SP HEIGHT="61" WIDTH="22" VPOS="1088" HPOS="548"/>
                  <String HEIGHT="61" WIDTH="198" VPOS="1088" HPOS="482" CONTENT="sig.," STYLEREFS="FONT0"/>
                  <SP HEIGHT="61" WIDTH="22" VPOS="1088" HPOS="680"/>
                  <String HEIGHT="61" WIDTH="132" VPOS="1088" HPOS="614" CONTENT="au" STYLEREFS="FONT0"/>
                  <SP HEIGHT="61" WIDTH="22" VPOS="1088" HPOS="746"/>
                  <String HEIGHT="61" WIDTH="329" VPOS="1088" HPOS="680" CONTENT="sénateur..." STYLEREFS="FONT0"/>
                  <SP HEIGHT="61" WIDTH="22" VPOS="1088" HPOS="1009"/>
                  <String HEIGHT="61" WIDTH="220" VPOS="1088" HPOS="943" CONTENT="Paris," STYLEREFS="FONT0"/>
                  <SP HEIGHT="61" WIDTH="22" VPOS="1088" HPOS="1163"/>
                  <String HEIGHT="61" WIDTH="132" VPOS="1088" HPOS="1097" CONTENT="14" STYLEREFS="FONT0"/>
                  <SP HEIGHT="61" WIDTH="22" VPOS="1088" HPOS="1229"/>
                  <String HEIGHT="61" WIDTH="263" VPOS="1088" HPOS="1163" CONTENT="germinal" STYLEREFS="FONT0"/>
                  <SP HEIGHT="61" WIDTH="22" VPOS="1088" HPOS="1426"/>
                  <String HEIGHT="61" WIDTH="132" VPOS="1088" HPOS="1360" CONTENT="an" STYLEREFS="FONT0"/>
                  <SP HEIGHT="61" WIDTH="22" VPOS="1088" HPOS="1492"/>
                  <String HEIGHT="61" WIDTH="132" VPOS="1088" HPOS="1404" CONTENT="XII." STYLEREFS="FONT0"/>
               </TextLine>
               <TextLine ID="r1l24" BASELINE="1195" HEIGHT="61" WIDTH="1374" VPOS="1134" HPOS="161">
                  <String HEIGHT="61" WIDTH="491" VPOS="1134" HPOS="63" CONTENT="1" STYLEREFS="FONT0"/>
                  <SP HEIGHT="61" WIDTH="98" VPOS="1134" HPOS="554"/>
                  <String HEIGHT="61" WIDTH="589" VPOS="1134" HPOS="259" CONTENT="p." STYLEREFS="FONT0"/>
                  <SP HEIGHT="61" WIDTH="98" VPOS="1134" HPOS="848"/>
                  <String HEIGHT="61" WIDTH="883" VPOS="1134" HPOS="554" CONTENT="in-4." STYLEREFS="FONT0"/>
                  <SP HEIGHT="61" WIDTH="98" VPOS="1134" HPOS="1437"/>
                  <String HEIGHT="61" WIDTH="491" VPOS="1134" HPOS="1142" CONTENT="5" STYLEREFS="FONT0"/>
                  <SP HEIGHT="61" WIDTH="98" VPOS="1134" HPOS="1633"/>
                  <String HEIGHT="61" WIDTH="294" VPOS="1134" HPOS="1241" CONTENT="»" STYLEREFS="FONT0"/>
               </TextLine>
               <TextLine ID="r1l26" BASELINE="1237" HEIGHT="85" WIDTH="1344" VPOS="1152" HPOS="204">
                  <String HEIGHT="85" WIDTH="260" VPOS="1152" HPOS="182" CONTENT="Curieuse" STYLEREFS="FONT0"/>
                  <SP HEIGHT="85" WIDTH="22" VPOS="1152" HPOS="442"/>
                  <String HEIGHT="85" WIDTH="130" VPOS="1152" HPOS="377" CONTENT="et" STYLEREFS="FONT0"/>
                  <SP HEIGHT="85" WIDTH="22" VPOS="1152" HPOS="507"/>
                  <String HEIGHT="85" WIDTH="325" VPOS="1152" HPOS="442" CONTENT="spirituelle" STYLEREFS="FONT0"/>
                  <SP HEIGHT="85" WIDTH="22" VPOS="1152" HPOS="768"/>
                  <String HEIGHT="85" WIDTH="238" VPOS="1152" HPOS="703" CONTENT="lettre," STYLEREFS="FONT0"/>
                  <SP HEIGHT="85" WIDTH="22" VPOS="1152" HPOS="941"/>
                  <String HEIGHT="85" WIDTH="173" VPOS="1152" HPOS="876" CONTENT="pour" STYLEREFS="FONT0"/>
                  <SP HEIGHT="85" WIDTH="22" VPOS="1152" HPOS="1049"/>
                  <String HEIGHT="85" WIDTH="238" VPOS="1152" HPOS="984" CONTENT="obtenir" STYLEREFS="FONT0"/>
                  <SP HEIGHT="85" WIDTH="22" VPOS="1152" HPOS="1223"/>
                  <String HEIGHT="85" WIDTH="130" VPOS="1152" HPOS="1158" CONTENT="un" STYLEREFS="FONT0"/>
                  <SP HEIGHT="85" WIDTH="22" VPOS="1152" HPOS="1288"/>
                  <String HEIGHT="85" WIDTH="152" VPOS="1152" HPOS="1223" CONTENT="des" STYLEREFS="FONT0"/>
                  <SP HEIGHT="85" WIDTH="22" VPOS="1152" HPOS="1375"/>
                  <String HEIGHT="85" WIDTH="260" VPOS="1152" HPOS="1288" CONTENT="canonicats" STYLEREFS="FONT0"/>
               </TextLine>
               <TextLine ID="r1l27" BASELINE="1289" HEIGHT="53" WIDTH="797" VPOS="1236" HPOS="160">
                  <String HEIGHT="53" WIDTH="189" VPOS="1236" HPOS="139" CONTENT="prêts" STYLEREFS="FONT0"/>
                  <SP HEIGHT="53" WIDTH="21" VPOS="1236" HPOS="328"/>
                  <String HEIGHT="53" WIDTH="105" VPOS="1236" HPOS="265" CONTENT="à" STYLEREFS="FONT0"/>
                  <SP HEIGHT="53" WIDTH="21" VPOS="1236" HPOS="370"/>
                  <String HEIGHT="53" WIDTH="210" VPOS="1236" HPOS="307" CONTENT="vaquer" STYLEREFS="FONT0"/>
                  <SP HEIGHT="53" WIDTH="21" VPOS="1236" HPOS="517"/>
                  <String HEIGHT="53" WIDTH="168" VPOS="1236" HPOS="454" CONTENT="dans" STYLEREFS="FONT0"/>
                  <SP HEIGHT="53" WIDTH="21" VPOS="1236" HPOS="621"/>
                  <String HEIGHT="53" WIDTH="252" VPOS="1236" HPOS="559" CONTENT="l’église" STYLEREFS="FONT0"/>
                  <SP HEIGHT="53" WIDTH="21" VPOS="1236" HPOS="810"/>
                  <String HEIGHT="53" WIDTH="126" VPOS="1236" HPOS="747" CONTENT="de" STYLEREFS="FONT0"/>
                  <SP HEIGHT="53" WIDTH="21" VPOS="1236" HPOS="873"/>
                  <String HEIGHT="53" WIDTH="168" VPOS="1236" HPOS="789" CONTENT="Paris." STYLEREFS="FONT0"/>
               </TextLine>
               <TextLine ID="r1l28" BASELINE="1337" HEIGHT="68" WIDTH="1429" VPOS="1269" HPOS="110">
                  <String HEIGHT="68" WIDTH="184" VPOS="1269" HPOS="90" CONTENT="5469." STYLEREFS="FONT0"/>
                  <SP HEIGHT="68" WIDTH="20" VPOS="1269" HPOS="273"/>
                  <String HEIGHT="68" WIDTH="408" VPOS="1269" HPOS="212" CONTENT="Habeneck," STYLEREFS="FONT0"/>
                  <SP HEIGHT="68" WIDTH="20" VPOS="1269" HPOS="620"/>
                  <String HEIGHT="68" WIDTH="265" VPOS="1269" HPOS="559" CONTENT="musicien," STYLEREFS="FONT0"/>
                  <SP HEIGHT="68" WIDTH="20" VPOS="1269" HPOS="825"/>
                  <String HEIGHT="68" WIDTH="327" VPOS="1269" HPOS="763" CONTENT="compositeur." STYLEREFS="FONT0"/>
                  <SP HEIGHT="68" WIDTH="20" VPOS="1269" HPOS="1090"/>
                  <String HEIGHT="68" WIDTH="122" VPOS="1269" HPOS="1029" CONTENT="L." STYLEREFS="FONT0"/>
                  <SP HEIGHT="68" WIDTH="20" VPOS="1269" HPOS="1151"/>
                  <String HEIGHT="68" WIDTH="163" VPOS="1269" HPOS="1090" CONTENT="aut." STYLEREFS="FONT0"/>
                  <SP HEIGHT="68" WIDTH="20" VPOS="1269" HPOS="1253"/>
                  <String HEIGHT="68" WIDTH="184" VPOS="1269" HPOS="1192" CONTENT="sig.," STYLEREFS="FONT0"/>
                  <SP HEIGHT="68" WIDTH="20" VPOS="1269" HPOS="1376"/>
                  <String HEIGHT="68" WIDTH="102" VPOS="1269" HPOS="1314" CONTENT="à" STYLEREFS="FONT0"/>
                  <SP HEIGHT="68" WIDTH="20" VPOS="1269" HPOS="1417"/>
                  <String HEIGHT="68" WIDTH="122" VPOS="1269" HPOS="1355" CONTENT="M." STYLEREFS="FONT0"/>
                  <SP HEIGHT="68" WIDTH="20" VPOS="1269" HPOS="1478"/>
                  <String HEIGHT="68" WIDTH="143" VPOS="1269" HPOS="1396" CONTENT="Chan" SUBS_TYPE="HypPart1" SUBS_CONTENT="Chancourtois," STYLEREFS="FONT0"/>
                  <HYP CONTENT="-"/>
               </TextLine>
               <TextLine ID="r1l29" BASELINE="1383" HEIGHT="56" WIDTH="1375" VPOS="1327" HPOS="160">
                  <String HEIGHT="56" WIDTH="293" VPOS="1327" HPOS="137" CONTENT="courtois," SUBS_TYPE="HypPart2" SUBS_CONTENT="Chancourtois," STYLEREFS="FONT0"/>
                  <SP HEIGHT="56" WIDTH="23" VPOS="1327" HPOS="430"/>
                  <String HEIGHT="56" WIDTH="113" VPOS="1327" HPOS="363" CONTENT="à" STYLEREFS="FONT0"/>
                  <SP HEIGHT="56" WIDTH="23" VPOS="1327" HPOS="476"/>
                  <String HEIGHT="56" WIDTH="270" VPOS="1327" HPOS="408" CONTENT="Orléans." STYLEREFS="FONT0"/>
                  <SP HEIGHT="56" WIDTH="23" VPOS="1327" HPOS="678"/>
                  <String HEIGHT="56" WIDTH="225" VPOS="1327" HPOS="611" CONTENT="Paris," STYLEREFS="FONT0"/>
                  <SP HEIGHT="56" WIDTH="23" VPOS="1327" HPOS="836"/>
                  <String HEIGHT="56" WIDTH="135" VPOS="1327" HPOS="769" CONTENT="20" STYLEREFS="FONT0"/>
                  <SP HEIGHT="56" WIDTH="23" VPOS="1327" HPOS="904"/>
                  <String HEIGHT="56" WIDTH="203" VPOS="1327" HPOS="836" CONTENT="avril" STYLEREFS="FONT0"/>
                  <SP HEIGHT="56" WIDTH="23" VPOS="1327" HPOS="1039"/>
                  <String HEIGHT="56" WIDTH="203" VPOS="1327" HPOS="971" CONTENT="1837." STYLEREFS="FONT0"/>
                  <SP HEIGHT="56" WIDTH="23" VPOS="1327" HPOS="1174"/>
                  <String HEIGHT="56" WIDTH="113" VPOS="1327" HPOS="1107" CONTENT="1" STYLEREFS="FONT0"/>
                  <SP HEIGHT="56" WIDTH="23" VPOS="1327" HPOS="1219"/>
                  <String HEIGHT="56" WIDTH="135" VPOS="1327" HPOS="1152" CONTENT="p." STYLEREFS="FONT0"/>
                  <SP HEIGHT="56" WIDTH="23" VPOS="1327" HPOS="1287"/>
                  <String HEIGHT="56" WIDTH="158" VPOS="1327" HPOS="1219" CONTENT="pl." STYLEREFS="FONT0"/>
                  <SP HEIGHT="56" WIDTH="23" VPOS="1327" HPOS="1377"/>
                  <String HEIGHT="56" WIDTH="203" VPOS="1327" HPOS="1310" CONTENT="in-4." STYLEREFS="FONT0"/>
                  <SP HEIGHT="56" WIDTH="23" VPOS="1327" HPOS="1512"/>
                  <String HEIGHT="56" WIDTH="113" VPOS="1327" HPOS="1445" CONTENT="3" STYLEREFS="FONT0"/>
                  <SP HEIGHT="56" WIDTH="23" VPOS="1327" HPOS="1558"/>
                  <String HEIGHT="56" WIDTH="68" VPOS="1327" HPOS="1467" CONTENT="»" STYLEREFS="FONT0"/>
               </TextLine>
               <TextLine ID="r1l31" BASELINE="1429" HEIGHT="54" WIDTH="1346" VPOS="1375" HPOS="194">
                  <String HEIGHT="54" WIDTH="256" VPOS="1375" HPOS="173" CONTENT="Relative" STYLEREFS="FONT0"/>
                  <SP HEIGHT="54" WIDTH="21" VPOS="1375" HPOS="429"/>
                  <String HEIGHT="54" WIDTH="107" VPOS="1375" HPOS="365" CONTENT="à" STYLEREFS="FONT0"/>
                  <SP HEIGHT="54" WIDTH="21" VPOS="1375" HPOS="472"/>
                  <String HEIGHT="54" WIDTH="320" VPOS="1375" HPOS="408" CONTENT="l’exécution" STYLEREFS="FONT0"/>
                  <SP HEIGHT="54" WIDTH="21" VPOS="1375" HPOS="728"/>
                  <String HEIGHT="54" WIDTH="150" VPOS="1375" HPOS="664" CONTENT="des" STYLEREFS="FONT0"/>
                  <SP HEIGHT="54" WIDTH="21" VPOS="1375" HPOS="814"/>
                  <String HEIGHT="54" WIDTH="214" VPOS="1375" HPOS="749" CONTENT="chœurs" STYLEREFS="FONT0"/>
                  <SP HEIGHT="54" WIDTH="21" VPOS="1375" HPOS="963"/>
                  <String HEIGHT="54" WIDTH="128" VPOS="1375" HPOS="899" CONTENT="et" STYLEREFS="FONT0"/>
                  <SP HEIGHT="54" WIDTH="21" VPOS="1375" HPOS="1027"/>
                  <String HEIGHT="54" WIDTH="128" VPOS="1375" HPOS="963" CONTENT="de" STYLEREFS="FONT0"/>
                  <SP HEIGHT="54" WIDTH="21" VPOS="1375" HPOS="1091"/>
                  <String HEIGHT="54" WIDTH="128" VPOS="1375" HPOS="1027" CONTENT="la" STYLEREFS="FONT0"/>
                  <SP HEIGHT="54" WIDTH="21" VPOS="1375" HPOS="1155"/>
                  <String HEIGHT="54" WIDTH="235" VPOS="1375" HPOS="1091" CONTENT="musique" STYLEREFS="FONT0"/>
                  <SP HEIGHT="54" WIDTH="21" VPOS="1375" HPOS="1326"/>
                  <String HEIGHT="54" WIDTH="171" VPOS="1375" HPOS="1262" CONTENT="pour" STYLEREFS="FONT0"/>
                  <SP HEIGHT="54" WIDTH="21" VPOS="1375" HPOS="1433"/>
                  <String HEIGHT="54" WIDTH="128" VPOS="1375" HPOS="1369" CONTENT="la" STYLEREFS="FONT0"/>
                  <SP HEIGHT="54" WIDTH="21" VPOS="1375" HPOS="1497"/>
                  <String HEIGHT="54" WIDTH="128" VPOS="1375" HPOS="1412" CONTENT="fête" STYLEREFS="FONT0"/>
               </TextLine>
               <TextLine ID="r1l32" BASELINE="1475" HEIGHT="55" WIDTH="654" VPOS="1420" HPOS="156">
                  <String HEIGHT="55" WIDTH="135" VPOS="1420" HPOS="133" CONTENT="en" STYLEREFS="FONT0"/>
                  <SP HEIGHT="55" WIDTH="23" VPOS="1420" HPOS="269"/>
                  <String HEIGHT="55" WIDTH="293" VPOS="1420" HPOS="201" CONTENT="l’honneur" STYLEREFS="FONT0"/>
                  <SP HEIGHT="55" WIDTH="23" VPOS="1420" HPOS="494"/>
                  <String HEIGHT="55" WIDTH="135" VPOS="1420" HPOS="427" CONTENT="de" STYLEREFS="FONT0"/>
                  <SP HEIGHT="55" WIDTH="23" VPOS="1420" HPOS="562"/>
                  <String HEIGHT="55" WIDTH="226" VPOS="1420" HPOS="494" CONTENT="Jeanne" STYLEREFS="FONT0"/>
                  <SP HEIGHT="55" WIDTH="23" VPOS="1420" HPOS="720"/>
                  <String HEIGHT="55" WIDTH="180" VPOS="1420" HPOS="630" CONTENT="d’Arc." STYLEREFS="FONT0"/>
               </TextLine>
               <TextLine ID="r1l33" BASELINE="1527" HEIGHT="69" WIDTH="1435" VPOS="1458" HPOS="108">
                  <String HEIGHT="69" WIDTH="193" VPOS="1458" HPOS="87" CONTENT="5470." STYLEREFS="FONT0"/>
                  <SP HEIGHT="69" WIDTH="21" VPOS="1458" HPOS="279"/>
                  <String HEIGHT="69" WIDTH="386" VPOS="1458" HPOS="215" CONTENT="Holland" STYLEREFS="FONT0"/>
                  <SP HEIGHT="69" WIDTH="21" VPOS="1458" HPOS="601"/>
                  <String HEIGHT="69" WIDTH="450" VPOS="1458" HPOS="536" CONTENT="(Henricq-Richard," STYLEREFS="FONT0"/>
                  <SP HEIGHT="69" WIDTH="21" VPOS="1458" HPOS="986"/>
                  <String HEIGHT="69" WIDTH="214" VPOS="1458" HPOS="922" CONTENT="lord)," STYLEREFS="FONT0"/>
                  <SP HEIGHT="69" WIDTH="21" VPOS="1458" HPOS="1136"/>
                  <String HEIGHT="69" WIDTH="193" VPOS="1458" HPOS="1072" CONTENT="neveu" STYLEREFS="FONT0"/>
                  <SP HEIGHT="69" WIDTH="21" VPOS="1458" HPOS="1265"/>
                  <String HEIGHT="69" WIDTH="129" VPOS="1458" HPOS="1200" CONTENT="de" STYLEREFS="FONT0"/>
                  <SP HEIGHT="69" WIDTH="21" VPOS="1458" HPOS="1329"/>
                  <String HEIGHT="69" WIDTH="171" VPOS="1458" HPOS="1265" CONTENT="Fox," STYLEREFS="FONT0"/>
                  <SP HEIGHT="69" WIDTH="21" VPOS="1458" HPOS="1436"/>
                  <String HEIGHT="69" WIDTH="193" VPOS="1458" HPOS="1350" CONTENT="orateur" STYLEREFS="FONT0"/>
               </TextLine>
               <TextLine ID="r1l34" BASELINE="1570" HEIGHT="51" WIDTH="1378" VPOS="1519" HPOS="164">
                  <String HEIGHT="51" WIDTH="247" VPOS="1519" HPOS="143" CONTENT="célèbre." STYLEREFS="FONT0"/>
                  <SP HEIGHT="51" WIDTH="21" VPOS="1519" HPOS="390"/>
                  <String HEIGHT="51" WIDTH="123" VPOS="1519" HPOS="329" CONTENT="L." STYLEREFS="FONT0"/>
                  <SP HEIGHT="51" WIDTH="21" VPOS="1519" HPOS="452"/>
                  <String HEIGHT="51" WIDTH="165" VPOS="1519" HPOS="390" CONTENT="aut." STYLEREFS="FONT0"/>
                  <SP HEIGHT="51" WIDTH="21" VPOS="1519" HPOS="555"/>
                  <String HEIGHT="51" WIDTH="165" VPOS="1519" HPOS="493" CONTENT="sig." STYLEREFS="FONT0"/>
                  <SP HEIGHT="51" WIDTH="21" VPOS="1519" HPOS="658"/>
                  <String HEIGHT="51" WIDTH="144" VPOS="1519" HPOS="596" CONTENT="(en" STYLEREFS="FONT0"/>
                  <SP HEIGHT="51" WIDTH="21" VPOS="1519" HPOS="740"/>
                  <String HEIGHT="51" WIDTH="267" VPOS="1519" HPOS="678" CONTENT="anglais)," STYLEREFS="FONT0"/>
                  <SP HEIGHT="51" WIDTH="21" VPOS="1519" HPOS="946"/>
                  <String HEIGHT="51" WIDTH="103" VPOS="1519" HPOS="884" CONTENT="à" STYLEREFS="FONT0"/>
                  <SP HEIGHT="51" WIDTH="21" VPOS="1519" HPOS="987"/>
                  <String HEIGHT="51" WIDTH="165" VPOS="1519" HPOS="925" CONTENT="M..." STYLEREFS="FONT0"/>
                  <SP HEIGHT="51" WIDTH="21" VPOS="1519" HPOS="1090"/>
                  <String HEIGHT="51" WIDTH="103" VPOS="1519" HPOS="1028" CONTENT="4" STYLEREFS="FONT0"/>
                  <SP HEIGHT="51" WIDTH="21" VPOS="1519" HPOS="1131"/>
                  <String HEIGHT="51" WIDTH="144" VPOS="1519" HPOS="1069" CONTENT="gr." STYLEREFS="FONT0"/>
                  <SP HEIGHT="51" WIDTH="21" VPOS="1519" HPOS="1213"/>
                  <String HEIGHT="51" WIDTH="123" VPOS="1519" HPOS="1151" CONTENT="p." STYLEREFS="FONT0"/>
                  <SP HEIGHT="51" WIDTH="21" VPOS="1519" HPOS="1275"/>
                  <String HEIGHT="51" WIDTH="144" VPOS="1519" HPOS="1213" CONTENT="pl." STYLEREFS="FONT0"/>
                  <SP HEIGHT="51" WIDTH="21" VPOS="1519" HPOS="1357"/>
                  <String HEIGHT="51" WIDTH="185" VPOS="1519" HPOS="1295" CONTENT="in-4." STYLEREFS="FONT0"/>
                  <SP HEIGHT="51" WIDTH="21" VPOS="1519" HPOS="1480"/>
                  <String HEIGHT="51" WIDTH="144" VPOS="1519" HPOS="1398" CONTENT="Belle" STYLEREFS="FONT0"/>
               </TextLine>
               <TextLine ID="r1l36" BASELINE="1623" HEIGHT="59" WIDTH="1376" VPOS="1564" HPOS="158">
                  <String HEIGHT="59" WIDTH="1261" VPOS="1564" HPOS="43" CONTENT="lettre." STYLEREFS="FONT0"/>
                  <SP HEIGHT="59" WIDTH="115" VPOS="1564" HPOS="1305"/>
                  <String HEIGHT="59" WIDTH="573" VPOS="1564" HPOS="961" CONTENT="7" STYLEREFS="FONT0"/>
                  <SP HEIGHT="59" WIDTH="115" VPOS="1564" HPOS="1534"/>
                  <String HEIGHT="59" WIDTH="459" VPOS="1564" HPOS="1075" CONTENT="50" STYLEREFS="FONT0"/>
               </TextLine>
               <TextLine ID="r1l37" BASELINE="1669" HEIGHT="73" WIDTH="1429" VPOS="1596" HPOS="105">
                  <String HEIGHT="73" WIDTH="192" VPOS="1596" HPOS="84" CONTENT="5471." STYLEREFS="FONT0"/>
                  <SP HEIGHT="73" WIDTH="21" VPOS="1596" HPOS="276"/>
                  <String HEIGHT="73" WIDTH="320" VPOS="1596" HPOS="212" CONTENT="Horn" STYLEREFS="FONT0"/>
                  <SP HEIGHT="73" WIDTH="21" VPOS="1596" HPOS="532"/>
                  <String HEIGHT="73" WIDTH="149" VPOS="1596" HPOS="468" CONTENT="(le" STYLEREFS="FONT0"/>
                  <SP HEIGHT="73" WIDTH="21" VPOS="1596" HPOS="617"/>
                  <String HEIGHT="73" WIDTH="192" VPOS="1596" HPOS="553" CONTENT="comte" STYLEREFS="FONT0"/>
                  <SP HEIGHT="73" WIDTH="21" VPOS="1596" HPOS="745"/>
                  <String HEIGHT="73" WIDTH="171" VPOS="1596" HPOS="681" CONTENT="de)," STYLEREFS="FONT0"/>
                  <SP HEIGHT="73" WIDTH="21" VPOS="1596" HPOS="851"/>
                  <String HEIGHT="73" WIDTH="256" VPOS="1596" HPOS="788" CONTENT="ministre" STYLEREFS="FONT0"/>
                  <SP HEIGHT="73" WIDTH="21" VPOS="1596" HPOS="1043"/>
                  <String HEIGHT="73" WIDTH="256" VPOS="1596" HPOS="979" CONTENT="suédois," STYLEREFS="FONT0"/>
                  <SP HEIGHT="73" WIDTH="21" VPOS="1596" HPOS="1235"/>
                  <String HEIGHT="73" WIDTH="256" VPOS="1596" HPOS="1171" CONTENT="impliqué" STYLEREFS="FONT0"/>
                  <SP HEIGHT="73" WIDTH="21" VPOS="1596" HPOS="1427"/>
                  <String HEIGHT="73" WIDTH="171" VPOS="1596" HPOS="1363" CONTENT="dans" STYLEREFS="FONT0"/>
                  <SP HEIGHT="73" WIDTH="21" VPOS="1596" HPOS="1534"/>
                  <String HEIGHT="73" WIDTH="85" VPOS="1596" HPOS="1449" CONTENT="le" STYLEREFS="FONT0"/>
               </TextLine>
               <TextLine ID="r1l38" BASELINE="1724" HEIGHT="59" WIDTH="1374" VPOS="1665" HPOS="161">
                  <String HEIGHT="59" WIDTH="194" VPOS="1665" HPOS="142" CONTENT="procès" STYLEREFS="FONT0"/>
                  <SP HEIGHT="59" WIDTH="19" VPOS="1665" HPOS="335"/>
                  <String HEIGHT="59" WIDTH="310" VPOS="1665" HPOS="277" CONTENT="d’Ankastrom," STYLEREFS="FONT0"/>
                  <SP HEIGHT="59" WIDTH="19" VPOS="1665" HPOS="587"/>
                  <String HEIGHT="59" WIDTH="232" VPOS="1665" HPOS="529" CONTENT="assassin" STYLEREFS="FONT0"/>
                  <SP HEIGHT="59" WIDTH="19" VPOS="1665" HPOS="761"/>
                  <String HEIGHT="59" WIDTH="116" VPOS="1665" HPOS="703" CONTENT="de" STYLEREFS="FONT0"/>
                  <SP HEIGHT="59" WIDTH="19" VPOS="1665" HPOS="819"/>
                  <String HEIGHT="59" WIDTH="213" VPOS="1665" HPOS="761" CONTENT="Gustave" STYLEREFS="FONT0"/>
                  <SP HEIGHT="59" WIDTH="19" VPOS="1665" HPOS="974"/>
                  <String HEIGHT="59" WIDTH="155" VPOS="1665" HPOS="916" CONTENT="III." STYLEREFS="FONT0"/>
                  <SP HEIGHT="59" WIDTH="19" VPOS="1665" HPOS="1071"/>
                  <String HEIGHT="59" WIDTH="116" VPOS="1665" HPOS="1012" CONTENT="L." STYLEREFS="FONT0"/>
                  <SP HEIGHT="59" WIDTH="19" VPOS="1665" HPOS="1129"/>
                  <String HEIGHT="59" WIDTH="155" VPOS="1665" HPOS="1071" CONTENT="aut." STYLEREFS="FONT0"/>
                  <SP HEIGHT="59" WIDTH="19" VPOS="1665" HPOS="1225"/>
                  <String HEIGHT="59" WIDTH="174" VPOS="1665" HPOS="1167" CONTENT="sig.:" STYLEREFS="FONT0"/>
                  <SP HEIGHT="59" WIDTH="19" VPOS="1665" HPOS="1341"/>
                  <String HEIGHT="59" WIDTH="271" VPOS="1665" HPOS="1264" CONTENT="Fréd." STYLEREFS="FONT0"/>
               </TextLine>
               <TextLine ID="r1l39" BASELINE="1756" HEIGHT="41" WIDTH="1378" VPOS="1715" HPOS="154">
                  <String HEIGHT="41" WIDTH="280" VPOS="1715" HPOS="134" CONTENT="Classon" STYLEREFS="FONT0"/>
                  <SP HEIGHT="41" WIDTH="20" VPOS="1715" HPOS="414"/>
                  <String HEIGHT="41" WIDTH="320" VPOS="1715" HPOS="354" CONTENT="Malière," STYLEREFS="FONT0"/>
                  <SP HEIGHT="41" WIDTH="20" VPOS="1715" HPOS="673"/>
                  <String HEIGHT="41" WIDTH="140" VPOS="1715" HPOS="613" CONTENT="nom" STYLEREFS="FONT0"/>
                  <SP HEIGHT="41" WIDTH="20" VPOS="1715" HPOS="753"/>
                  <String HEIGHT="41" WIDTH="180" VPOS="1715" HPOS="693" CONTENT="qu'il" STYLEREFS="FONT0"/>
                  <SP HEIGHT="41" WIDTH="20" VPOS="1715" HPOS="873"/>
                  <String HEIGHT="41" WIDTH="220" VPOS="1715" HPOS="813" CONTENT="portait" STYLEREFS="FONT0"/>
                  <SP HEIGHT="41" WIDTH="20" VPOS="1715" HPOS="1033"/>
                  <String HEIGHT="41" WIDTH="160" VPOS="1715" HPOS="973" CONTENT="dans" STYLEREFS="FONT0"/>
                  <SP HEIGHT="41" WIDTH="20" VPOS="1715" HPOS="1133"/>
                  <String HEIGHT="41" WIDTH="340" VPOS="1715" HPOS="1073" CONTENT="l’émigration," STYLEREFS="FONT0"/>
                  <SP HEIGHT="41" WIDTH="20" VPOS="1715" HPOS="1412"/>
                  <String HEIGHT="41" WIDTH="100" VPOS="1715" HPOS="1352" CONTENT="à" STYLEREFS="FONT0"/>
                  <SP HEIGHT="41" WIDTH="20" VPOS="1715" HPOS="1452"/>
                  <String HEIGHT="41" WIDTH="120" VPOS="1715" HPOS="1392" CONTENT="M." STYLEREFS="FONT0"/>
                  <SP HEIGHT="41" WIDTH="20" VPOS="1715" HPOS="1512"/>
                  <String HEIGHT="41" WIDTH="100" VPOS="1715" HPOS="1432" CONTENT="Le" SUBS_TYPE="HypPart1" SUBS_CONTENT="Lecocq," STYLEREFS="FONT0"/>
                  <HYP CONTENT="-"/>
               </TextLine>
               <TextLine ID="r1l42" BASELINE="1812" HEIGHT="54" WIDTH="1388" VPOS="1758" HPOS="155">
                  <String HEIGHT="54" WIDTH="205" VPOS="1758" HPOS="132" CONTENT="cocq," SUBS_TYPE="HypPart2" SUBS_CONTENT="Lecocq," STYLEREFS="FONT0"/>
                  <SP HEIGHT="54" WIDTH="23" VPOS="1758" HPOS="337"/>
                  <String HEIGHT="54" WIDTH="114" VPOS="1758" HPOS="269" CONTENT="à" STYLEREFS="FONT0"/>
                  <SP HEIGHT="54" WIDTH="23" VPOS="1758" HPOS="383"/>
                  <String HEIGHT="54" WIDTH="250" VPOS="1758" HPOS="314" CONTENT="Lubech." STYLEREFS="FONT0"/>
                  <SP HEIGHT="54" WIDTH="23" VPOS="1758" HPOS="565"/>
                  <String HEIGHT="54" WIDTH="228" VPOS="1758" HPOS="496" CONTENT="Mardi." STYLEREFS="FONT0"/>
                  <SP HEIGHT="54" WIDTH="23" VPOS="1758" HPOS="724"/>
                  <String HEIGHT="54" WIDTH="114" VPOS="1758" HPOS="656" CONTENT="1" STYLEREFS="FONT0"/>
                  <SP HEIGHT="54" WIDTH="23" VPOS="1758" HPOS="769"/>
                  <String HEIGHT="54" WIDTH="137" VPOS="1758" HPOS="701" CONTENT="p." STYLEREFS="FONT0"/>
                  <SP HEIGHT="54" WIDTH="23" VPOS="1758" HPOS="838"/>
                  <String HEIGHT="54" WIDTH="205" VPOS="1758" HPOS="769" CONTENT="in-4." STYLEREFS="FONT0"/>
                  <SP HEIGHT="54" WIDTH="23" VPOS="1758" HPOS="974"/>
                  <String HEIGHT="54" WIDTH="205" VPOS="1758" HPOS="906" CONTENT="Belle" STYLEREFS="FONT0"/>
                  <SP HEIGHT="54" WIDTH="23" VPOS="1758" HPOS="1111"/>
                  <String HEIGHT="54" WIDTH="250" VPOS="1758" HPOS="1042" CONTENT="lettre." STYLEREFS="FONT0"/>
                  <SP HEIGHT="54" WIDTH="23" VPOS="1758" HPOS="1293"/>
                  <String HEIGHT="54" WIDTH="296" VPOS="1758" HPOS="1224" CONTENT="Curieuse." STYLEREFS="FONT0"/>
                  <SP HEIGHT="54" WIDTH="23" VPOS="1758" HPOS="1520"/>
                  <String HEIGHT="54" WIDTH="114" VPOS="1758" HPOS="1452" CONTENT="6" STYLEREFS="FONT0"/>
                  <SP HEIGHT="54" WIDTH="23" VPOS="1758" HPOS="1566"/>
                  <String HEIGHT="54" WIDTH="68" VPOS="1758" HPOS="1475" CONTENT="»" STYLEREFS="FONT0"/>
               </TextLine>
               <TextLine ID="r1l43" BASELINE="1863" HEIGHT="64" WIDTH="1420" VPOS="1799" HPOS="104">
                  <String HEIGHT="64" WIDTH="194" VPOS="1799" HPOS="82" CONTENT="5472." STYLEREFS="FONT0"/>
                  <SP HEIGHT="64" WIDTH="22" VPOS="1799" HPOS="276"/>
                  <String HEIGHT="64" WIDTH="409" VPOS="1799" HPOS="212" CONTENT="Jaucourt" STYLEREFS="FONT0"/>
                  <SP HEIGHT="64" WIDTH="22" VPOS="1799" HPOS="620"/>
                  <String HEIGHT="64" WIDTH="151" VPOS="1799" HPOS="556" CONTENT="(le" STYLEREFS="FONT0"/>
                  <SP HEIGHT="64" WIDTH="22" VPOS="1799" HPOS="706"/>
                  <String HEIGHT="64" WIDTH="237" VPOS="1799" HPOS="642" CONTENT="marquis" STYLEREFS="FONT0"/>
                  <SP HEIGHT="64" WIDTH="22" VPOS="1799" HPOS="879"/>
                  <String HEIGHT="64" WIDTH="172" VPOS="1799" HPOS="814" CONTENT="de)," STYLEREFS="FONT0"/>
                  <SP HEIGHT="64" WIDTH="22" VPOS="1799" HPOS="986"/>
                  <String HEIGHT="64" WIDTH="215" VPOS="1799" HPOS="922" CONTENT="membre" STYLEREFS="FONT0"/>
                  <SP HEIGHT="64" WIDTH="22" VPOS="1799" HPOS="1137"/>
                  <String HEIGHT="64" WIDTH="129" VPOS="1799" HPOS="1072" CONTENT="du" STYLEREFS="FONT0"/>
                  <SP HEIGHT="64" WIDTH="22" VPOS="1799" HPOS="1201"/>
                  <String HEIGHT="64" WIDTH="344" VPOS="1799" HPOS="1137" CONTENT="gouvernement" STYLEREFS="FONT0"/>
                  <SP HEIGHT="64" WIDTH="22" VPOS="1799" HPOS="1481"/>
                  <String HEIGHT="64" WIDTH="129" VPOS="1799" HPOS="1395" CONTENT="pro" SUBS_TYPE="HypPart1" SUBS_CONTENT="provisoire" STYLEREFS="FONT0"/>
                  <HYP CONTENT="-"/>
               </TextLine>
               <TextLine ID="r1l44" BASELINE="1916" HEIGHT="77" WIDTH="1388" VPOS="1839" HPOS="157">
                  <String HEIGHT="77" WIDTH="235" VPOS="1839" HPOS="136" CONTENT="visoire" SUBS_TYPE="HypPart2" SUBS_CONTENT="provisoire" STYLEREFS="FONT0"/>
                  <SP HEIGHT="77" WIDTH="21" VPOS="1839" HPOS="371"/>
                  <String HEIGHT="77" WIDTH="128" VPOS="1839" HPOS="306" CONTENT="de" STYLEREFS="FONT0"/>
                  <SP HEIGHT="77" WIDTH="21" VPOS="1839" HPOS="435"/>
                  <String HEIGHT="77" WIDTH="192" VPOS="1839" HPOS="371" CONTENT="1814." STYLEREFS="FONT0"/>
                  <SP HEIGHT="77" WIDTH="21" VPOS="1839" HPOS="563"/>
                  <String HEIGHT="77" WIDTH="128" VPOS="1839" HPOS="499" CONTENT="L." STYLEREFS="FONT0"/>
                  <SP HEIGHT="77" WIDTH="21" VPOS="1839" HPOS="627"/>
                  <String HEIGHT="77" WIDTH="171" VPOS="1839" HPOS="563" CONTENT="aut." STYLEREFS="FONT0"/>
                  <SP HEIGHT="77" WIDTH="21" VPOS="1839" HPOS="734"/>
                  <String HEIGHT="77" WIDTH="192" VPOS="1839" HPOS="669" CONTENT="sig.," STYLEREFS="FONT0"/>
                  <SP HEIGHT="77" WIDTH="21" VPOS="1839" HPOS="862"/>
                  <String HEIGHT="77" WIDTH="107" VPOS="1839" HPOS="798" CONTENT="à" STYLEREFS="FONT0"/>
                  <SP HEIGHT="77" WIDTH="21" VPOS="1839" HPOS="904"/>
                  <String HEIGHT="77" WIDTH="256" VPOS="1839" HPOS="840" CONTENT="l’amiral" STYLEREFS="FONT0"/>
                  <SP HEIGHT="77" WIDTH="21" VPOS="1839" HPOS="1097"/>
                  <String HEIGHT="77" WIDTH="278" VPOS="1839" HPOS="1033" CONTENT="Verhuell." STYLEREFS="FONT0"/>
                  <SP HEIGHT="77" WIDTH="21" VPOS="1839" HPOS="1310"/>
                  <String HEIGHT="77" WIDTH="214" VPOS="1839" HPOS="1246" CONTENT="Paris," STYLEREFS="FONT0"/>
                  <SP HEIGHT="77" WIDTH="21" VPOS="1839" HPOS="1460"/>
                  <String HEIGHT="77" WIDTH="128" VPOS="1839" HPOS="1396" CONTENT="29" STYLEREFS="FONT0"/>
                  <SP HEIGHT="77" WIDTH="21" VPOS="1839" HPOS="1524"/>
                  <String HEIGHT="77" WIDTH="107" VPOS="1839" HPOS="1438" CONTENT="mai" STYLEREFS="FONT0"/>
               </TextLine>
               <TextLine ID="r1l46" BASELINE="1962" HEIGHT="67" WIDTH="1383" VPOS="1895" HPOS="148">
                  <String HEIGHT="67" WIDTH="519" VPOS="1895" HPOS="90" CONTENT="1832." STYLEREFS="FONT0"/>
                  <SP HEIGHT="67" WIDTH="58" VPOS="1895" HPOS="609"/>
                  <String HEIGHT="67" WIDTH="288" VPOS="1895" HPOS="436" CONTENT="2" STYLEREFS="FONT0"/>
                  <SP HEIGHT="67" WIDTH="58" VPOS="1895" HPOS="724"/>
                  <String HEIGHT="67" WIDTH="346" VPOS="1895" HPOS="551" CONTENT="p." STYLEREFS="FONT0"/>
                  <SP HEIGHT="67" WIDTH="58" VPOS="1895" HPOS="897"/>
                  <String HEIGHT="67" WIDTH="403" VPOS="1895" HPOS="724" CONTENT="pl." STYLEREFS="FONT0"/>
                  <SP HEIGHT="67" WIDTH="58" VPOS="1895" HPOS="1128"/>
                  <String HEIGHT="67" WIDTH="519" VPOS="1895" HPOS="955" CONTENT="in-8." STYLEREFS="FONT0"/>
                  <SP HEIGHT="67" WIDTH="58" VPOS="1895" HPOS="1473"/>
                  <String HEIGHT="67" WIDTH="288" VPOS="1895" HPOS="1301" CONTENT="3" STYLEREFS="FONT0"/>
                  <SP HEIGHT="67" WIDTH="58" VPOS="1895" HPOS="1589"/>
                  <String HEIGHT="67" WIDTH="173" VPOS="1895" HPOS="1358" CONTENT="»" STYLEREFS="FONT0"/>
               </TextLine>
               <TextLine ID="r1l47" BASELINE="1996" HEIGHT="51" WIDTH="1327" VPOS="1945" HPOS="206">
                  <String HEIGHT="51" WIDTH="211" VPOS="1945" HPOS="185" CONTENT="Lettre" STYLEREFS="FONT0"/>
                  <SP HEIGHT="51" WIDTH="21" VPOS="1945" HPOS="396"/>
                  <String HEIGHT="51" WIDTH="274" VPOS="1945" HPOS="332" CONTENT="curieuse," STYLEREFS="FONT0"/>
                  <SP HEIGHT="51" WIDTH="21" VPOS="1945" HPOS="606"/>
                  <String HEIGHT="51" WIDTH="253" VPOS="1945" HPOS="543" CONTENT="relative" STYLEREFS="FONT0"/>
                  <SP HEIGHT="51" WIDTH="21" VPOS="1945" HPOS="796"/>
                  <String HEIGHT="51" WIDTH="105" VPOS="1945" HPOS="733" CONTENT="à" STYLEREFS="FONT0"/>
                  <SP HEIGHT="51" WIDTH="21" VPOS="1945" HPOS="838"/>
                  <String HEIGHT="51" WIDTH="126" VPOS="1945" HPOS="775" CONTENT="la" STYLEREFS="FONT0"/>
                  <SP HEIGHT="51" WIDTH="21" VPOS="1945" HPOS="901"/>
                  <String HEIGHT="51" WIDTH="295" VPOS="1945" HPOS="838" CONTENT="nomination" STYLEREFS="FONT0"/>
                  <SP HEIGHT="51" WIDTH="21" VPOS="1945" HPOS="1133"/>
                  <String HEIGHT="51" WIDTH="126" VPOS="1945" HPOS="1070" CONTENT="de" STYLEREFS="FONT0"/>
                  <SP HEIGHT="51" WIDTH="21" VPOS="1945" HPOS="1196"/>
                  <String HEIGHT="51" WIDTH="126" VPOS="1945" HPOS="1133" CONTENT="M." STYLEREFS="FONT0"/>
                  <SP HEIGHT="51" WIDTH="21" VPOS="1945" HPOS="1259"/>
                  <String HEIGHT="51" WIDTH="211" VPOS="1945" HPOS="1196" CONTENT="Guizot" STYLEREFS="FONT0"/>
                  <SP HEIGHT="51" WIDTH="21" VPOS="1945" HPOS="1407"/>
                  <String HEIGHT="51" WIDTH="105" VPOS="1945" HPOS="1343" CONTENT="à" STYLEREFS="FONT0"/>
                  <SP HEIGHT="51" WIDTH="21" VPOS="1945" HPOS="1449"/>
                  <String HEIGHT="51" WIDTH="126" VPOS="1945" HPOS="1386" CONTENT="la" STYLEREFS="FONT0"/>
                  <SP HEIGHT="51" WIDTH="21" VPOS="1945" HPOS="1512"/>
                  <String HEIGHT="51" WIDTH="105" VPOS="1945" HPOS="1428" CONTENT="di" SUBS_TYPE="HypPart1" SUBS_CONTENT="direction" STYLEREFS="FONT0"/>
                  <HYP CONTENT="-"/>
               </TextLine>
               <TextLine ID="r1l48" BASELINE="2055" HEIGHT="64" WIDTH="1384" VPOS="1991" HPOS="151">
                  <String HEIGHT="64" WIDTH="250" VPOS="1991" HPOS="128" CONTENT="rection" SUBS_TYPE="HypPart2" SUBS_CONTENT="direction" STYLEREFS="FONT0"/>
                  <SP HEIGHT="64" WIDTH="23" VPOS="1991" HPOS="378"/>
                  <String HEIGHT="64" WIDTH="159" VPOS="1991" HPOS="310" CONTENT="des" STYLEREFS="FONT0"/>
                  <SP HEIGHT="64" WIDTH="23" VPOS="1991" HPOS="469"/>
                  <String HEIGHT="64" WIDTH="227" VPOS="1991" HPOS="401" CONTENT="cultes" STYLEREFS="FONT0"/>
                  <SP HEIGHT="64" WIDTH="23" VPOS="1991" HPOS="627"/>
                  <String HEIGHT="64" WIDTH="159" VPOS="1991" HPOS="559" CONTENT="non" STYLEREFS="FONT0"/>
                  <SP HEIGHT="64" WIDTH="23" VPOS="1991" HPOS="718"/>
                  <String HEIGHT="64" WIDTH="363" VPOS="1991" HPOS="650" CONTENT="catholiques," STYLEREFS="FONT0"/>
                  <SP HEIGHT="64" WIDTH="23" VPOS="1991" HPOS="1013"/>
                  <String HEIGHT="64" WIDTH="136" VPOS="1991" HPOS="945" CONTENT="en" STYLEREFS="FONT0"/>
                  <SP HEIGHT="64" WIDTH="23" VPOS="1991" HPOS="1081"/>
                  <String HEIGHT="64" WIDTH="363" VPOS="1991" HPOS="1013" CONTENT="remplacement" STYLEREFS="FONT0"/>
                  <SP HEIGHT="64" WIDTH="23" VPOS="1991" HPOS="1376"/>
                  <String HEIGHT="64" WIDTH="136" VPOS="1991" HPOS="1308" CONTENT="de" STYLEREFS="FONT0"/>
                  <SP HEIGHT="64" WIDTH="23" VPOS="1991" HPOS="1444"/>
                  <String HEIGHT="64" WIDTH="136" VPOS="1991" HPOS="1376" CONTENT="M." STYLEREFS="FONT0"/>
                  <SP HEIGHT="64" WIDTH="23" VPOS="1991" HPOS="1512"/>
                  <String HEIGHT="64" WIDTH="113" VPOS="1991" HPOS="1422" CONTENT="Cu" STYLEREFS="FONT0"/>
               </TextLine>
               <TextLine ID="r1l49" BASELINE="2097" HEIGHT="55" WIDTH="119" VPOS="2042" HPOS="152">
                  <String HEIGHT="55" WIDTH="167" VPOS="2042" HPOS="104" CONTENT="vier." STYLEREFS="FONT0"/>
               </TextLine>
               <TextLine ID="r1l50" BASELINE="2140" HEIGHT="58" WIDTH="1440" VPOS="2082" HPOS="102">
                  <String HEIGHT="58" WIDTH="216" VPOS="2082" HPOS="78" CONTENT="5473." STYLEREFS="FONT0"/>
                  <SP HEIGHT="58" WIDTH="24" VPOS="2082" HPOS="294"/>
                  <String HEIGHT="58" WIDTH="336" VPOS="2082" HPOS="222" CONTENT="Jeanbon" STYLEREFS="FONT0"/>
                  <SP HEIGHT="58" WIDTH="24" VPOS="2082" HPOS="558"/>
                  <String HEIGHT="58" WIDTH="480" VPOS="2082" HPOS="486" CONTENT="Saint-André," STYLEREFS="FONT0"/>
                  <SP HEIGHT="58" WIDTH="24" VPOS="2082" HPOS="966"/>
                  <String HEIGHT="58" WIDTH="288" VPOS="2082" HPOS="894" CONTENT="officier" STYLEREFS="FONT0"/>
                  <SP HEIGHT="58" WIDTH="24" VPOS="2082" HPOS="1182"/>
                  <String HEIGHT="58" WIDTH="336" VPOS="2082" HPOS="1110" CONTENT="municipal," STYLEREFS="FONT0"/>
                  <SP HEIGHT="58" WIDTH="24" VPOS="2082" HPOS="1446"/>
                  <String HEIGHT="58" WIDTH="192" VPOS="2082" HPOS="1350" CONTENT="député" STYLEREFS="FONT0"/>
               </TextLine>
               <TextLine ID="r1l51" BASELINE="2195" HEIGHT="53" WIDTH="1381" VPOS="2142" HPOS="154">
                  <String HEIGHT="53" WIDTH="414" VPOS="2142" HPOS="131" CONTENT="extraordinaire" STYLEREFS="FONT0"/>
                  <SP HEIGHT="53" WIDTH="23" VPOS="2142" HPOS="545"/>
                  <String HEIGHT="53" WIDTH="138" VPOS="2142" HPOS="476" CONTENT="de" STYLEREFS="FONT0"/>
                  <SP HEIGHT="53" WIDTH="23" VPOS="2142" HPOS="614"/>
                  <String HEIGHT="53" WIDTH="138" VPOS="2142" HPOS="545" CONTENT="la" STYLEREFS="FONT0"/>
                  <SP HEIGHT="53" WIDTH="23" VPOS="2142" HPOS="683"/>
                  <String HEIGHT="53" WIDTH="253" VPOS="2142" HPOS="614" CONTENT="commune" STYLEREFS="FONT0"/>
                  <SP HEIGHT="53" WIDTH="23" VPOS="2142" HPOS="868"/>
                  <String HEIGHT="53" WIDTH="138" VPOS="2142" HPOS="798" CONTENT="de" STYLEREFS="FONT0"/>
                  <SP HEIGHT="53" WIDTH="23" VPOS="2142" HPOS="937"/>
                  <String HEIGHT="53" WIDTH="322" VPOS="2142" HPOS="868" CONTENT="Montauban," STYLEREFS="FONT0"/>
                  <SP HEIGHT="53" WIDTH="23" VPOS="2142" HPOS="1190"/>
                  <String HEIGHT="53" WIDTH="184" VPOS="2142" HPOS="1121" CONTENT="puis" STYLEREFS="FONT0"/>
                  <SP HEIGHT="53" WIDTH="23" VPOS="2142" HPOS="1305"/>
                  <String HEIGHT="53" WIDTH="322" VPOS="2142" HPOS="1213" CONTENT="représentant" STYLEREFS="FONT0"/>
               </TextLine>
               <TextLine ID="r1l52" BASELINE="2236" HEIGHT="43" WIDTH="1385" VPOS="2193" HPOS="149">
                  <String HEIGHT="43" WIDTH="128" VPOS="2193" HPOS="128" CONTENT="du" STYLEREFS="FONT0"/>
                  <SP HEIGHT="43" WIDTH="21" VPOS="2193" HPOS="256"/>
                  <String HEIGHT="43" WIDTH="234" VPOS="2193" HPOS="192" CONTENT="peuple," STYLEREFS="FONT0"/>
                  <SP HEIGHT="43" WIDTH="21" VPOS="2193" HPOS="426"/>
                  <String HEIGHT="43" WIDTH="128" VPOS="2193" HPOS="362" CONTENT="en" STYLEREFS="FONT0"/>
                  <SP HEIGHT="43" WIDTH="21" VPOS="2193" HPOS="490"/>
                  <String HEIGHT="43" WIDTH="234" VPOS="2193" HPOS="426" CONTENT="mission" STYLEREFS="FONT0"/>
                  <SP HEIGHT="43" WIDTH="21" VPOS="2193" HPOS="660"/>
                  <String HEIGHT="43" WIDTH="107" VPOS="2193" HPOS="596" CONTENT="à" STYLEREFS="FONT0"/>
                  <SP HEIGHT="43" WIDTH="21" VPOS="2193" HPOS="703"/>
                  <String HEIGHT="43" WIDTH="213" VPOS="2193" HPOS="639" CONTENT="Brest." STYLEREFS="FONT0"/>
                  <SP HEIGHT="43" WIDTH="21" VPOS="2193" HPOS="852"/>
                  <String HEIGHT="43" WIDTH="128" VPOS="2193" HPOS="788" CONTENT="L." STYLEREFS="FONT0"/>
                  <SP HEIGHT="43" WIDTH="21" VPOS="2193" HPOS="916"/>
                  <String HEIGHT="43" WIDTH="170" VPOS="2193" HPOS="852" CONTENT="aut." STYLEREFS="FONT0"/>
                  <SP HEIGHT="43" WIDTH="21" VPOS="2193" HPOS="1023"/>
                  <String HEIGHT="43" WIDTH="192" VPOS="2193" HPOS="959" CONTENT="sig.," STYLEREFS="FONT0"/>
                  <SP HEIGHT="43" WIDTH="21" VPOS="2193" HPOS="1150"/>
                  <String HEIGHT="43" WIDTH="107" VPOS="2193" HPOS="1087" CONTENT="à" STYLEREFS="FONT0"/>
                  <SP HEIGHT="43" WIDTH="21" VPOS="2193" HPOS="1193"/>
                  <String HEIGHT="43" WIDTH="320" VPOS="2193" HPOS="1129" CONTENT="l’Assemblée" STYLEREFS="FONT0"/>
                  <SP HEIGHT="43" WIDTH="21" VPOS="2193" HPOS="1449"/>
                  <String HEIGHT="43" WIDTH="170" VPOS="2193" HPOS="1364" CONTENT="natio" SUBS_TYPE="HypPart1" SUBS_CONTENT="nationale." STYLEREFS="FONT0"/>
                  <HYP CONTENT="-"/>
               </TextLine>
               <TextLine ID="r1l54" BASELINE="2285" HEIGHT="52" WIDTH="1380" VPOS="2233" HPOS="153">
                  <String HEIGHT="52" WIDTH="253" VPOS="2233" HPOS="125" CONTENT="nale." SUBS_TYPE="HypPart2" SUBS_CONTENT="nationale." STYLEREFS="FONT0"/>
                  <SP HEIGHT="52" WIDTH="28" VPOS="2233" HPOS="378"/>
                  <String HEIGHT="52" WIDTH="282" VPOS="2233" HPOS="294" CONTENT="Paris," STYLEREFS="FONT0"/>
                  <SP HEIGHT="52" WIDTH="28" VPOS="2233" HPOS="575"/>
                  <String HEIGHT="52" WIDTH="169" VPOS="2233" HPOS="491" CONTENT="21" STYLEREFS="FONT0"/>
                  <SP HEIGHT="52" WIDTH="28" VPOS="2233" HPOS="660"/>
                  <String HEIGHT="52" WIDTH="253" VPOS="2233" HPOS="575" CONTENT="avril" STYLEREFS="FONT0"/>
                  <SP HEIGHT="52" WIDTH="28" VPOS="2233" HPOS="829"/>
                  <String HEIGHT="52" WIDTH="253" VPOS="2233" HPOS="744" CONTENT="1792." STYLEREFS="FONT0"/>
                  <SP HEIGHT="52" WIDTH="28" VPOS="2233" HPOS="998"/>
                  <String HEIGHT="52" WIDTH="141" VPOS="2233" HPOS="913" CONTENT="2" STYLEREFS="FONT0"/>
                  <SP HEIGHT="52" WIDTH="28" VPOS="2233" HPOS="1054"/>
                  <String HEIGHT="52" WIDTH="197" VPOS="2233" HPOS="970" CONTENT="gr." STYLEREFS="FONT0"/>
                  <SP HEIGHT="52" WIDTH="28" VPOS="2233" HPOS="1167"/>
                  <String HEIGHT="52" WIDTH="169" VPOS="2233" HPOS="1082" CONTENT="p." STYLEREFS="FONT0"/>
                  <SP HEIGHT="52" WIDTH="28" VPOS="2233" HPOS="1251"/>
                  <String HEIGHT="52" WIDTH="310" VPOS="2233" HPOS="1167" CONTENT="in-fol." STYLEREFS="FONT0"/>
                  <SP HEIGHT="52" WIDTH="28" VPOS="2233" HPOS="1477"/>
                  <String HEIGHT="52" WIDTH="141" VPOS="2233" HPOS="1392" CONTENT="7" STYLEREFS="FONT0"/>
                  <SP HEIGHT="52" WIDTH="28" VPOS="2233" HPOS="1533"/>
                  <String HEIGHT="52" WIDTH="113" VPOS="2233" HPOS="1420" CONTENT="50" STYLEREFS="FONT0"/>
               </TextLine>
               <TextLine ID="r1l55" BASELINE="2344" HEIGHT="64" WIDTH="1342" VPOS="2280" HPOS="201">
                  <String HEIGHT="64" WIDTH="206" VPOS="2280" HPOS="180" CONTENT="Lettre" STYLEREFS="FONT0"/>
                  <SP HEIGHT="64" WIDTH="21" VPOS="2280" HPOS="387"/>
                  <String HEIGHT="64" WIDTH="268" VPOS="2280" HPOS="325" CONTENT="curieuse," STYLEREFS="FONT0"/>
                  <SP HEIGHT="64" WIDTH="21" VPOS="2280" HPOS="593"/>
                  <String HEIGHT="64" WIDTH="248" VPOS="2280" HPOS="531" CONTENT="relative" STYLEREFS="FONT0"/>
                  <SP HEIGHT="64" WIDTH="21" VPOS="2280" HPOS="779"/>
                  <String HEIGHT="64" WIDTH="145" VPOS="2280" HPOS="717" CONTENT="aux" STYLEREFS="FONT0"/>
                  <SP HEIGHT="64" WIDTH="21" VPOS="2280" HPOS="862"/>
                  <String HEIGHT="64" WIDTH="310" VPOS="2280" HPOS="800" CONTENT="difficultés" STYLEREFS="FONT0"/>
                  <SP HEIGHT="64" WIDTH="21" VPOS="2280" HPOS="1109"/>
                  <String HEIGHT="64" WIDTH="268" VPOS="2280" HPOS="1047" CONTENT="soulevées" STYLEREFS="FONT0"/>
                  <SP HEIGHT="64" WIDTH="21" VPOS="2280" HPOS="1316"/>
                  <String HEIGHT="64" WIDTH="165" VPOS="2280" HPOS="1254" CONTENT="pour" STYLEREFS="FONT0"/>
                  <SP HEIGHT="64" WIDTH="21" VPOS="2280" HPOS="1419"/>
                  <String HEIGHT="64" WIDTH="206" VPOS="2280" HPOS="1337" CONTENT="l’exécu" SUBS_TYPE="HypPart1" SUBS_CONTENT="l’exécution" STYLEREFS="FONT0"/>
                  <HYP CONTENT="-"/>
               </TextLine>
               <TextLine ID="r1l56" BASELINE="2379" HEIGHT="54" WIDTH="1137" VPOS="2325" HPOS="160">
                  <String HEIGHT="54" WIDTH="165" VPOS="2325" HPOS="139" CONTENT="tion" SUBS_TYPE="HypPart2" SUBS_CONTENT="l’exécution" STYLEREFS="FONT0"/>
                  <SP HEIGHT="54" WIDTH="21" VPOS="2325" HPOS="305"/>
                  <String HEIGHT="54" WIDTH="124" VPOS="2325" HPOS="243" CONTENT="de" STYLEREFS="FONT0"/>
                  <SP HEIGHT="54" WIDTH="21" VPOS="2325" HPOS="367"/>
                  <String HEIGHT="54" WIDTH="124" VPOS="2325" HPOS="305" CONTENT="la" STYLEREFS="FONT0"/>
                  <SP HEIGHT="54" WIDTH="21" VPOS="2325" HPOS="429"/>
                  <String HEIGHT="54" WIDTH="145" VPOS="2325" HPOS="367" CONTENT="loi" STYLEREFS="FONT0"/>
                  <SP HEIGHT="54" WIDTH="21" VPOS="2325" HPOS="511"/>
                  <String HEIGHT="54" WIDTH="145" VPOS="2325" HPOS="449" CONTENT="des" STYLEREFS="FONT0"/>
                  <SP HEIGHT="54" WIDTH="21" VPOS="2325" HPOS="594"/>
                  <String HEIGHT="54" WIDTH="248" VPOS="2325" HPOS="532" CONTENT="patentes" STYLEREFS="FONT0"/>
                  <SP HEIGHT="54" WIDTH="21" VPOS="2325" HPOS="780"/>
                  <String HEIGHT="54" WIDTH="165" VPOS="2325" HPOS="718" CONTENT="dans" STYLEREFS="FONT0"/>
                  <SP HEIGHT="54" WIDTH="21" VPOS="2325" HPOS="884"/>
                  <String HEIGHT="54" WIDTH="124" VPOS="2325" HPOS="822" CONTENT="la" STYLEREFS="FONT0"/>
                  <SP HEIGHT="54" WIDTH="21" VPOS="2325" HPOS="946"/>
                  <String HEIGHT="54" WIDTH="186" VPOS="2325" HPOS="884" CONTENT="ville" STYLEREFS="FONT0"/>
                  <SP HEIGHT="54" WIDTH="21" VPOS="2325" HPOS="1070"/>
                  <String HEIGHT="54" WIDTH="124" VPOS="2325" HPOS="1008" CONTENT="de" STYLEREFS="FONT0"/>
                  <SP HEIGHT="54" WIDTH="21" VPOS="2325" HPOS="1132"/>
                  <String HEIGHT="54" WIDTH="248" VPOS="2325" HPOS="1049" CONTENT="Montauban." STYLEREFS="FONT0"/>
               </TextLine>
               <TextLine ID="r1l57" BASELINE="2442" HEIGHT="61" WIDTH="1443" VPOS="2381" HPOS="100">
                  <String HEIGHT="61" WIDTH="178" VPOS="2381" HPOS="80" CONTENT="5474." STYLEREFS="FONT0"/>
                  <SP HEIGHT="61" WIDTH="20" VPOS="2381" HPOS="258"/>
                  <String HEIGHT="61" WIDTH="356" VPOS="2381" HPOS="199" CONTENT="Jeannin" STYLEREFS="FONT0"/>
                  <SP HEIGHT="61" WIDTH="20" VPOS="2381" HPOS="555"/>
                  <String HEIGHT="61" WIDTH="138" VPOS="2381" HPOS="495" CONTENT="(le" STYLEREFS="FONT0"/>
                  <SP HEIGHT="61" WIDTH="20" VPOS="2381" HPOS="634"/>
                  <String HEIGHT="61" WIDTH="257" VPOS="2381" HPOS="574" CONTENT="président" STYLEREFS="FONT0"/>
                  <SP HEIGHT="61" WIDTH="20" VPOS="2381" HPOS="831"/>
                  <String HEIGHT="61" WIDTH="237" VPOS="2381" HPOS="772" CONTENT="Pierre)," STYLEREFS="FONT0"/>
                  <SP HEIGHT="61" WIDTH="20" VPOS="2381" HPOS="1009"/>
                  <String HEIGHT="61" WIDTH="237" VPOS="2381" HPOS="950" CONTENT="ministre" STYLEREFS="FONT0"/>
                  <SP HEIGHT="61" WIDTH="20" VPOS="2381" HPOS="1187"/>
                  <String HEIGHT="61" WIDTH="217" VPOS="2381" HPOS="1128" CONTENT="d’État," STYLEREFS="FONT0"/>
                  <SP HEIGHT="61" WIDTH="20" VPOS="2381" HPOS="1345"/>
                  <String HEIGHT="61" WIDTH="158" VPOS="2381" HPOS="1286" CONTENT="l’un" STYLEREFS="FONT0"/>
                  <SP HEIGHT="61" WIDTH="20" VPOS="2381" HPOS="1444"/>
                  <String HEIGHT="61" WIDTH="138" VPOS="2381" HPOS="1385" CONTENT="des" STYLEREFS="FONT0"/>
                  <SP HEIGHT="61" WIDTH="20" VPOS="2381" HPOS="1523"/>
                  <String HEIGHT="61" WIDTH="99" VPOS="2381" HPOS="1444" CONTENT="ré" SUBS_TYPE="HypPart1" SUBS_CONTENT="rédacteurs" STYLEREFS="FONT0"/>
                  <HYP CONTENT="-"/>
               </TextLine>
               <TextLine ID="r1l58" BASELINE="2482" HEIGHT="60" WIDTH="1378" VPOS="2422" HPOS="154">
                  <String HEIGHT="60" WIDTH="251" VPOS="2422" HPOS="133" CONTENT="dacteurs" SUBS_TYPE="HypPart2" SUBS_CONTENT="rédacteurs" STYLEREFS="FONT0"/>
                  <SP HEIGHT="60" WIDTH="21" VPOS="2422" HPOS="384"/>
                  <String HEIGHT="60" WIDTH="125" VPOS="2422" HPOS="321" CONTENT="de" STYLEREFS="FONT0"/>
                  <SP HEIGHT="60" WIDTH="21" VPOS="2422" HPOS="446"/>
                  <String HEIGHT="60" WIDTH="209" VPOS="2422" HPOS="384" CONTENT="l’Edit" STYLEREFS="FONT0"/>
                  <SP HEIGHT="60" WIDTH="21" VPOS="2422" HPOS="592"/>
                  <String HEIGHT="60" WIDTH="125" VPOS="2422" HPOS="530" CONTENT="de" STYLEREFS="FONT0"/>
                  <SP HEIGHT="60" WIDTH="21" VPOS="2422" HPOS="655"/>
                  <String HEIGHT="60" WIDTH="230" VPOS="2422" HPOS="592" CONTENT="Nantes." STYLEREFS="FONT0"/>
                  <SP HEIGHT="60" WIDTH="21" VPOS="2422" HPOS="822"/>
                  <String HEIGHT="60" WIDTH="125" VPOS="2422" HPOS="759" CONTENT="L." STYLEREFS="FONT0"/>
                  <SP HEIGHT="60" WIDTH="21" VPOS="2422" HPOS="885"/>
                  <String HEIGHT="60" WIDTH="167" VPOS="2422" HPOS="822" CONTENT="aut." STYLEREFS="FONT0"/>
                  <SP HEIGHT="60" WIDTH="21" VPOS="2422" HPOS="989"/>
                  <String HEIGHT="60" WIDTH="167" VPOS="2422" HPOS="927" CONTENT="sig." STYLEREFS="FONT0"/>
                  <SP HEIGHT="60" WIDTH="21" VPOS="2422" HPOS="1094"/>
                  <String HEIGHT="60" WIDTH="146" VPOS="2422" HPOS="1031" CONTENT="(en" STYLEREFS="FONT0"/>
                  <SP HEIGHT="60" WIDTH="21" VPOS="2422" HPOS="1177"/>
                  <String HEIGHT="60" WIDTH="209" VPOS="2422" HPOS="1114" CONTENT="partie" STYLEREFS="FONT0"/>
                  <SP HEIGHT="60" WIDTH="21" VPOS="2422" HPOS="1323"/>
                  <String HEIGHT="60" WIDTH="292" VPOS="2422" HPOS="1261" CONTENT="chiffrée)," STYLEREFS="FONT0"/>
                  <SP HEIGHT="60" WIDTH="21" VPOS="2422" HPOS="1553"/>
                  <String HEIGHT="60" WIDTH="63" VPOS="2422" HPOS="1469" CONTENT="à" STYLEREFS="FONT0"/>
               </TextLine>
               <TextLine ID="r1l59" BASELINE="2525" HEIGHT="63" WIDTH="1370" VPOS="2462" HPOS="144">
                  <String HEIGHT="63" WIDTH="128" VPOS="2462" HPOS="123" CONTENT="M." STYLEREFS="FONT0"/>
                  <SP HEIGHT="63" WIDTH="21" VPOS="2462" HPOS="251"/>
                  <String HEIGHT="63" WIDTH="128" VPOS="2462" HPOS="187" CONTENT="de" STYLEREFS="FONT0"/>
                  <SP HEIGHT="63" WIDTH="21" VPOS="2462" HPOS="315"/>
                  <String HEIGHT="63" WIDTH="128" VPOS="2462" HPOS="251" CONTENT="La" STYLEREFS="FONT0"/>
                  <SP HEIGHT="63" WIDTH="21" VPOS="2462" HPOS="379"/>
                  <String HEIGHT="63" WIDTH="257" VPOS="2462" HPOS="315" CONTENT="Chastre." STYLEREFS="FONT0"/>
                  <SP HEIGHT="63" WIDTH="21" VPOS="2462" HPOS="572"/>
                  <String HEIGHT="63" WIDTH="214" VPOS="2462" HPOS="508" CONTENT="Rouen," STYLEREFS="FONT0"/>
                  <SP HEIGHT="63" WIDTH="21" VPOS="2462" HPOS="722"/>
                  <String HEIGHT="63" WIDTH="128" VPOS="2462" HPOS="658" CONTENT="le" STYLEREFS="FONT0"/>
                  <SP HEIGHT="63" WIDTH="21" VPOS="2462" HPOS="786"/>
                  <String HEIGHT="63" WIDTH="128" VPOS="2462" HPOS="722" CONTENT="16" STYLEREFS="FONT0"/>
                  <SP HEIGHT="63" WIDTH="21" VPOS="2462" HPOS="850"/>
                  <String HEIGHT="63" WIDTH="171" VPOS="2462" HPOS="786" CONTENT="mai." STYLEREFS="FONT0"/>
                  <SP HEIGHT="63" WIDTH="21" VPOS="2462" HPOS="957"/>
                  <String HEIGHT="63" WIDTH="107" VPOS="2462" HPOS="893" CONTENT="1" STYLEREFS="FONT0"/>
                  <SP HEIGHT="63" WIDTH="21" VPOS="2462" HPOS="1000"/>
                  <String HEIGHT="63" WIDTH="150" VPOS="2462" HPOS="936" CONTENT="gr." STYLEREFS="FONT0"/>
                  <SP HEIGHT="63" WIDTH="21" VPOS="2462" HPOS="1086"/>
                  <String HEIGHT="63" WIDTH="128" VPOS="2462" HPOS="1022" CONTENT="p." STYLEREFS="FONT0"/>
                  <SP HEIGHT="63" WIDTH="21" VPOS="2462" HPOS="1150"/>
                  <String HEIGHT="63" WIDTH="150" VPOS="2462" HPOS="1086" CONTENT="pl." STYLEREFS="FONT0"/>
                  <SP HEIGHT="63" WIDTH="21" VPOS="2462" HPOS="1236"/>
                  <String HEIGHT="63" WIDTH="235" VPOS="2462" HPOS="1172" CONTENT="in-fol." STYLEREFS="FONT0"/>
                  <SP HEIGHT="63" WIDTH="21" VPOS="2462" HPOS="1407"/>
                  <String HEIGHT="63" WIDTH="193" VPOS="2462" HPOS="1321" CONTENT="Cachets" STYLEREFS="FONT0"/>
               </TextLine>
               <TextLine ID="r1l61" BASELINE="2582" HEIGHT="61" WIDTH="1382" VPOS="2521" HPOS="154">
                  <String HEIGHT="61" WIDTH="841" VPOS="2521" HPOS="94" CONTENT="Très-belle" STYLEREFS="FONT0"/>
                  <SP HEIGHT="61" WIDTH="60" VPOS="2521" HPOS="935"/>
                  <String HEIGHT="61" WIDTH="661" VPOS="2521" HPOS="755" CONTENT="lettre." STYLEREFS="FONT0"/>
                  <SP HEIGHT="61" WIDTH="60" VPOS="2521" HPOS="1416"/>
                  <String HEIGHT="61" WIDTH="361" VPOS="2521" HPOS="1236" CONTENT="16" STYLEREFS="FONT0"/>
                  <SP HEIGHT="61" WIDTH="60" VPOS="2521" HPOS="1596"/>
                  <String HEIGHT="61" WIDTH="180" VPOS="2521" HPOS="1356" CONTENT="»" STYLEREFS="FONT0"/>
               </TextLine>
               <TextLine ID="r1l62" BASELINE="2619" HEIGHT="50" WIDTH="1330" VPOS="2569" HPOS="202">
                  <String HEIGHT="50" WIDTH="242" VPOS="2569" HPOS="182" CONTENT="Relative" STYLEREFS="FONT0"/>
                  <SP HEIGHT="50" WIDTH="20" VPOS="2569" HPOS="424"/>
                  <String HEIGHT="50" WIDTH="101" VPOS="2569" HPOS="363" CONTENT="à" STYLEREFS="FONT0"/>
                  <SP HEIGHT="50" WIDTH="20" VPOS="2569" HPOS="464"/>
                  <String HEIGHT="50" WIDTH="121" VPOS="2569" HPOS="404" CONTENT="la" STYLEREFS="FONT0"/>
                  <SP HEIGHT="50" WIDTH="20" VPOS="2569" HPOS="524"/>
                  <String HEIGHT="50" WIDTH="181" VPOS="2569" HPOS="464" CONTENT="ville" STYLEREFS="FONT0"/>
                  <SP HEIGHT="50" WIDTH="20" VPOS="2569" HPOS="645"/>
                  <String HEIGHT="50" WIDTH="282" VPOS="2569" HPOS="585" CONTENT="d’Orléans," STYLEREFS="FONT0"/>
                  <SP HEIGHT="50" WIDTH="20" VPOS="2569" HPOS="867"/>
                  <String HEIGHT="50" WIDTH="181" VPOS="2569" HPOS="807" CONTENT="qu’il" STYLEREFS="FONT0"/>
                  <SP HEIGHT="50" WIDTH="20" VPOS="2569" HPOS="988"/>
                  <String HEIGHT="50" WIDTH="242" VPOS="2569" HPOS="927" CONTENT="souhaite" STYLEREFS="FONT0"/>
                  <SP HEIGHT="50" WIDTH="20" VPOS="2569" HPOS="1169"/>
                  <String HEIGHT="50" WIDTH="161" VPOS="2569" HPOS="1109" CONTENT="être" STYLEREFS="FONT0"/>
                  <SP HEIGHT="50" WIDTH="20" VPOS="2569" HPOS="1270"/>
                  <String HEIGHT="50" WIDTH="121" VPOS="2569" HPOS="1210" CONTENT="en" STYLEREFS="FONT0"/>
                  <SP HEIGHT="50" WIDTH="20" VPOS="2569" HPOS="1330"/>
                  <String HEIGHT="50" WIDTH="181" VPOS="2569" HPOS="1270" CONTENT="bonne" STYLEREFS="FONT0"/>
                  <SP HEIGHT="50" WIDTH="20" VPOS="2569" HPOS="1451"/>
                  <String HEIGHT="50" WIDTH="161" VPOS="2569" HPOS="1371" CONTENT="union." STYLEREFS="FONT0"/>
               </TextLine>
               <TextLine ID="r1l63" BASELINE="2678" HEIGHT="66" WIDTH="1382" VPOS="2612" HPOS="150">
                  <String HEIGHT="66" WIDTH="132" VPOS="2612" HPOS="128" CONTENT="Il" STYLEREFS="FONT0"/>
                  <SP HEIGHT="66" WIDTH="22" VPOS="2612" HPOS="260"/>
                  <String HEIGHT="66" WIDTH="132" VPOS="2612" HPOS="194" CONTENT="le" STYLEREFS="FONT0"/>
                  <SP HEIGHT="66" WIDTH="22" VPOS="2612" HPOS="325"/>
                  <String HEIGHT="66" WIDTH="175" VPOS="2612" HPOS="260" CONTENT="prie" STYLEREFS="FONT0"/>
                  <SP HEIGHT="66" WIDTH="22" VPOS="2612" HPOS="435"/>
                  <String HEIGHT="66" WIDTH="132" VPOS="2612" HPOS="369" CONTENT="de" STYLEREFS="FONT0"/>
                  <SP HEIGHT="66" WIDTH="22" VPOS="2612" HPOS="501"/>
                  <String HEIGHT="66" WIDTH="197" VPOS="2612" HPOS="435" CONTENT="vivre" STYLEREFS="FONT0"/>
                  <SP HEIGHT="66" WIDTH="22" VPOS="2612" HPOS="633"/>
                  <String HEIGHT="66" WIDTH="132" VPOS="2612" HPOS="567" CONTENT="en" STYLEREFS="FONT0"/>
                  <SP HEIGHT="66" WIDTH="22" VPOS="2612" HPOS="698"/>
                  <String HEIGHT="66" WIDTH="197" VPOS="2612" HPOS="633" CONTENT="bonne" STYLEREFS="FONT0"/>
                  <SP HEIGHT="66" WIDTH="22" VPOS="2612" HPOS="830"/>
                  <String HEIGHT="66" WIDTH="351" VPOS="2612" HPOS="764" CONTENT="intelligence" STYLEREFS="FONT0"/>
                  <SP HEIGHT="66" WIDTH="22" VPOS="2612" HPOS="1115"/>
                  <String HEIGHT="66" WIDTH="175" VPOS="2612" HPOS="1049" CONTENT="avec" STYLEREFS="FONT0"/>
                  <SP HEIGHT="66" WIDTH="22" VPOS="2612" HPOS="1225"/>
                  <String HEIGHT="66" WIDTH="373" VPOS="2612" HPOS="1159" CONTENT="Dermenonville" STYLEREFS="FONT0"/>
                  <SP HEIGHT="66" WIDTH="22" VPOS="2612" HPOS="1532"/>
                  <String HEIGHT="66" WIDTH="88" VPOS="2612" HPOS="1444" CONTENT="et" STYLEREFS="FONT0"/>
               </TextLine>
               <TextLine ID="r1l64" BASELINE="2726" HEIGHT="55" WIDTH="1383" VPOS="2671" HPOS="153">
                  <String HEIGHT="55" WIDTH="156" VPOS="2671" HPOS="131" CONTENT="ses" STYLEREFS="FONT0"/>
                  <SP HEIGHT="55" WIDTH="22" VPOS="2671" HPOS="287"/>
                  <String HEIGHT="55" WIDTH="201" VPOS="2671" HPOS="220" CONTENT="amis," STYLEREFS="FONT0"/>
                  <SP HEIGHT="55" WIDTH="22" VPOS="2671" HPOS="421"/>
                  <String HEIGHT="55" WIDTH="134" VPOS="2671" HPOS="354" CONTENT="et" STYLEREFS="FONT0"/>
                  <SP HEIGHT="55" WIDTH="22" VPOS="2671" HPOS="488"/>
                  <String HEIGHT="55" WIDTH="134" VPOS="2671" HPOS="421" CONTENT="de" STYLEREFS="FONT0"/>
                  <SP HEIGHT="55" WIDTH="22" VPOS="2671" HPOS="555"/>
                  <String HEIGHT="55" WIDTH="134" VPOS="2671" HPOS="488" CONTENT="le" STYLEREFS="FONT0"/>
                  <SP HEIGHT="55" WIDTH="22" VPOS="2671" HPOS="621"/>
                  <String HEIGHT="55" WIDTH="290" VPOS="2671" HPOS="555" CONTENT="rapatrier" STYLEREFS="FONT0"/>
                  <SP HEIGHT="55" WIDTH="22" VPOS="2671" HPOS="845"/>
                  <String HEIGHT="55" WIDTH="178" VPOS="2671" HPOS="778" CONTENT="avec" STYLEREFS="FONT0"/>
                  <SP HEIGHT="55" WIDTH="22" VPOS="2671" HPOS="956"/>
                  <String HEIGHT="55" WIDTH="134" VPOS="2671" HPOS="889" CONTENT="La" STYLEREFS="FONT0"/>
                  <SP HEIGHT="55" WIDTH="22" VPOS="2671" HPOS="1023"/>
                  <String HEIGHT="55" WIDTH="290" VPOS="2671" HPOS="956" CONTENT="Gaignerie" STYLEREFS="FONT0"/>
                  <SP HEIGHT="55" WIDTH="22" VPOS="2671" HPOS="1246"/>
                  <String HEIGHT="55" WIDTH="134" VPOS="2671" HPOS="1179" CONTENT="et" STYLEREFS="FONT0"/>
                  <SP HEIGHT="55" WIDTH="22" VPOS="2671" HPOS="1313"/>
                  <String HEIGHT="55" WIDTH="290" VPOS="2671" HPOS="1246" CONTENT="Montigny:" STYLEREFS="FONT0"/>
                  <SP HEIGHT="55" WIDTH="22" VPOS="2671" HPOS="1536"/>
                  <String HEIGHT="55" WIDTH="89" VPOS="2671" HPOS="1447" CONTENT="le" STYLEREFS="FONT0"/>
               </TextLine>
               <TextLine ID="r1l65" BASELINE="2761" HEIGHT="54" WIDTH="1216" VPOS="2707" HPOS="153">
                  <String HEIGHT="54" WIDTH="192" VPOS="2707" HPOS="132" CONTENT="comte" STYLEREFS="FONT0"/>
                  <SP HEIGHT="54" WIDTH="21" VPOS="2707" HPOS="324"/>
                  <String HEIGHT="54" WIDTH="128" VPOS="2707" HPOS="260" CONTENT="de" STYLEREFS="FONT0"/>
                  <SP HEIGHT="54" WIDTH="21" VPOS="2707" HPOS="388"/>
                  <String HEIGHT="54" WIDTH="256" VPOS="2707" HPOS="324" CONTENT="Soissons" STYLEREFS="FONT0"/>
                  <SP HEIGHT="54" WIDTH="21" VPOS="2707" HPOS="580"/>
                  <String HEIGHT="54" WIDTH="107" VPOS="2707" HPOS="516" CONTENT="a" STYLEREFS="FONT0"/>
                  <SP HEIGHT="54" WIDTH="21" VPOS="2707" HPOS="622"/>
                  <String HEIGHT="54" WIDTH="149" VPOS="2707" HPOS="558" CONTENT="été" STYLEREFS="FONT0"/>
                  <SP HEIGHT="54" WIDTH="21" VPOS="2707" HPOS="708"/>
                  <String HEIGHT="54" WIDTH="235" VPOS="2707" HPOS="644" CONTENT="surpris" STYLEREFS="FONT0"/>
                  <SP HEIGHT="54" WIDTH="21" VPOS="2707" HPOS="878"/>
                  <String HEIGHT="54" WIDTH="128" VPOS="2707" HPOS="814" CONTENT="en" STYLEREFS="FONT0"/>
                  <SP HEIGHT="54" WIDTH="21" VPOS="2707" HPOS="942"/>
                  <String HEIGHT="54" WIDTH="256" VPOS="2707" HPOS="878" CONTENT="quelques" STYLEREFS="FONT0"/>
                  <SP HEIGHT="54" WIDTH="21" VPOS="2707" HPOS="1134"/>
                  <String HEIGHT="54" WIDTH="320" VPOS="2707" HPOS="1049" CONTENT="affaires....." STYLEREFS="FONT0"/>
               </TextLine>
               <TextLine ID="r1l66" BASELINE="2819" HEIGHT="66" WIDTH="1433" VPOS="2753" HPOS="106">
                  <String HEIGHT="66" WIDTH="187" VPOS="2753" HPOS="85" CONTENT="5475." STYLEREFS="FONT0"/>
                  <SP HEIGHT="66" WIDTH="21" VPOS="2753" HPOS="272"/>
                  <String HEIGHT="66" WIDTH="374" VPOS="2753" HPOS="210" CONTENT="Joaquin" STYLEREFS="FONT0"/>
                  <SP HEIGHT="66" WIDTH="21" VPOS="2753" HPOS="584"/>
                  <String HEIGHT="66" WIDTH="208" VPOS="2753" HPOS="521" CONTENT="évêque" STYLEREFS="FONT0"/>
                  <SP HEIGHT="66" WIDTH="21" VPOS="2753" HPOS="729"/>
                  <String HEIGHT="66" WIDTH="125" VPOS="2753" HPOS="667" CONTENT="de" STYLEREFS="FONT0"/>
                  <SP HEIGHT="66" WIDTH="21" VPOS="2753" HPOS="791"/>
                  <String HEIGHT="66" WIDTH="187" VPOS="2753" HPOS="729" CONTENT="Léon." STYLEREFS="FONT0"/>
                  <SP HEIGHT="66" WIDTH="21" VPOS="2753" HPOS="916"/>
                  <String HEIGHT="66" WIDTH="125" VPOS="2753" HPOS="854" CONTENT="L." STYLEREFS="FONT0"/>
                  <SP HEIGHT="66" WIDTH="21" VPOS="2753" HPOS="978"/>
                  <String HEIGHT="66" WIDTH="125" VPOS="2753" HPOS="916" CONTENT="a." STYLEREFS="FONT0"/>
                  <SP HEIGHT="66" WIDTH="21" VPOS="2753" HPOS="1041"/>
                  <String HEIGHT="66" WIDTH="125" VPOS="2753" HPOS="978" CONTENT="s." STYLEREFS="FONT0"/>
                  <SP HEIGHT="66" WIDTH="21" VPOS="2753" HPOS="1103"/>
                  <String HEIGHT="66" WIDTH="145" VPOS="2753" HPOS="1041" CONTENT="(en" STYLEREFS="FONT0"/>
                  <SP HEIGHT="66" WIDTH="21" VPOS="2753" HPOS="1186"/>
                  <String HEIGHT="66" WIDTH="291" VPOS="2753" HPOS="1124" CONTENT="espagnol)," STYLEREFS="FONT0"/>
                  <SP HEIGHT="66" WIDTH="21" VPOS="2753" HPOS="1414"/>
                  <String HEIGHT="66" WIDTH="125" VPOS="2753" HPOS="1352" CONTENT="au" STYLEREFS="FONT0"/>
                  <SP HEIGHT="66" WIDTH="21" VPOS="2753" HPOS="1477"/>
                  <String HEIGHT="66" WIDTH="145" VPOS="2753" HPOS="1394" CONTENT="baron" STYLEREFS="FONT0"/>
               </TextLine>
               <TextLine ID="r1l67" BASELINE="2889" HEIGHT="83" WIDTH="1379" VPOS="2806" HPOS="155">
                  <String HEIGHT="83" WIDTH="267" VPOS="2806" HPOS="133" CONTENT="Capelle." STYLEREFS="FONT0"/>
                  <SP HEIGHT="83" WIDTH="22" VPOS="2806" HPOS="400"/>
                  <String HEIGHT="83" WIDTH="267" VPOS="2806" HPOS="333" CONTENT="Londres," STYLEREFS="FONT0"/>
                  <SP HEIGHT="83" WIDTH="22" VPOS="2806" HPOS="600"/>
                  <String HEIGHT="83" WIDTH="133" VPOS="2806" HPOS="533" CONTENT="29" STYLEREFS="FONT0"/>
                  <SP HEIGHT="83" WIDTH="22" VPOS="2806" HPOS="667"/>
                  <String HEIGHT="83" WIDTH="178" VPOS="2806" HPOS="600" CONTENT="mars" STYLEREFS="FONT0"/>
                  <SP HEIGHT="83" WIDTH="22" VPOS="2806" HPOS="778"/>
                  <String HEIGHT="83" WIDTH="200" VPOS="2806" HPOS="711" CONTENT="1836." STYLEREFS="FONT0"/>
                  <SP HEIGHT="83" WIDTH="22" VPOS="2806" HPOS="911"/>
                  <String HEIGHT="83" WIDTH="111" VPOS="2806" HPOS="844" CONTENT="1" STYLEREFS="FONT0"/>
                  <SP HEIGHT="83" WIDTH="22" VPOS="2806" HPOS="956"/>
                  <String HEIGHT="83" WIDTH="133" VPOS="2806" HPOS="889" CONTENT="p." STYLEREFS="FONT0"/>
                  <SP HEIGHT="83" WIDTH="22" VPOS="2806" HPOS="1022"/>
                  <String HEIGHT="83" WIDTH="245" VPOS="2806" HPOS="956" CONTENT="in-fol." STYLEREFS="FONT0"/>
                  <SP HEIGHT="83" WIDTH="22" VPOS="2806" HPOS="1200"/>
                  <String HEIGHT="83" WIDTH="133" VPOS="2806" HPOS="1134" CONTENT="(à" STYLEREFS="FONT0"/>
                  <SP HEIGHT="83" WIDTH="22" VPOS="2806" HPOS="1267"/>
                  <String HEIGHT="83" WIDTH="311" VPOS="2806" HPOS="1200" CONTENT="mi-marge)." STYLEREFS="FONT0"/>
                  <SP HEIGHT="83" WIDTH="22" VPOS="2806" HPOS="1512"/>
                  <String HEIGHT="83" WIDTH="111" VPOS="2806" HPOS="1445" CONTENT="2" STYLEREFS="FONT0"/>
                  <SP HEIGHT="83" WIDTH="22" VPOS="2806" HPOS="1556"/>
                  <String HEIGHT="83" WIDTH="67" VPOS="2806" HPOS="1467" CONTENT="»" STYLEREFS="FONT0"/>
               </TextLine>
            </TextBlock>
         </PrintSpace>
      </Page>
   </Layout>
</alto>
