1818 2207
263 13 261 66 <b>ISRAEL</b>

604 431 228 61 Commissaire
786 431 167 61 Général
908 431 76 61 :
938 431 167 61 <b>Haïm
1045 431 167 61 Gamzu</b>

603 475 257 64 Commissaire
808 475 137 64 pour
894 475 120 64 les
962 475 257 64 Expositions
1151 475 308 64 Internationales.

442 762 123 85 Les
513 762 123 85 dix
583 762 175 85 jeunes
705 762 210 85 artistes
863 762 175 85 réunis
985 762 140 85 dans
1073 762 105 85 la
1125 762 193 85 section
1265 762 263 85 israélienne
1475 762 158 85 sont,
1580 762 105 85 en
1615 762 158 85 quelqte

406 815 169 81 sorte,
524 815 101 81 le
575 815 169 81 reflet
693 815 101 81 de
744 815 101 81 la
794 815 186 81 réalité
929 815 186 81 humaine
1064 815 101 81 de
1115 815 152 81 notre
1216 815 152 81 pays.
1317 815 101 81 Il
1368 815 169 81 suffit
1486 815 101 81 de
1537 815 152 81 jeter
1638 815 101 81 un
1672 815 101 81 coup

404 876 160 61 d’œil
511 876 124 61 sur
582 876 160 61 leurs
689 876 160 61 actes
795 876 107 61 de
849 876 231 61 naissance
1026 876 142 61 pour
1115 876 231 61 constater
1293 876 124 61 que
1364 876 142 61 leur
1453 876 196 61 enfance
1595 876 89 61 a
1613 876 160 61 respiré

404 922 162 66 l’air
512 922 126 66 des
584 922 144 66 pays
674 922 180 66 autres
800 922 126 66 que
872 922 234 66 l’Israël.
1052 922 108 66 On
1107 922 216 66 trouvera
1269 922 144 66 dans
1359 922 108 66 la
1413 922 198 66 section
1539 922 234 66 israélienne

402 971 128 74 Mme
475 971 183 74 Audrey
603 971 219 74 Bergner,
767 971 128 74 née
841 971 110 74 en
895 971 256 74 Australie,
1097 971 110 74 et
1151 971 128 74 MM.
1224 971 201 74 Cassos,
1371 971 110 74 né
1426 971 110 74 au
1480 971 183 74 Maroc;
1590 971 183 74 Méchulan

400 1025 107 69 et
454 1025 196 69 Moréno,
596 1025 125 69 nés
668 1025 107 69 en
721 1025 232 69 Bulgarie;
899 1025 196 69 Neiman,
1042 1025 107 69 né
1096 1025 107 69 en
1149 1025 214 69 Pologne;
1309 1025 178 69 Segré,
1434 1025 107 69 en
1488 1025 196 69 Italie;
1613 1025 160 69 Scheps.

399 1072 116 76 en
457 1072 213 76 Suisse;
612 1072 232 76 Salomon,
786 1072 116 76 en
844 1072 252 76 Roumanie;
1038 1072 194 76 Bacon,
1173 1072 116 76 en
1232 1072 368 76 Tchécoslovaquie
1542 1072 116 76 et
1600 1072 174 76 Katz,
1697 1072 77 76 en

399 1134 235 56 Autriche.
580 1134 127 56 Ces
652 1134 127 56 dix
725 1134 181 56 jeunes
852 1134 217 56 peintres
1015 1134 272 56 constituent
1232 1134 163 56 donc,
1340 1134 109 56 en
1395 1134 253 56 eux-mêmes,
1594 1134 127 56 une
1648 1134 127 56 sorte

398 1180 201 74 d’Israël
549 1180 101 74 en
600 1180 235 74 miniature,
784 1180 101 74 où
835 1180 269 74 fraternisent
1053 1180 201 74 diverses
1204 1180 201 74 origines
1355 1180 218 74 ethniques
1523 1180 101 74 et
1557 1180 218 74 religieuses

396 1229 110 67 et
451 1229 184 67 divers
579 1229 220 67 systèmes
744 1229 294 67 esthétiques,
983 1229 257 67 figuratifs
1185 1229 110 67 et
1222 1229 220 67 abstraits.

432 1267 122 96 Ils
501 1267 140 96 sont
589 1267 122 96 nés
659 1267 227 96 ailleurs,
833 1267 140 96 mais
921 1267 192 96 presque
1061 1267 140 96 tous
1148 1267 122 96 ont
1218 1267 122 96 été
1288 1267 175 96 formés
1410 1267 105 96 en
1462 1267 192 96 Israël,
1602 1267 140 96 dont
1672 1267 105 96 l’at

395 1327 108 77 de
449 1327 126 77 ces
521 1327 233 77 dernières
700 1327 162 77 trois
808 1327 233 77 décennies
987 1327 162 77 s’est
1095 1327 197 77 épanoui
1239 1327 144 77 sous
1328 1327 108 77 le
1382 1327 162 77 signe
1490 1327 108 77 de
1544 1327 179 77 Paris.
1651 1327 126 77 Ainsi

393 1386 221 71 sont-ils
558 1386 258 71 conscients
761 1386 129 71 des
835 1386 258 71 recherches
1038 1386 276 71 esthétiques
1259 1386 129 71 les
1333 1386 147 71 plus
1425 1386 240 71 récentes,
1609 1386 166 71 ayant
1701 1386 74 71 éé

395 1427 119 83 les
463 1427 222 83 disciples
634 1427 102 83 de
685 1427 154 83 ceux,
787 1427 154 83 parmi
890 1427 154 83 leurs
992 1427 171 83 aînés,
1112 1427 119 83 qui
1180 1427 102 83 se
1231 1427 137 83 sont
1316 1427 205 83 inspirés
1470 1427 119 83 des
1521 1427 256 83 chefs

395 1484 101 73 de
446 1484 101 73 la
496 1484 202 73 peinture
648 1484 236 73 française,
833 1484 135 73 mais
918 1484 152 73 aussi
1019 1484 152 73 grâce
1120 1484 101 73 au
1170 1484 185 73 contact
1305 1484 169 73 direct
1423 1484 135 73 avec
1507 1484 118 73 les
1558 1484 219 73 différentes

388 1528 244 70 tendances
576 1528 113 70 de
632 1528 169 70 l’art
745 1528 113 70 de
801 1528 131 70 nos
876 1528 188 70 jours,
1008 1528 131 70 par
1083 1528 113 70 de
1139 1528 263 70 fréquentes
1345 1528 206 70 visites
1495 1528 113 70 et
1552 1528 131 70 des
1608 1528 169 70 séjours

390 1574 261 66 prolongés
591 1574 101 66 à
611 1574 161 66 Paris.

428 1630 101 77 Le
479 1630 202 77 visiteur
631 1630 186 77 éclairé
766 1630 101 77 de
816 1630 152 77 cette
917 1630 202 77 Biennale
1069 1630 202 77 décèlera
1221 1630 135 77 sans
1306 1630 152 77 peine
1407 1630 118 77 les
1474 1630 152 77 liens
1576 1630 118 77 qui
1626 1630 152 77 relient

391 1687 125 79 ces
462 1687 178 79 jeunes
587 1687 89 79 à
623 1687 160 79 leurs
729 1687 196 79 sources
872 1687 320 79 d’inspiration,
1139 1687 125 79 aux
1210 1687 214 79 parentés
1370 1687 303 79 spirituelles.
1620 1687 107 79 Il
1673 1687 125 79 est
1727 1687 53 79 à

391 1744 191 73 espérer
530 1744 156 73 qu’il
634 1744 243 73 parviendra
825 1744 156 73 aussi
929 1744 87 73 à
964 1744 226 73 découvrir
1137 1744 122 73 les
1207 1744 208 73 éléments
1363 1744 226 73 originaux
1537 1744 104 73 de
1589 1744 104 73 la
1624 1744 156 73 person-

391 1788 188 79 nalité
523 1788 113 79 de
579 1788 188 79 chaque
710 1788 206 79 artiste
860 1788 131 79 qui
935 1788 150 79 s’en
1029 1788 206 79 dégage.
1179 1788 131 79 Ces
1255 1788 225 79 éléments
1423 1788 169 79 n’ont
1536 1788 244 79 nullement
1705 1788 75 79 la

392 1830 243 86 prétention
582 1830 104 86 de
634 1830 260 86 représenter
843 1830 121 86 des
912 1830 277 86 échantillons
1137 1830 104 86 de
1189 1830 225 86 l’essence
1363 1830 260 86 pittoresque
1571 1830 104 86 de
1606 1830 173 86 l’Israël

391 1888 99 71 où
441 1888 99 71 le
491 1888 182 71 divorce
623 1888 149 71 entre
722 1888 99 71 la
771 1888 149 71 jeune
871 1888 231 71 génération
1052 1888 99 71 et
1102 1888 99 71 la
1151 1888 297 71 représentation
1399 1888 231 71 figurative
1581 1888 116 71 est
1630 1888 149 71 actuel-

391 1933 172 81 lement
511 1933 189 81 presque
649 1933 172 81 total.
769 1933 103 81 Il
821 1933 103 81 ne
872 1933 172 81 s’agit
992 1933 120 81 pas
1061 1933 120 81 ici
1130 1933 103 81 de
1181 1933 189 81 prendre
1319 1933 155 81 parti
1422 1933 138 81 pour
1508 1933 103 81 ou
1560 1933 189 81 contre,
1680 1933 103 81 mais

431 2071 98 78 64
