1818 2207
220 39 467 57 <b>PHILIPPINES</b>

586 878 234 65 Commissaire
773 878 171 65 Général
898 878 78 65 :
929 878 249 65 <b>Esperanza
1116 878 218 65 Zacarias</b>

584 920 198 59 Attaché
728 920 90 59 à
764 920 269 59 l’Ambassade
979 920 126 59 des
1051 920 269 59 Philippines
1266 920 90 59 à
1284 920 144 59 Paris.

430 1311 122 61 Les
499 1311 261 61 Philippines
708 1311 122 61 ont
778 1311 174 61 décidé
899 1311 104 61 de
952 1311 244 61 participer
1143 1311 157 61 d’une
1248 1311 157 61 façon
1352 1311 244 61 restreinte
1543 1311 87 61 à
1578 1311 104 61 la
1613 1311 174 61 deuxième

392 1363 225 50 Biennale
561 1363 113 50 de
617 1363 188 50 Paris,
749 1363 113 50 et
805 1363 113 50 ce
861 1363 150 50 pour
955 1363 150 50 deux
1030 1363 188 50 raisons:

427 1403 173 71 D’une
542 1403 173 71 part,
657 1403 115 71 la
715 1403 192 71 longue
849 1403 230 71 distance
1022 1403 134 71 qui
1099 1403 154 71 nous
1195 1403 192 71 sépare
1329 1403 115 71 de
1387 1403 173 71 notre
1502 1403 154 71 pays
1598 1403 115 71 ne
1656 1403 154 71 nous
1732 1403 58 71 a

391 1455 129 60 pas
464 1455 184 60 permis
593 1455 110 60 de
648 1455 239 60 présenter
832 1455 239 60 plusieurs
1016 1455 239 60 artistes;
1200 1455 110 60 en
1255 1455 184 60 effet,
1384 1455 129 60 les
1458 1455 166 60 frais
1568 1455 202 60 énormes
1697 1455 92 60 que

392 1506 272 43 nécessitent
610 1506 127 43 les
682 1506 291 43 déplacements
918 1506 145 43 sont
1009 1506 309 43 partiellement
1263 1506 91 43 à
1300 1506 109 43 la
1354 1506 182 43 charge
1481 1506 127 43 des
1554 1506 236 43 artistes,
1717 1506 73 43 le

391 1549 295 63 gouvernement
630 1549 110 63 ne
685 1549 221 63 pouvant,
851 1549 147 63 dans
943 1549 184 63 l’état
1072 1549 184 63 actuel
1201 1549 129 63 des
1274 1549 203 63 choses,
1422 1549 129 63 les
1495 1549 221 63 financer
1643 1549 147 63 entiè

368 1590 186 53 rement.

427 1626 212 64 D’autre
581 1626 173 64 part,
696 1626 173 64 parmi
811 1626 135 64 les
888 1626 231 64 peintres
1061 1626 269 64 philippins
1273 1626 135 64 que
1350 1626 154 64 nous
1446 1626 288 64 considérons
1657 1626 135 64 comme

389 1689 171 42 ayant
503 1689 133 42 une
579 1689 228 42 certaine
750 1689 209 42 valeur,
901 1689 152 42 nous
996 1689 190 42 sommes
1129 1689 247 42 persuadés
1319 1689 171 42 qu’un
1433 1689 152 42 seul
1527 1689 190 42 domine
1641 1689 152 42 large-

392 1739 152 54 ment
487 1739 152 54 tous
582 1739 133 54 les
657 1739 208 54 autres.
809 1739 152 54 Nous
904 1739 189 54 sommes
1036 1739 152 54 très
1131 1739 208 54 heureux
1282 1739 114 54 de
1339 1739 152 54 vous
1434 1739 246 54 présenter
1623 1739 114 54 M.
1661 1739 133 54 Oscar

389 1780 228 47 Zalameda,
565 1780 123 47 qui
635 1780 281 47 actuellement
863 1780 193 47 réalise
1004 1780 105 47 le
1057 1780 158 47 mieux
1162 1780 246 47 l’alliance
1355 1780 105 47 de
1408 1780 298 47 l’inspiration
1636 1780 158 47 commune

390 1824 90 57 à
426 1824 144 57 tous
516 1824 126 57 nos
588 1824 216 57 artistes
750 1824 108 57 et
804 1824 108 57 de
858 1824 108 57 la
912 1824 216 57 peinture
1074 1824 234 57 abstraite
1254 1824 216 57 moderne.
1416 1824 162 57 C’est
1524 1824 144 57 donc
1614 1824 90 57 à
1650 1824 108 57 la
1686 1824 108 57 fois

390 1871 114 66 sa
447 1871 190 66 classe
580 1871 133 66 (il
656 1871 95 66 a
694 1871 228 66 remporté
865 1871 114 66 de
922 1871 171 66 beaux
1036 1871 190 66 succès
1169 1871 152 66 dans
1264 1871 228 66 d’autres
1435 1871 171 66 pays)
1549 1871 114 66 et
1606 1871 114 66 sa
1644 1871 152 66 réelle

390 1916 214 60 facilité
550 1916 285 60 d’adaptation
782 1916 125 60 aux
853 1916 178 60 grands
977 1916 214 60 courants
1138 1916 214 60 actuels,
1298 1916 125 60 qui
1369 1916 142 60 nous
1458 1916 160 60 l’ont
1565 1916 142 60 fait
1636 1916 160 60 choisir

392 1969 159 65 pour
491 1969 297 65 représenter
729 1969 377 65 authentiquement
1046 1969 119 65 et
1106 1969 159 65 avec
1205 1969 159 65 brio
1304 1969 178 65 notre
1403 1969 139 65 pays.
