1683 2207
1308 9 369 82 <b>BELGIQUE</b>

292 427 264 88 Commissaire
504 427 194 88 Général
645 427 88 88 :
680 427 194 88 <b>Jean
821 427 123 88 Van
874 427 247 88 Lerberghe/b>

295 480 236 74 Conseiller
481 480 236 74 Artistique
666 480 101 74 du
717 480 219 74 Ministère
886 480 101 74 de
936 480 287 74 l’Instruction
1155 480 186 74 Publique.

133 772 111 76 La
189 772 204 76 cimaise
337 772 111 76 de
393 772 111 76 la
449 772 223 76 Biennale
616 772 111 76 de
671 772 167 76 Paris
783 772 167 76 étant
894 772 223 76 réservée
1061 772 315 76 exclusivement
1320 772 130 76 aux
1376 772 167 76 jeunes,

97 828 121 88 je
157 828 121 88 me
218 828 161 88 suis
318 828 221 88 demandé
479 828 242 88 pourquoi
660 828 121 88 ne
721 828 141 88 pas
801 828 242 88 réserver
982 828 101 88 à
1023 828 141 88 ces
1103 828 242 88 artistes
1284 828 262 88 également
1465 828 81 88 la

102 878 192 82 partie
236 878 96 82 «
275 878 192 82 textes
409 878 115 82 ».
467 878 154 82 J’ai
563 878 154 82 donc
659 878 212 82 demandé
813 878 96 82 à
852 878 231 82 certains
1025 878 212 82 d’entre
1179 878 135 82 eux
1256 878 115 82 de
1313 878 231 82 formuler
1467 878 77 82 en

102 928 131 83 peu
177 928 112 83 de
233 928 149 83 mots
326 928 112 83 ce
382 928 186 83 qu’ils
513 928 224 83 désirent
680 928 224 83 réaliser
848 928 112 83 en
904 928 224 83 peignant
1072 928 112 83 ou
1128 928 112 83 en
1165 928 224 83 sculptant.

135 953 137 105 Jef
214 953 255 105 Verheyen,
410 953 314 105 représentant
665 953 118 105 du
724 953 196 105 groupe
861 953 255 105 anversois
1058 953 294 105 Hessenhuis,
1293 953 137 105 qui
1352 953 196 105 s’impose

106 1034 128 81 par
179 1034 128 81 une
252 1034 146 81 très
343 1034 183 81 grande
471 1034 238 81 activité,
654 1034 128 81 est
727 1034 110 81 un
782 1034 238 81 subjectif
964 1034 164 81 avoué
1074 1034 91 81 :
1111 1034 91 81 «
1147 1034 219 81 L’action
1312 1034 238 81 qu’exerce
1476 1034 73 81 la

105 1091 232 69 peinture,
283 1091 232 69 écrit-il,
462 1091 107 69 se
515 1091 232 69 développe
693 1091 107 69 au
747 1091 143 69 plus
836 1091 178 69 intime
961 1091 107 69 de
1014 1091 160 69 notre
1121 1091 160 69 être.
1228 1091 232 69 Echappant
1406 1091 89 69 à
1424 1091 125 69 toute

104 1139 237 66 approche
282 1139 277 66 raisonnée,
500 1139 158 66 elle
599 1139 178 66 prend
717 1139 198 66 racine
856 1139 158 66 dans
955 1139 119 66 la
1014 1139 237 66 totalité
1192 1139 138 66 des
1251 1139 297 66 phénomènes...

109 1183 103 73 Ni
160 1183 258 73 l’histoire,
367 1183 103 73 ni
418 1183 103 73 le
470 1183 155 73 temps
573 1183 103 73 ne
625 1183 206 73 pourront
779 1183 103 73 un
831 1183 138 73 jour
917 1183 189 73 révéler
1054 1183 103 73 la
1106 1183 172 73 vérité
1226 1183 241 73 picturale,
1398 1183 155 73 puisque

107 1244 215 62 celle-ci
268 1244 179 62 existe
393 1244 143 62 dans
482 1244 286 62 l’instant...
715 1244 107 62 Il
769 1244 125 62 n’y
840 1244 143 62 aura
929 1244 179 62 jamais
1055 1244 215 62 d’étalon
1215 1244 125 62 qui
1287 1244 179 62 puisse
1394 1244 161 62 mesurer

109 1283 123 77 les
180 1283 211 77 pouvoirs
338 1283 123 77 (ou
409 1283 211 77 limites)
567 1283 106 77 de
620 1283 317 77 l’imagination.
885 1283 159 77 Quant
990 1283 88 77 à
1025 1283 106 77 ce
1078 1283 159 77 qu’on
1184 1283 194 77 appelle
1307 1283 247 77 l’évolution,

109 1346 143 70 elle
198 1346 125 70 n’a
270 1346 107 70 de
323 1346 196 70 limites
466 1346 125 70 que
537 1346 143 70 chez
627 1346 143 70 ceux
716 1346 125 70 qui
787 1346 107 70 ne
841 1346 107 70 la
894 1346 178 70 vivent
1019 1346 178 70 point.
1126 1346 54 70 »

145 1351 267 123 L’attitude
355 1351 114 123 du
412 1351 286 123 dessinateur
641 1351 134 123 Van
717 1351 229 123 Thienen,
889 1351 134 123 par
965 1351 210 123 contre,
1118 1351 134 123 est
1194 1351 286 123 entièrement
1404 1351 153 123 diffé-

115 1430 149 82 rente
215 1430 83 82 :
248 1430 83 82 «
281 1430 133 82 Pour
364 1430 133 82 moi,
447 1430 149 82 l’art
547 1430 116 82 est
613 1430 100 82 un
663 1430 249 82 dialogue...
862 1430 100 82 Je
912 1430 100 82 ne
962 1430 133 82 puis
1045 1430 216 82 concevoir
1211 1430 216 82 l’artiste
1376 1430 83 82 «
1410 1430 116 82 œil
1459 1430 100 82 »...

113 1490 188 72 Ouvert
245 1490 113 72 au
301 1490 188 72 monde,
432 1490 113 72 il
489 1490 94 72 y
526 1490 169 72 prend
639 1490 131 72 son
714 1490 188 72 sujet,
846 1490 131 72 pas
921 1490 150 72 pour
1014 1490 282 72 l’anecdote,
1240 1490 150 72 sans
1334 1490 188 72 doute,
1446 1490 113 72 mais

114 1536 113 77 un
171 1536 132 77 peu
246 1536 169 77 comme
359 1536 113 77 un
415 1536 169 77 point
528 1536 207 77 d’appui
678 1536 113 77 en
735 1536 188 77 dehors
866 1536 113 77 de
923 1536 282 77 lui-même...
1148 1536 113 77 Le
1205 1536 132 77 ton
1280 1536 113 77 de
1336 1536 113 77 ce
1374 1536 188 77 dialogue

114 1588 135 76 est
191 1588 174 76 celui
307 1588 174 76 d’une
422 1588 309 76 conversation
673 1588 174 76 entre
789 1588 174 76 vieux
905 1588 174 76 amis,
1021 1588 174 76 faite
1136 1588 116 76 de
1194 1588 174 76 longs
1291 1588 270 76 cheminements

116 1646 264 70 silencieux
323 1646 113 70 et
380 1646 226 70 jalonnés
549 1646 301 70 d’apparentes
775 1646 245 70 banalités.»

150 1688 159 76 Pour
250 1688 199 76 Pierre
389 1688 219 76 Lahaut,
548 1688 119 76 la
608 1688 279 76 projection
827 1688 159 76 d’un
927 1688 179 76 monde
1046 1688 299 76 imaginaire,
1285 1688 159 76 dans
1385 1688 139 76 les
1445 1688 119 76 deux

117 1738 260 79 dimensions
321 1738 111 79 de
377 1738 130 79 ses
451 1738 204 79 toiles,
600 1738 185 79 révèle
729 1738 111 79 un
785 1738 167 79 autre
896 1738 241 79 processus
1082 1738 93 79 :
1119 1738 93 79 «
1156 1738 111 79 Le
1212 1738 223 79 peintre,
1360 1738 204 79 écrit

121 1788 157 72 ouvre
225 1788 104 72 sa
277 1788 157 72 toile
382 1788 87 72 à
417 1788 104 72 un
469 1788 174 72 monde,
591 1788 122 72 qui
660 1788 244 72 rapidement
852 1788 122 72 lui
922 1788 192 72 devient
1061 1788 261 72 indépendant
1270 1788 104 72 et
1322 1788 122 72 où,
1374 1788 192 72 voisinant

121 1842 159 74 entre
227 1842 141 74 ciel
315 1842 106 74 et
368 1842 176 74 terre,
491 1842 159 74 l’eau
597 1842 176 74 contre
720 1842 211 74 l’écorce
879 1842 106 74 et
932 1842 123 74 sur
1002 1842 106 74 la
1055 1842 194 74 pierre,
1196 1842 106 74 se
1249 1842 194 74 meuvent
1390 1842 123 74 des
1443 1842 123 74 êtres

118 1900 245 69 étranges
302 1900 184 69 munis
424 1900 123 69 de
485 1900 204 69 toutes
629 1900 143 69 les
710 1900 245 69 passions
894 1900 143 69 des
956 1900 204 69 hommes.»

154 1942 161 79 Voici
261 1942 161 79 trois
369 1942 179 79 points
494 1942 107 79 de
548 1942 125 79 vue
619 1942 268 79 différents.
834 1942 125 79 Ces
905 1942 179 79 textes
1030 1942 125 79 ont
1102 1942 107 79 la
1156 1942 179 79 valeur
1281 1942 107 79 de
1317 1942 250 79 témoignages,

1397 2083 98 77 15
