1694 2207
1334 34 367 81 <b>BULGARIE</b

321 492 241 55 Commissaire
514 492 177 55 Général
642 492 80 55 :
675 492 241 55 <b>Vladimir
851 492 161 55 Goev</b>

320 531 160 68 Union
427 531 124 68 des
498 531 213 68 Artistes
658 531 213 68 Peintres
800 531 195 68 Bulgares.

156 799 112 57 En
212 799 150 57 fait
306 799 187 57 d’art,
437 799 112 57 la
494 799 225 57 jeunesse
662 799 131 57 est
737 799 131 57 une
812 799 169 57 chose
925 799 150 57 fort
1018 799 244 57 relative.
1206 799 131 57 Des
1281 799 225 57 peintres
1431 799 131 57 comme

117 851 234 62 Raphaël,
293 851 137 62 Van
371 851 176 62 Gogh,
488 851 254 62 Lévitann,
683 851 137 62 qui
761 851 156 62 sont
859 851 176 62 morts
976 851 215 62 jeunes,
1132 851 156 62 nous
1229 851 137 62 ont
1307 851 156 62 tout
1405 851 117 62 de
1444 851 117 62 même

117 907 169 58 légué
230 907 131 58 une
305 907 169 58 œuvre
417 907 169 58 riche
530 907 113 58 et
586 907 169 58 mûre,
699 907 188 58 tandis
830 907 131 58 que
905 907 244 58 d’autres,
1092 907 131 58 qui
1167 907 188 58 vivent
1299 907 169 58 âgés,
1392 907 169 58 restent

115 959 168 55 toute
227 959 149 55 leur
321 959 131 55 vie
395 959 131 55 des
451 959 224 55 apprentis.

155 1004 116 61 Il
213 1004 96 61 y
251 1004 96 61 a
290 1004 135 61 des
367 1004 193 61 jeunes
502 1004 135 61 qui
579 1004 232 61 laissent
753 1004 232 61 paraître
926 1004 154 61 dans
1023 1004 174 61 leurs
1139 1004 193 61 œuvres
1274 1004 135 61 une
1351 1004 212 61 fatigue
1486 1004 77 61 de

116 1056 117 62 la
175 1056 137 62 vie
253 1056 117 62 et
312 1056 117 62 un
370 1056 195 62 manque
507 1056 117 62 de
565 1056 137 62 foi
644 1056 156 62 dans
741 1056 195 62 l’être
878 1056 195 62 humain
1014 1056 176 62 qu’on
1132 1056 117 62 ne
1190 1056 254 62 rencontre
1385 1056 137 62 pas
1444 1056 117 62 même

117 1107 148 59 chez
210 1107 130 59 les
284 1107 185 59 vieux.
414 1107 130 59 Les
488 1107 185 59 grands
617 1107 204 59 maîtres
765 1107 130 59 ont
839 1107 241 59 travaillé
1024 1107 204 59 jusqu’à
1172 1107 148 59 leur
1265 1107 204 59 dernier
1394 1107 167 59 souffle

116 1159 160 57 avec
216 1159 261 57 l’entrain
417 1159 120 57 de
477 1159 120 57 la
537 1159 241 57 jeunesse
717 1159 120 57 et
777 1159 160 57 avec
878 1159 140 57 cet
958 1159 220 57 immense
1118 1159 180 57 amour
1238 1159 120 57 de
1298 1159 241 57 l’homme,
1459 1159 100 57 qui

117 1208 212 65 poussa,
271 1208 135 65 par
348 1208 232 65 exemple,
522 1208 116 65 un
580 1208 232 65 Daumier,
754 1208 212 65 presque
908 1208 232 65 aveugle,
1082 1208 96 65 à
1120 1208 251 65 continuer
1313 1208 96 65 à
1352 1208 116 65 se
1390 1208 174 65 pencher

117 1264 135 55 sur
194 1264 116 55 la
252 1264 193 55 pierre
387 1264 367 55 lithographique;
696 1264 116 55 un
754 1264 212 55 Renoir,
908 1264 251 55 paralysé,
1101 1264 96 55 à
1139 1264 212 55 peindre
1294 1264 116 55 en
1352 1264 116 55 se
1390 1264 174 55 faisant

117 1302 211 64 attacher
276 1302 106 64 un
329 1302 194 64 pinceau
469 1302 88 64 à
505 1302 106 64 sa
558 1302 141 64 main
646 1302 211 64 infirme.
804 1302 123 64 Des
874 1302 176 64 géants
998 1302 106 64 de
1050 1302 106 64 la
1103 1302 229 64 peinture,
1279 1302 141 64 tels
1367 1302 106 64 le
1403 1302 158 64 Titien,

119 1360 263 55 Rembrandt,
326 1360 150 55 Goya
419 1360 113 55 et
475 1360 150 55 tant
569 1360 244 55 d’autres,
757 1360 244 55 créèrent,
944 1360 113 55 au
1001 1360 188 55 déclin
1132 1360 113 55 de
1188 1360 150 55 leur
1282 1360 150 55 vie,
1357 1360 206 55 justement

118 1415 162 49 leurs
226 1415 180 49 œuvres
352 1415 126 49 les
425 1415 144 49 plus
515 1415 198 49 jeunes,
659 1415 108 49 et
713 1415 234 49 j’entends
894 1415 126 49 par
966 1415 108 49 là
1020 1415 126 49 les
1092 1415 144 49 plus
1182 1415 216 49 vivantes
1345 1415 108 49 et
1399 1415 126 49 les
1453 1415 108 49 plus

119 1464 219 58 hardies,
283 1464 201 58 pleines
429 1464 219 58 d’esprit
594 1464 238 58 novateur,
776 1464 146 58 tant
868 1464 128 58 par
941 1464 146 58 leur
1032 1464 238 58 technique
1215 1464 164 58 qu’au
1325 1464 164 58 point
1434 1464 110 58 de
1471 1464 91 58 vue

115 1522 126 47 de
178 1522 168 47 leur
283 1522 294 47 conception
514 1522 126 47 et
577 1522 126 47 de
640 1522 168 47 leur
745 1522 273 47 résonance
934 1522 210 47 émotive.

155 1562 114 62 Le
212 1562 228 62 problème
383 1562 114 62 de
440 1562 114 62 la
497 1562 247 62 jeunesse,
688 1562 114 62 en
745 1562 152 62 art,
840 1562 133 62 n’a
916 1562 152 62 donc
1011 1562 152 62 rien
1106 1562 95 62 à
1144 1562 152 62 voir
1240 1562 152 62 avec
1335 1562 133 62 les
1392 1562 171 62 données

118 1616 113 49 de
175 1616 188 49 l’état
306 1616 188 49 civil.
437 1616 263 49 Toutefois,
643 1616 113 49 en
700 1616 225 49 peinture
868 1616 169 49 comme
981 1616 150 49 pour
1075 1616 113 49 le
1131 1616 188 49 reste,
1262 1616 131 49 les
1318 1616 244 49 générations

116 1667 285 46 successives
344 1667 114 46 se
401 1667 304 46 développent,
648 1667 285 46 travaillent
877 1667 114 46 et
934 1667 228 46 laissent
1105 1667 133 46 aux
1181 1667 285 46 générations
1390 1667 171 46 futures

116 1713 139 53 des
195 1713 198 53 œuvres
334 1713 218 53 pouvant
492 1713 158 53 leur
591 1713 198 53 servir
730 1713 277 53 d’exemple,
947 1713 238 53 amorçant
1126 1713 218 53 parfois
1284 1713 139 53 des
1343 1713 218 53 problèmes

118 1774 128 55 que
191 1774 238 55 celles-ci
373 1774 183 55 auront
501 1774 91 55 à
538 1774 238 55 résoudre.
721 1774 128 55 Les
794 1774 146 55 arts
885 1774 274 55 bénéficient
1104 1774 292 55 actuellement
1342 1774 110 55 en
1378 1774 183 55 Bulgarie

116 1820 114 55 de
173 1820 114 55 la
230 1820 228 55 présence
401 1820 171 55 d’une
516 1820 266 55 génération
725 1820 114 55 de
782 1820 209 55 maîtres
934 1820 171 55 mûrs,
1048 1820 190 55 encore
1181 1820 190 55 pleins
1315 1820 114 55 de
1372 1820 133 55 vie
1448 1820 114 55 et
1486 1820 76 55 de

115 1872 194 48 talent,
256 1872 123 48 qui
327 1872 141 48 font
415 1872 229 48 l’orgueil
592 1872 106 48 de
645 1872 106 48 la
698 1872 194 48 nation.
839 1872 106 48 En
892 1872 141 48 même
980 1872 176 48 temps,
1103 1872 106 48 se
1156 1872 229 48 développe
1333 1872 106 48 et
1368 1872 194 48 s’affirme

116 1923 130 47 une
191 1923 259 47 génération
394 1923 241 47 nouvelle,
580 1923 148 47 dont
672 1923 130 47 les
747 1923 222 47 quelques
913 1923 185 47 œuvres
1043 1923 259 47 présentées
1247 1923 130 47 ici
1321 1923 111 47 ne
1358 1923 204 47 sauraient

116 1979 133 57 que
192 1979 152 57 très
287 1979 342 57 incomplètement
572 1979 209 57 définir
724 1979 114 57 la
781 1979 304 57 physionomie.
1027 1979 209 57 L’œuvre
1179 1979 114 57 de
1236 1979 171 57 cette
1331 1979 228 57 génération

1392 2135 88 46 21
