1704 2207
1284 16 388 80 <bARGENTINE</b>

325 476 241 58 Commissaire
518 476 193 58 Général:
663 476 209 58 <b>Miguel
824 476 97 58 S.
872 476 241 58 Ocampo</b>,
1065 476 225 58 Conseiller
1226 476 161 58 Culturel

323 515 149 67 près
416 515 279 67 l’Ambassade
640 515 279 67 d’Argentine
863 515 93 67 à
882 515 149 67 Paris.

158 765 159 85 Pour
258 765 119 85 la
317 765 219 85 seconde
476 765 179 85 fois,
596 765 119 85 la
655 765 278 85 République
874 765 259 85 Argentine
1073 765 179 85 prend
1192 765 159 85 part
1292 765 99 85 à
1331 765 119 85 la
1371 765 199 85 Biennale

124 838 356 66 Internationale
421 838 138 66 des
500 838 198 66 jeunes
638 838 237 66 artistes
816 838 99 66 à
856 838 198 66 Paris,
994 838 119 66 en
1054 838 277 66 présentant
1271 838 119 66 un
1331 838 237 66 ensemble
1489 838 79 66 de

124 891 261 65 peintres,
324 891 301 65 sculpteurs,
565 891 241 65 graveurs
745 891 120 65 et
805 891 120 65 un
866 891 321 65 dessinateur,
1126 891 220 65 choisis
1286 891 140 65 par
1367 891 120 65 le
1407 891 160 65 Comité

123 939 257 73 Assesseur
321 939 119 73 et
381 939 119 73 le
440 939 158 73 jury
539 939 119 73 de
598 939 257 73 sélection
796 939 119 73 de
856 939 119 73 la
915 939 257 73 Direction
1113 939 238 73 Générale
1291 939 277 73 culturelle
1489 939 79 73 du

128 993 234 63 Ministère
308 993 108 63 de
362 993 269 63 l’Education
577 993 108 63 et
631 993 108 63 de
685 993 108 63 la
739 993 198 63 Justice
883 993 108 63 de
936 993 108 63 la
972 993 162 63 Nation.

159 1047 172 61 Cette
273 1047 305 61 présentation
521 1047 134 61 est
598 1047 229 61 conforme
770 1047 95 61 à
808 1047 248 61 l’esprit,
999 1047 134 61 aux
1075 1047 229 61 mobiles,
1247 1047 114 61 et
1304 1047 134 61 aux
1361 1047 210 61 objectifs

126 1090 108 67 de
180 1090 307 67 l’exposition.
433 1090 145 67 Elle
523 1090 163 67 offre
632 1090 126 67 aux
704 1090 181 67 jeunes
830 1090 217 67 artistes
993 1090 108 67 du
1047 1090 163 67 monde
1156 1090 253 67 l’occasion
1354 1090 108 67 de
1390 1090 181 67 confron-

124 1146 126 58 ter
196 1146 162 58 leurs
304 1146 198 58 travaux
447 1146 90 58 à
483 1146 144 58 ceux
573 1146 126 58 des
645 1146 216 58 artistes
807 1146 216 58 d’autres
950 1146 126 58 pays.

159 1192 153 61 Bien
254 1192 133 61 que
331 1192 286 61 restreinte,
559 1192 172 61 cette
674 1192 324 61 manifestation
941 1192 248 61 permettra
1131 1192 286 61 d’exprimer,
1360 1192 95 61 à
1398 1192 114 61 la
1437 1192 133 61 fois,

127 1248 129 56 les
200 1248 276 56 inquiétudes
421 1248 110 56 et
476 1248 129 56 les
550 1248 276 56 aspirations
771 1248 110 56 de
826 1248 129 56 nos
900 1248 203 56 auteurs
1029 1248 239 56 plastiques.

159 1303 121 52 La
219 1303 242 52 présence
401 1303 121 52 de
462 1303 303 52 l’Argentine
704 1303 101 52 à
744 1303 121 52 ce
805 1303 242 52 concours
987 1303 323 52 contribuera,
1249 1303 162 52 avec
1350 1303 121 52 ce
1390 1303 182 52 facteur

127 1347 181 61 solide
253 1347 108 61 et
308 1347 235 61 effectif,
488 1347 163 61 comme
597 1347 163 61 toute
705 1347 307 61 manifestation
958 1347 271 61 culturelle,
1175 1347 90 61 à
1211 1347 235 61 raffermir
1391 1347 126 61 les
1446 1347 126 61 liens

126 1404 221 59 d’amitié
291 1404 129 59 qui
365 1404 257 59 l’unissent
567 1404 92 59 à
604 1404 110 59 la
641 1404 166 59 France.

1122 1862 269 66 Alejandro
1309 1862 269 66 Castagnino,

792 1920 231 53 Directeur
970 1920 107 53 du
1023 1920 196 53 Service
1166 1920 107 53 de
1219 1920 213 53 l’action
1362 1920 213 53 culturelle

850 1961 108 66 de
904 1961 108 66 la
958 1961 235 66 Direction
1139 1961 217 66 Géncrale
1302 1961 108 66 de
1356 1961 108 66 la
1392 1961 181 66 Culture.

1400 2129 99 46 9
