<?xml version="1.0" encoding="UTF-8"?>
<alto xmlns:xsi="http://www.w3.org/2001/XMLSchema-instance"
      xmlns="http://www.loc.gov/standards/alto/ns-v2#"
      xmlns:page="http://schema.primaresearch.org/PAGE/gts/pagecontent/2013-07-15"
      xsi:schemaLocation="http://www.loc.gov/standards/alto/ns-v2# http://www.loc.gov/standards/alto/alto.xsd">
   <Description>
      <MeasurementUnit>pixel</MeasurementUnit>
      <OCRProcessing ID="IdOcr">
         <ocrProcessingStep>
            <processingDateTime>2020-07-01T20:52:40.669+02:00</processingDateTime>
            <processingSoftware>
               <softwareCreator>READ COOP</softwareCreator>
               <softwareName>Transkribus</softwareName>
            </processingSoftware>
         </ocrProcessingStep>
      </OCRProcessing>
   </Description>
   <Tags/>
   <Layout>
      <Page ID="Page1" PHYSICAL_IMG_NR="1" HEIGHT="2207" WIDTH="1818">
         <TopMargin HEIGHT="0" WIDTH="1818" VPOS="0" HPOS="0"/>
         <LeftMargin HEIGHT="2207" WIDTH="0" VPOS="0" HPOS="0"/>
         <RightMargin HEIGHT="2207" WIDTH="1" VPOS="0" HPOS="1817"/>
         <BottomMargin HEIGHT="0" WIDTH="1818" VPOS="2207" HPOS="0"/>
         <PrintSpace HEIGHT="2207" WIDTH="1817" VPOS="0" HPOS="0">
            <TextBlock ID="r_1_1" HEIGHT="34" WIDTH="153" VPOS="27" HPOS="264">
               <Shape>
                  <Polygon POINTS="264,27 417,27 417,61 264,61"/>
               </Shape>
               <TextLine ID="tl_1"
                         BASELINE="94"
                         HEIGHT="85"
                         WIDTH="168"
                         VPOS="9"
                         HPOS="256">
                  <String HEIGHT="85"
                          WIDTH="196"
                          VPOS="9"
                          HPOS="228"
                          CONTENT="&lt;b&gt;GRÈCE&lt;/b&gt;"/>
               </TextLine>
            </TextBlock>
            <TextBlock ID="r_2_1" HEIGHT="296" WIDTH="1343" VPOS="127" HPOS="396">
               <Shape>
                  <Polygon POINTS="396,127 1739,127 1739,423 396,423"/>
               </Shape>
               <TextLine ID="tl_2"
                         BASELINE="194"
                         HEIGHT="83"
                         WIDTH="1351"
                         VPOS="111"
                         HPOS="393">
                  <String HEIGHT="83"
                          WIDTH="146"
                          VPOS="111"
                          HPOS="375"
                          CONTENT="bien"/>
                  <SP HEIGHT="83" WIDTH="18" VPOS="111" HPOS="521"/>
                  <String HEIGHT="83"
                          WIDTH="256"
                          VPOS="111"
                          HPOS="466"
                          CONTENT="renseignés"/>
                  <SP HEIGHT="83" WIDTH="18" VPOS="111" HPOS="722"/>
                  <String HEIGHT="83" WIDTH="128" VPOS="111" HPOS="667" CONTENT="sur"/>
                  <SP HEIGHT="83" WIDTH="18" VPOS="111" HPOS="795"/>
                  <String HEIGHT="83" WIDTH="128" VPOS="111" HPOS="740" CONTENT="les"/>
                  <SP HEIGHT="83" WIDTH="18" VPOS="111" HPOS="868"/>
                  <String HEIGHT="83"
                          WIDTH="237"
                          VPOS="111"
                          HPOS="813"
                          CONTENT="problèmes"/>
                  <SP HEIGHT="83" WIDTH="18" VPOS="111" HPOS="1050"/>
                  <String HEIGHT="83"
                          WIDTH="310"
                          VPOS="111"
                          HPOS="995"
                          CONTENT="contemporains"/>
                  <SP HEIGHT="83" WIDTH="18" VPOS="111" HPOS="1306"/>
                  <String HEIGHT="83" WIDTH="110" VPOS="111" HPOS="1251" CONTENT="et"/>
                  <SP HEIGHT="83" WIDTH="18" VPOS="111" HPOS="1361"/>
                  <String HEIGHT="83" WIDTH="110" VPOS="111" HPOS="1306" CONTENT="ne"/>
                  <SP HEIGHT="83" WIDTH="18" VPOS="111" HPOS="1415"/>
                  <String HEIGHT="83"
                          WIDTH="146"
                          VPOS="111"
                          HPOS="1361"
                          CONTENT="sont"/>
                  <SP HEIGHT="83" WIDTH="18" VPOS="111" HPOS="1507"/>
                  <String HEIGHT="83"
                          WIDTH="164"
                          VPOS="111"
                          HPOS="1452"
                          CONTENT="point"/>
                  <SP HEIGHT="83" WIDTH="18" VPOS="111" HPOS="1616"/>
                  <String HEIGHT="83"
                          WIDTH="201"
                          VPOS="111"
                          HPOS="1543"
                          CONTENT="étrangers"/>
               </TextLine>
               <TextLine ID="tl_3"
                         BASELINE="245"
                         HEIGHT="67"
                         WIDTH="1355"
                         VPOS="178"
                         HPOS="390">
                  <String HEIGHT="67" WIDTH="111" VPOS="178" HPOS="371" CONTENT="au"/>
                  <SP HEIGHT="67" WIDTH="19" VPOS="178" HPOS="483"/>
                  <String HEIGHT="67"
                          WIDTH="241"
                          VPOS="178"
                          HPOS="427"
                          CONTENT="psychisme"/>
                  <SP HEIGHT="67" WIDTH="19" VPOS="178" HPOS="668"/>
                  <String HEIGHT="67"
                          WIDTH="223"
                          VPOS="178"
                          HPOS="613"
                          CONTENT="moderne."/>
                  <SP HEIGHT="67" WIDTH="19" VPOS="178" HPOS="835"/>
                  <String HEIGHT="67" WIDTH="130" VPOS="178" HPOS="780" CONTENT="Ils"/>
                  <SP HEIGHT="67" WIDTH="19" VPOS="178" HPOS="910"/>
                  <String HEIGHT="67" WIDTH="111" VPOS="178" HPOS="854" CONTENT="ne"/>
                  <SP HEIGHT="67" WIDTH="19" VPOS="178" HPOS="965"/>
                  <String HEIGHT="67"
                          WIDTH="204"
                          VPOS="178"
                          HPOS="910"
                          CONTENT="veulent"/>
                  <SP HEIGHT="67" WIDTH="19" VPOS="178" HPOS="1114"/>
                  <String HEIGHT="67"
                          WIDTH="186"
                          VPOS="178"
                          HPOS="1058"
                          CONTENT="point,"/>
                  <SP HEIGHT="67" WIDTH="19" VPOS="178" HPOS="1244"/>
                  <String HEIGHT="67"
                          WIDTH="260"
                          VPOS="178"
                          HPOS="1188"
                          CONTENT="cependant,"/>
                  <SP HEIGHT="67" WIDTH="19" VPOS="178" HPOS="1448"/>
                  <String HEIGHT="67"
                          WIDTH="204"
                          VPOS="178"
                          HPOS="1392"
                          CONTENT="devenir"/>
                  <SP HEIGHT="67" WIDTH="19" VPOS="178" HPOS="1597"/>
                  <String HEIGHT="67" WIDTH="111" VPOS="178" HPOS="1541" CONTENT="de"/>
                  <SP HEIGHT="67" WIDTH="19" VPOS="178" HPOS="1652"/>
                  <String HEIGHT="67"
                          WIDTH="167"
                          VPOS="178"
                          HPOS="1578"
                          CONTENT="simples"/>
               </TextLine>
               <TextLine ID="tl_4"
                         BASELINE="300"
                         HEIGHT="78"
                         WIDTH="1353"
                         VPOS="222"
                         HPOS="392">
                  <String HEIGHT="78"
                          WIDTH="264"
                          VPOS="222"
                          HPOS="374"
                          CONTENT="imitateurs."/>
                  <SP HEIGHT="78" WIDTH="18" VPOS="222" HPOS="638"/>
                  <String HEIGHT="78" WIDTH="105" VPOS="222" HPOS="585" CONTENT="Il"/>
                  <SP HEIGHT="78" WIDTH="18" VPOS="222" HPOS="691"/>
                  <String HEIGHT="78" WIDTH="105" VPOS="222" HPOS="638" CONTENT="ne"/>
                  <SP HEIGHT="78" WIDTH="18" VPOS="222" HPOS="743"/>
                  <String HEIGHT="78"
                          WIDTH="141"
                          VPOS="222"
                          HPOS="691"
                          CONTENT="faut"/>
                  <SP HEIGHT="78" WIDTH="18" VPOS="222" HPOS="831"/>
                  <String HEIGHT="78" WIDTH="123" VPOS="222" HPOS="779" CONTENT="pas"/>
                  <SP HEIGHT="78" WIDTH="18" VPOS="222" HPOS="902"/>
                  <String HEIGHT="78"
                          WIDTH="193"
                          VPOS="222"
                          HPOS="849"
                          CONTENT="oublier"/>
                  <SP HEIGHT="78" WIDTH="18" VPOS="222" HPOS="1042"/>
                  <String HEIGHT="78" WIDTH="123" VPOS="222" HPOS="989" CONTENT="que"/>
                  <SP HEIGHT="78" WIDTH="18" VPOS="222" HPOS="1112"/>
                  <String HEIGHT="78"
                          WIDTH="141"
                          VPOS="222"
                          HPOS="1060"
                          CONTENT="dans"/>
                  <SP HEIGHT="78" WIDTH="18" VPOS="222" HPOS="1200"/>
                  <String HEIGHT="78"
                          WIDTH="141"
                          VPOS="222"
                          HPOS="1148"
                          CONTENT="leur"/>
                  <SP HEIGHT="78" WIDTH="18" VPOS="222" HPOS="1288"/>
                  <String HEIGHT="78"
                          WIDTH="141"
                          VPOS="222"
                          HPOS="1235"
                          CONTENT="sang"/>
                  <SP HEIGHT="78" WIDTH="18" VPOS="222" HPOS="1376"/>
                  <String HEIGHT="78"
                          WIDTH="176"
                          VPOS="222"
                          HPOS="1323"
                          CONTENT="survit"/>
                  <SP HEIGHT="78" WIDTH="18" VPOS="222" HPOS="1499"/>
                  <String HEIGHT="78" WIDTH="105" VPOS="222" HPOS="1446" CONTENT="un"/>
                  <SP HEIGHT="78" WIDTH="18" VPOS="222" HPOS="1552"/>
                  <String HEIGHT="78"
                          WIDTH="158"
                          VPOS="222"
                          HPOS="1499"
                          CONTENT="culte"/>
                  <SP HEIGHT="78" WIDTH="18" VPOS="222" HPOS="1657"/>
                  <String HEIGHT="78"
                          WIDTH="158"
                          VPOS="222"
                          HPOS="1587"
                          CONTENT="antique"/>
               </TextLine>
               <TextLine ID="tl_5"
                         BASELINE="339"
                         HEIGHT="64"
                         WIDTH="1355"
                         VPOS="275"
                         HPOS="390">
                  <String HEIGHT="64"
                          WIDTH="141"
                          VPOS="275"
                          HPOS="372"
                          CONTENT="pour"/>
                  <SP HEIGHT="64" WIDTH="18" VPOS="275" HPOS="513"/>
                  <String HEIGHT="64" WIDTH="123" VPOS="275" HPOS="460" CONTENT="les"/>
                  <SP HEIGHT="64" WIDTH="18" VPOS="275" HPOS="584"/>
                  <String HEIGHT="64"
                          WIDTH="194"
                          VPOS="275"
                          HPOS="531"
                          CONTENT="formes,"/>
                  <SP HEIGHT="64" WIDTH="18" VPOS="275" HPOS="724"/>
                  <String HEIGHT="64" WIDTH="106" VPOS="275" HPOS="672" CONTENT="le"/>
                  <SP HEIGHT="64" WIDTH="18" VPOS="275" HPOS="777"/>
                  <String HEIGHT="64"
                          WIDTH="264"
                          VPOS="275"
                          HPOS="724"
                          CONTENT="contrepoint"/>
                  <SP HEIGHT="64" WIDTH="18" VPOS="275" HPOS="988"/>
                  <String HEIGHT="64" WIDTH="106" VPOS="275" HPOS="936" CONTENT="de"/>
                  <SP HEIGHT="64" WIDTH="18" VPOS="275" HPOS="1041"/>
                  <String HEIGHT="64" WIDTH="106" VPOS="275" HPOS="988" CONTENT="la"/>
                  <SP HEIGHT="64" WIDTH="18" VPOS="275" HPOS="1094"/>
                  <String HEIGHT="64"
                          WIDTH="282"
                          VPOS="275"
                          HPOS="1041"
                          CONTENT="composition,"/>
                  <SP HEIGHT="64" WIDTH="18" VPOS="275" HPOS="1323"/>
                  <String HEIGHT="64" WIDTH="106" VPOS="275" HPOS="1270" CONTENT="la"/>
                  <SP HEIGHT="64" WIDTH="18" VPOS="275" HPOS="1375"/>
                  <String HEIGHT="64"
                          WIDTH="246"
                          VPOS="275"
                          HPOS="1323"
                          CONTENT="simplicité"/>
                  <SP HEIGHT="64" WIDTH="18" VPOS="275" HPOS="1569"/>
                  <String HEIGHT="64" WIDTH="106" VPOS="275" HPOS="1516" CONTENT="et"/>
                  <SP HEIGHT="64" WIDTH="18" VPOS="275" HPOS="1622"/>
                  <String HEIGHT="64" WIDTH="106" VPOS="275" HPOS="1569" CONTENT="la"/>
                  <SP HEIGHT="64" WIDTH="18" VPOS="275" HPOS="1675"/>
                  <String HEIGHT="64"
                          WIDTH="141"
                          VPOS="275"
                          HPOS="1604"
                          CONTENT="clarté"/>
               </TextLine>
               <TextLine ID="tl_6"
                         BASELINE="405"
                         HEIGHT="77"
                         WIDTH="1359"
                         VPOS="328"
                         HPOS="389">
                  <String HEIGHT="77" WIDTH="110" VPOS="328" HPOS="371" CONTENT="de"/>
                  <SP HEIGHT="77" WIDTH="18" VPOS="328" HPOS="481"/>
                  <String HEIGHT="77"
                          WIDTH="312"
                          VPOS="328"
                          HPOS="426"
                          CONTENT="l’expression."/>
                  <SP HEIGHT="77" WIDTH="18" VPOS="328" HPOS="738"/>
                  <String HEIGHT="77"
                          WIDTH="220"
                          VPOS="328"
                          HPOS="683"
                          CONTENT="Personne"/>
                  <SP HEIGHT="77" WIDTH="18" VPOS="328" HPOS="903"/>
                  <String HEIGHT="77" WIDTH="129" VPOS="328" HPOS="848" CONTENT="n’a"/>
                  <SP HEIGHT="77" WIDTH="18" VPOS="328" HPOS="977"/>
                  <String HEIGHT="77"
                          WIDTH="184"
                          VPOS="328"
                          HPOS="922"
                          CONTENT="jamais"/>
                  <SP HEIGHT="77" WIDTH="18" VPOS="328" HPOS="1105"/>
                  <String HEIGHT="77"
                          WIDTH="129"
                          VPOS="328"
                          HPOS="1050"
                          CONTENT="mis"/>
                  <SP HEIGHT="77" WIDTH="18" VPOS="328" HPOS="1179"/>
                  <String HEIGHT="77" WIDTH="110" VPOS="328" HPOS="1124" CONTENT="en"/>
                  <SP HEIGHT="77" WIDTH="18" VPOS="328" HPOS="1234"/>
                  <String HEIGHT="77"
                          WIDTH="165"
                          VPOS="328"
                          HPOS="1179"
                          CONTENT="doute"/>
                  <SP HEIGHT="77" WIDTH="18" VPOS="328" HPOS="1344"/>
                  <String HEIGHT="77" WIDTH="110" VPOS="328" HPOS="1289" CONTENT="la"/>
                  <SP HEIGHT="77" WIDTH="18" VPOS="328" HPOS="1399"/>
                  <String HEIGHT="77"
                          WIDTH="165"
                          VPOS="328"
                          HPOS="1344"
                          CONTENT="vertu"/>
                  <SP HEIGHT="77" WIDTH="18" VPOS="328" HPOS="1509"/>
                  <String HEIGHT="77"
                          WIDTH="129"
                          VPOS="328"
                          HPOS="1454"
                          CONTENT="qui"/>
                  <SP HEIGHT="77" WIDTH="18" VPOS="328" HPOS="1583"/>
                  <String HEIGHT="77"
                          WIDTH="184"
                          VPOS="328"
                          HPOS="1528"
                          CONTENT="existe"/>
                  <SP HEIGHT="77" WIDTH="18" VPOS="328" HPOS="1711"/>
                  <String HEIGHT="77"
                          WIDTH="110"
                          VPOS="328"
                          HPOS="1638"
                          CONTENT="dans"/>
               </TextLine>
               <TextLine ID="tl_7"
                         BASELINE="430"
                         HEIGHT="60"
                         WIDTH="301"
                         VPOS="370"
                         HPOS="389">
                  <String HEIGHT="60" WIDTH="100" VPOS="370" HPOS="372" CONTENT="ce"/>
                  <SP HEIGHT="60" WIDTH="17" VPOS="370" HPOS="473"/>
                  <String HEIGHT="60"
                          WIDTH="151"
                          VPOS="370"
                          HPOS="422"
                          CONTENT="vieil"/>
                  <SP HEIGHT="60" WIDTH="17" VPOS="370" HPOS="573"/>
                  <String HEIGHT="60"
                          WIDTH="184"
                          VPOS="370"
                          HPOS="506"
                          CONTENT="héritage."/>
               </TextLine>
            </TextBlock>
            <TextBlock ID="r_2_2" HEIGHT="606" WIDTH="1356" VPOS="434" HPOS="385">
               <Shape>
                  <Polygon POINTS="385,434 1741,434 1741,1040 385,1040"/>
               </Shape>
               <TextLine ID="tl_8"
                         BASELINE="500"
                         HEIGHT="81"
                         WIDTH="1328"
                         VPOS="419"
                         HPOS="420">
                  <String HEIGHT="81"
                          WIDTH="136"
                          VPOS="419"
                          HPOS="403"
                          CONTENT="Bien"/>
                  <SP HEIGHT="81" WIDTH="17" VPOS="419" HPOS="539"/>
                  <String HEIGHT="81"
                          WIDTH="153"
                          VPOS="419"
                          HPOS="488"
                          CONTENT="qu’il"/>
                  <SP HEIGHT="81" WIDTH="17" VPOS="419" HPOS="641"/>
                  <String HEIGHT="81" WIDTH="85" VPOS="419" HPOS="590" CONTENT="y"/>
                  <SP HEIGHT="81" WIDTH="17" VPOS="419" HPOS="675"/>
                  <String HEIGHT="81" WIDTH="119" VPOS="419" HPOS="624" CONTENT="ait"/>
                  <SP HEIGHT="81" WIDTH="17" VPOS="419" HPOS="743"/>
                  <String HEIGHT="81" WIDTH="119" VPOS="419" HPOS="692" CONTENT="des"/>
                  <SP HEIGHT="81" WIDTH="17" VPOS="419" HPOS="812"/>
                  <String HEIGHT="81"
                          WIDTH="204"
                          VPOS="419"
                          HPOS="761"
                          CONTENT="peintres"/>
                  <SP HEIGHT="81" WIDTH="17" VPOS="419" HPOS="965"/>
                  <String HEIGHT="81"
                          WIDTH="238"
                          VPOS="419"
                          HPOS="914"
                          CONTENT="excellents"/>
                  <SP HEIGHT="81" WIDTH="17" VPOS="419" HPOS="1152"/>
                  <String HEIGHT="81" WIDTH="102" VPOS="419" HPOS="1101" CONTENT="de"/>
                  <SP HEIGHT="81" WIDTH="17" VPOS="419" HPOS="1203"/>
                  <String HEIGHT="81"
                          WIDTH="153"
                          VPOS="419"
                          HPOS="1152"
                          CONTENT="l’art"/>
                  <SP HEIGHT="81" WIDTH="17" VPOS="419" HPOS="1305"/>
                  <String HEIGHT="81"
                          WIDTH="221"
                          VPOS="419"
                          HPOS="1254"
                          CONTENT="abstrait,"/>
                  <SP HEIGHT="81" WIDTH="17" VPOS="419" HPOS="1476"/>
                  <String HEIGHT="81" WIDTH="102" VPOS="419" HPOS="1425" CONTENT="il"/>
                  <SP HEIGHT="81" WIDTH="17" VPOS="419" HPOS="1527"/>
                  <String HEIGHT="81"
                          WIDTH="119"
                          VPOS="419"
                          HPOS="1476"
                          CONTENT="est"/>
                  <SP HEIGHT="81" WIDTH="17" VPOS="419" HPOS="1595"/>
                  <String HEIGHT="81" WIDTH="85" VPOS="419" HPOS="1544" CONTENT="à"/>
                  <SP HEIGHT="81" WIDTH="17" VPOS="419" HPOS="1629"/>
                  <String HEIGHT="81"
                          WIDTH="187"
                          VPOS="419"
                          HPOS="1561"
                          CONTENT="remarquer"/>
               </TextLine>
               <TextLine ID="tl_9"
                         BASELINE="540"
                         HEIGHT="61"
                         WIDTH="1358"
                         VPOS="479"
                         HPOS="388">
                  <String HEIGHT="61" WIDTH="130" VPOS="479" HPOS="369" CONTENT="que"/>
                  <SP HEIGHT="61" WIDTH="19" VPOS="479" HPOS="500"/>
                  <String HEIGHT="61" WIDTH="130" VPOS="479" HPOS="444" CONTENT="nos"/>
                  <SP HEIGHT="61" WIDTH="19" VPOS="479" HPOS="574"/>
                  <String HEIGHT="61"
                          WIDTH="186"
                          VPOS="479"
                          HPOS="518"
                          CONTENT="jeunes"/>
                  <SP HEIGHT="61" WIDTH="19" VPOS="479" HPOS="704"/>
                  <String HEIGHT="61" WIDTH="112" VPOS="479" HPOS="648" CONTENT="ne"/>
                  <SP HEIGHT="61" WIDTH="19" VPOS="479" HPOS="760"/>
                  <String HEIGHT="61"
                          WIDTH="205"
                          VPOS="479"
                          HPOS="704"
                          CONTENT="suivent"/>
                  <SP HEIGHT="61" WIDTH="19" VPOS="479" HPOS="909"/>
                  <String HEIGHT="61" WIDTH="130" VPOS="479" HPOS="853" CONTENT="pas"/>
                  <SP HEIGHT="61" WIDTH="19" VPOS="479" HPOS="983"/>
                  <String HEIGHT="61"
                          WIDTH="149"
                          VPOS="479"
                          HPOS="927"
                          CONTENT="tous"/>
                  <SP HEIGHT="61" WIDTH="19" VPOS="479" HPOS="1076"/>
                  <String HEIGHT="61"
                          WIDTH="149"
                          VPOS="479"
                          HPOS="1020"
                          CONTENT="sans"/>
                  <SP HEIGHT="61" WIDTH="19" VPOS="479" HPOS="1169"/>
                  <String HEIGHT="61"
                          WIDTH="223"
                          VPOS="479"
                          HPOS="1114"
                          CONTENT="réserves"/>
                  <SP HEIGHT="61" WIDTH="19" VPOS="479" HPOS="1337"/>
                  <String HEIGHT="61" WIDTH="112" VPOS="479" HPOS="1281" CONTENT="un"/>
                  <SP HEIGHT="61" WIDTH="19" VPOS="479" HPOS="1393"/>
                  <String HEIGHT="61"
                          WIDTH="260"
                          VPOS="479"
                          HPOS="1337"
                          CONTENT="extrémisme"/>
                  <SP HEIGHT="61" WIDTH="19" VPOS="479" HPOS="1597"/>
                  <String HEIGHT="61"
                          WIDTH="186"
                          VPOS="479"
                          HPOS="1541"
                          CONTENT="outré."/>
                  <SP HEIGHT="61" WIDTH="19" VPOS="479" HPOS="1727"/>
                  <String HEIGHT="61" WIDTH="93" VPOS="479" HPOS="1653" CONTENT="Ils"/>
               </TextLine>
               <TextLine ID="tl_10"
                         BASELINE="597"
                         HEIGHT="58"
                         WIDTH="1362"
                         VPOS="539"
                         HPOS="385">
                  <String HEIGHT="58"
                          WIDTH="265"
                          VPOS="539"
                          HPOS="366"
                          CONTENT="acceptent,"/>
                  <SP HEIGHT="58" WIDTH="19" VPOS="539" HPOS="631"/>
                  <String HEIGHT="58"
                          WIDTH="246"
                          VPOS="539"
                          HPOS="574"
                          CONTENT="sûrement,"/>
                  <SP HEIGHT="58" WIDTH="19" VPOS="539" HPOS="820"/>
                  <String HEIGHT="58" WIDTH="132" VPOS="539" HPOS="763" CONTENT="des"/>
                  <SP HEIGHT="58" WIDTH="19" VPOS="539" HPOS="896"/>
                  <String HEIGHT="58"
                          WIDTH="284"
                          VPOS="539"
                          HPOS="839"
                          CONTENT="influences,"/>
                  <SP HEIGHT="58" WIDTH="19" VPOS="539" HPOS="1123"/>
                  <String HEIGHT="58"
                          WIDTH="151"
                          VPOS="539"
                          HPOS="1066"
                          CONTENT="mais"/>
                  <SP HEIGHT="58" WIDTH="19" VPOS="539" HPOS="1217"/>
                  <String HEIGHT="58"
                          WIDTH="132"
                          VPOS="539"
                          HPOS="1161"
                          CONTENT="ils"/>
                  <SP HEIGHT="58" WIDTH="19" VPOS="539" HPOS="1293"/>
                  <String HEIGHT="58"
                          WIDTH="227"
                          VPOS="539"
                          HPOS="1236"
                          CONTENT="refusent"/>
                  <SP HEIGHT="58" WIDTH="19" VPOS="539" HPOS="1463"/>
                  <String HEIGHT="58" WIDTH="114" VPOS="539" HPOS="1407" CONTENT="de"/>
                  <SP HEIGHT="58" WIDTH="19" VPOS="539" HPOS="1520"/>
                  <String HEIGHT="58" WIDTH="114" VPOS="539" HPOS="1463" CONTENT="se"/>
                  <SP HEIGHT="58" WIDTH="19" VPOS="539" HPOS="1577"/>
                  <String HEIGHT="58"
                          WIDTH="246"
                          VPOS="539"
                          HPOS="1520"
                          CONTENT="soumettre"/>
                  <SP HEIGHT="58" WIDTH="19" VPOS="539" HPOS="1766"/>
                  <String HEIGHT="58" WIDTH="57" VPOS="539" HPOS="1690" CONTENT="à"/>
               </TextLine>
               <TextLine ID="tl_11"
                         BASELINE="642"
                         HEIGHT="64"
                         WIDTH="1361"
                         VPOS="578"
                         HPOS="386">
                  <String HEIGHT="64" WIDTH="125" VPOS="578" HPOS="368" CONTENT="des"/>
                  <SP HEIGHT="64" WIDTH="18" VPOS="578" HPOS="493"/>
                  <String HEIGHT="64"
                          WIDTH="197"
                          VPOS="578"
                          HPOS="440"
                          CONTENT="ordres."/>
                  <SP HEIGHT="64" WIDTH="18" VPOS="578" HPOS="637"/>
                  <String HEIGHT="64" WIDTH="107" VPOS="578" HPOS="583" CONTENT="On"/>
                  <SP HEIGHT="64" WIDTH="18" VPOS="578" HPOS="690"/>
                  <String HEIGHT="64" WIDTH="107" VPOS="578" HPOS="637" CONTENT="ne"/>
                  <SP HEIGHT="64" WIDTH="18" VPOS="578" HPOS="744"/>
                  <String HEIGHT="64"
                          WIDTH="215"
                          VPOS="578"
                          HPOS="690"
                          CONTENT="pourrait"/>
                  <SP HEIGHT="64" WIDTH="18" VPOS="578" HPOS="905"/>
                  <String HEIGHT="64" WIDTH="125" VPOS="578" HPOS="852" CONTENT="pas"/>
                  <SP HEIGHT="64" WIDTH="18" VPOS="578" HPOS="977"/>
                  <String HEIGHT="64" WIDTH="125" VPOS="578" HPOS="923" CONTENT="non"/>
                  <SP HEIGHT="64" WIDTH="18" VPOS="578" HPOS="1049"/>
                  <String HEIGHT="64"
                          WIDTH="143"
                          VPOS="578"
                          HPOS="995"
                          CONTENT="plus"/>
                  <SP HEIGHT="64" WIDTH="18" VPOS="578" HPOS="1138"/>
                  <String HEIGHT="64"
                          WIDTH="233"
                          VPOS="578"
                          HPOS="1084"
                          CONTENT="qualifier"/>
                  <SP HEIGHT="64" WIDTH="18" VPOS="578" HPOS="1317"/>
                  <String HEIGHT="64" WIDTH="107" VPOS="578" HPOS="1263" CONTENT="de"/>
                  <SP HEIGHT="64" WIDTH="18" VPOS="578" HPOS="1371"/>
                  <String HEIGHT="64"
                          WIDTH="304"
                          VPOS="578"
                          HPOS="1317"
                          CONTENT="conservatisme"/>
                  <SP HEIGHT="64" WIDTH="18" VPOS="578" HPOS="1622"/>
                  <String HEIGHT="64"
                          WIDTH="125"
                          VPOS="578"
                          HPOS="1568"
                          CONTENT="une"/>
                  <SP HEIGHT="64" WIDTH="18" VPOS="578" HPOS="1693"/>
                  <String HEIGHT="64"
                          WIDTH="125"
                          VPOS="578"
                          HPOS="1622"
                          CONTENT="chose"/>
               </TextLine>
               <TextLine ID="tl_12"
                         BASELINE="692"
                         HEIGHT="57"
                         WIDTH="1363"
                         VPOS="635"
                         HPOS="385">
                  <String HEIGHT="57" WIDTH="131" VPOS="635" HPOS="366" CONTENT="qui"/>
                  <SP HEIGHT="57" WIDTH="19" VPOS="635" HPOS="497"/>
                  <String HEIGHT="57" WIDTH="131" VPOS="635" HPOS="441" CONTENT="est"/>
                  <SP HEIGHT="57" WIDTH="19" VPOS="635" HPOS="572"/>
                  <String HEIGHT="57"
                          WIDTH="149"
                          VPOS="635"
                          HPOS="516"
                          CONTENT="tout"/>
                  <SP HEIGHT="57" WIDTH="19" VPOS="635" HPOS="665"/>
                  <String HEIGHT="57"
                          WIDTH="261"
                          VPOS="635"
                          HPOS="609"
                          CONTENT="simplement"/>
                  <SP HEIGHT="57" WIDTH="19" VPOS="635" HPOS="870"/>
                  <String HEIGHT="57" WIDTH="112" VPOS="635" HPOS="814" CONTENT="de"/>
                  <SP HEIGHT="57" WIDTH="19" VPOS="635" HPOS="926"/>
                  <String HEIGHT="57" WIDTH="112" VPOS="635" HPOS="870" CONTENT="la"/>
                  <SP HEIGHT="57" WIDTH="19" VPOS="635" HPOS="982"/>
                  <String HEIGHT="57"
                          WIDTH="205"
                          VPOS="635"
                          HPOS="926"
                          CONTENT="sagesse"/>
                  <SP HEIGHT="57" WIDTH="19" VPOS="635" HPOS="1132"/>
                  <String HEIGHT="57"
                          WIDTH="168"
                          VPOS="635"
                          HPOS="1076"
                          CONTENT="innée"/>
                  <SP HEIGHT="57" WIDTH="19" VPOS="635" HPOS="1244"/>
                  <String HEIGHT="57" WIDTH="112" VPOS="635" HPOS="1188" CONTENT="et"/>
                  <SP HEIGHT="57" WIDTH="19" VPOS="635" HPOS="1300"/>
                  <String HEIGHT="57"
                          WIDTH="224"
                          VPOS="635"
                          HPOS="1244"
                          CONTENT="inavouée"/>
                  <SP HEIGHT="57" WIDTH="19" VPOS="635" HPOS="1468"/>
                  <String HEIGHT="57" WIDTH="93" VPOS="635" HPOS="1412" CONTENT=":"/>
                  <SP HEIGHT="57" WIDTH="19" VPOS="635" HPOS="1505"/>
                  <String HEIGHT="57" WIDTH="112" VPOS="635" HPOS="1449" CONTENT="ne"/>
                  <SP HEIGHT="57" WIDTH="19" VPOS="635" HPOS="1561"/>
                  <String HEIGHT="57"
                          WIDTH="131"
                          VPOS="635"
                          HPOS="1505"
                          CONTENT="pas"/>
                  <SP HEIGHT="57" WIDTH="19" VPOS="635" HPOS="1636"/>
                  <String HEIGHT="57"
                          WIDTH="187"
                          VPOS="635"
                          HPOS="1561"
                          CONTENT="vouloir"
                          SUBS_TYPE="HypPart1"
                          SUBS_CONTENT="vouloirabandonner"/>
                  <HYP CONTENT="-"/>
               </TextLine>
               <TextLine ID="tl_13"
                         BASELINE="749"
                         HEIGHT="67"
                         WIDTH="1363"
                         VPOS="682"
                         HPOS="383">
                  <String HEIGHT="67"
                          WIDTH="245"
                          VPOS="682"
                          HPOS="366"
                          CONTENT="abandonner"
                          SUBS_TYPE="HypPart2"
                          SUBS_CONTENT="vouloirabandonner"/>
                  <SP HEIGHT="67" WIDTH="17" VPOS="682" HPOS="610"/>
                  <String HEIGHT="67"
                          WIDTH="192"
                          VPOS="682"
                          HPOS="558"
                          CONTENT="l’objet"/>
                  <SP HEIGHT="67" WIDTH="17" VPOS="682" HPOS="750"/>
                  <String HEIGHT="67"
                          WIDTH="157"
                          VPOS="682"
                          HPOS="698"
                          CONTENT="avant"/>
                  <SP HEIGHT="67" WIDTH="17" VPOS="682" HPOS="855"/>
                  <String HEIGHT="67"
                          WIDTH="192"
                          VPOS="682"
                          HPOS="802"
                          CONTENT="d’avoir"/>
                  <SP HEIGHT="67" WIDTH="17" VPOS="682" HPOS="995"/>
                  <String HEIGHT="67"
                          WIDTH="175"
                          VPOS="682"
                          HPOS="942"
                          CONTENT="épuisé"/>
                  <SP HEIGHT="67" WIDTH="17" VPOS="682" HPOS="1117"/>
                  <String HEIGHT="67"
                          WIDTH="140"
                          VPOS="682"
                          HPOS="1065"
                          CONTENT="tout"/>
                  <SP HEIGHT="67" WIDTH="17" VPOS="682" HPOS="1204"/>
                  <String HEIGHT="67"
                          WIDTH="192"
                          VPOS="682"
                          HPOS="1152"
                          CONTENT="rapport"/>
                  <SP HEIGHT="67" WIDTH="17" VPOS="682" HPOS="1344"/>
                  <String HEIGHT="67"
                          WIDTH="210"
                          VPOS="682"
                          HPOS="1292"
                          CONTENT="possible"/>
                  <SP HEIGHT="67" WIDTH="17" VPOS="682" HPOS="1501"/>
                  <String HEIGHT="67"
                          WIDTH="140"
                          VPOS="682"
                          HPOS="1449"
                          CONTENT="avec"/>
                  <SP HEIGHT="67" WIDTH="17" VPOS="682" HPOS="1589"/>
                  <String HEIGHT="67" WIDTH="105" VPOS="682" HPOS="1536" CONTENT="ce"/>
                  <SP HEIGHT="67" WIDTH="17" VPOS="682" HPOS="1641"/>
                  <String HEIGHT="67"
                          WIDTH="175"
                          VPOS="682"
                          HPOS="1571"
                          CONTENT="dernier,"/>
               </TextLine>
               <TextLine ID="tl_14"
                         BASELINE="795"
                         HEIGHT="63"
                         WIDTH="1365"
                         VPOS="732"
                         HPOS="382">
                  <String HEIGHT="63"
                          WIDTH="166"
                          VPOS="732"
                          HPOS="364"
                          CONTENT="avant"/>
                  <SP HEIGHT="63" WIDTH="18" VPOS="732" HPOS="530"/>
                  <String HEIGHT="63" WIDTH="111" VPOS="732" HPOS="474" CONTENT="de"/>
                  <SP HEIGHT="63" WIDTH="18" VPOS="732" HPOS="585"/>
                  <String HEIGHT="63"
                          WIDTH="203"
                          VPOS="732"
                          HPOS="530"
                          CONTENT="l’avoir"/>
                  <SP HEIGHT="63" WIDTH="18" VPOS="732" HPOS="732"/>
                  <String HEIGHT="63"
                          WIDTH="258"
                          VPOS="732"
                          HPOS="677"
                          CONTENT="absolument"/>
                  <SP HEIGHT="63" WIDTH="18" VPOS="732" HPOS="935"/>
                  <String HEIGHT="63"
                          WIDTH="203"
                          VPOS="732"
                          HPOS="880"
                          CONTENT="soumis."/>
                  <SP HEIGHT="63" WIDTH="18" VPOS="732" HPOS="1083"/>
                  <String HEIGHT="63"
                          WIDTH="332"
                          VPOS="732"
                          HPOS="1028"
                          CONTENT="Naturellement,"/>
                  <SP HEIGHT="63" WIDTH="18" VPOS="732" HPOS="1360"/>
                  <String HEIGHT="63"
                          WIDTH="166"
                          VPOS="732"
                          HPOS="1304"
                          CONTENT="aucun"/>
                  <SP HEIGHT="63" WIDTH="18" VPOS="732" HPOS="1470"/>
                  <String HEIGHT="63"
                          WIDTH="203"
                          VPOS="732"
                          HPOS="1415"
                          CONTENT="d’entre"/>
                  <SP HEIGHT="63" WIDTH="18" VPOS="732" HPOS="1618"/>
                  <String HEIGHT="63"
                          WIDTH="129"
                          VPOS="732"
                          HPOS="1563"
                          CONTENT="eux"/>
                  <SP HEIGHT="63" WIDTH="18" VPOS="732" HPOS="1692"/>
                  <String HEIGHT="63"
                          WIDTH="129"
                          VPOS="732"
                          HPOS="1618"
                          CONTENT="n’est"/>
               </TextLine>
               <TextLine ID="tl_15"
                         BASELINE="858"
                         HEIGHT="80"
                         WIDTH="1366"
                         VPOS="778"
                         HPOS="382">
                  <String HEIGHT="80"
                          WIDTH="266"
                          VPOS="778"
                          HPOS="364"
                          CONTENT="naturaliste"/>
                  <SP HEIGHT="80" WIDTH="18" VPOS="778" HPOS="630"/>
                  <String HEIGHT="80" WIDTH="106" VPOS="778" HPOS="577" CONTENT="et"/>
                  <SP HEIGHT="80" WIDTH="18" VPOS="778" HPOS="684"/>
                  <String HEIGHT="80"
                          WIDTH="142"
                          VPOS="778"
                          HPOS="630"
                          CONTENT="tous"/>
                  <SP HEIGHT="80" WIDTH="18" VPOS="778" HPOS="772"/>
                  <String HEIGHT="80"
                          WIDTH="195"
                          VPOS="778"
                          HPOS="719"
                          CONTENT="tendent"/>
                  <SP HEIGHT="80" WIDTH="18" VPOS="778" HPOS="914"/>
                  <String HEIGHT="80"
                          WIDTH="142"
                          VPOS="778"
                          HPOS="861"
                          CONTENT="vers"/>
                  <SP HEIGHT="80" WIDTH="18" VPOS="778" HPOS="1003"/>
                  <String HEIGHT="80" WIDTH="106" VPOS="778" HPOS="950" CONTENT="la"/>
                  <SP HEIGHT="80" WIDTH="18" VPOS="778" HPOS="1056"/>
                  <String HEIGHT="80"
                          WIDTH="319"
                          VPOS="778"
                          HPOS="1003"
                          CONTENT="simplification"/>
                  <SP HEIGHT="80" WIDTH="18" VPOS="778" HPOS="1322"/>
                  <String HEIGHT="80" WIDTH="106" VPOS="778" HPOS="1269" CONTENT="et"/>
                  <SP HEIGHT="80" WIDTH="18" VPOS="778" HPOS="1375"/>
                  <String HEIGHT="80"
                          WIDTH="319"
                          VPOS="778"
                          HPOS="1322"
                          CONTENT="l’abstraction."/>
                  <SP HEIGHT="80" WIDTH="18" VPOS="778" HPOS="1642"/>
                  <String HEIGHT="80"
                          WIDTH="142"
                          VPOS="778"
                          HPOS="1588"
                          CONTENT="Mais"/>
                  <SP HEIGHT="80" WIDTH="18" VPOS="778" HPOS="1730"/>
                  <String HEIGHT="80" WIDTH="89" VPOS="778" HPOS="1659" CONTENT="ils"/>
               </TextLine>
               <TextLine ID="tl_16"
                         BASELINE="905"
                         HEIGHT="69"
                         WIDTH="1369"
                         VPOS="836"
                         HPOS="380">
                  <String HEIGHT="69"
                          WIDTH="173"
                          VPOS="836"
                          HPOS="363"
                          CONTENT="savent"/>
                  <SP HEIGHT="69" WIDTH="17" VPOS="836" HPOS="536"/>
                  <String HEIGHT="69" WIDTH="121" VPOS="836" HPOS="484" CONTENT="que"/>
                  <SP HEIGHT="69" WIDTH="17" VPOS="836" HPOS="605"/>
                  <String HEIGHT="69"
                          WIDTH="139"
                          VPOS="836"
                          HPOS="553"
                          CONTENT="l’on"/>
                  <SP HEIGHT="69" WIDTH="17" VPOS="836" HPOS="692"/>
                  <String HEIGHT="69"
                          WIDTH="208"
                          VPOS="836"
                          HPOS="640"
                          CONTENT="abstrait"/>
                  <SP HEIGHT="69" WIDTH="17" VPOS="836" HPOS="848"/>
                  <String HEIGHT="69"
                          WIDTH="139"
                          VPOS="836"
                          HPOS="796"
                          CONTENT="bien"/>
                  <SP HEIGHT="69" WIDTH="17" VPOS="836" HPOS="935"/>
                  <String HEIGHT="69" WIDTH="104" VPOS="836" HPOS="883" CONTENT="ce"/>
                  <SP HEIGHT="69" WIDTH="17" VPOS="836" HPOS="987"/>
                  <String HEIGHT="69" WIDTH="121" VPOS="836" HPOS="935" CONTENT="que"/>
                  <SP HEIGHT="69" WIDTH="17" VPOS="836" HPOS="1056"/>
                  <String HEIGHT="69"
                          WIDTH="139"
                          VPOS="836"
                          HPOS="1004"
                          CONTENT="l’on"/>
                  <SP HEIGHT="69" WIDTH="17" VPOS="836" HPOS="1142"/>
                  <String HEIGHT="69"
                          WIDTH="191"
                          VPOS="836"
                          HPOS="1090"
                          CONTENT="connaît"/>
                  <SP HEIGHT="69" WIDTH="17" VPOS="836" HPOS="1281"/>
                  <String HEIGHT="69"
                          WIDTH="156"
                          VPOS="836"
                          HPOS="1229"
                          CONTENT="bien."/>
                  <SP HEIGHT="69" WIDTH="17" VPOS="836" HPOS="1385"/>
                  <String HEIGHT="69" WIDTH="104" VPOS="836" HPOS="1333" CONTENT="Et"/>
                  <SP HEIGHT="69" WIDTH="17" VPOS="836" HPOS="1437"/>
                  <String HEIGHT="69"
                          WIDTH="121"
                          VPOS="836"
                          HPOS="1385"
                          CONTENT="ils"/>
                  <SP HEIGHT="69" WIDTH="17" VPOS="836" HPOS="1506"/>
                  <String HEIGHT="69"
                          WIDTH="173"
                          VPOS="836"
                          HPOS="1454"
                          CONTENT="savent"/>
                  <SP HEIGHT="69" WIDTH="17" VPOS="836" HPOS="1628"/>
                  <String HEIGHT="69"
                          WIDTH="156"
                          VPOS="836"
                          HPOS="1576"
                          CONTENT="aussi"/>
                  <SP HEIGHT="69" WIDTH="17" VPOS="836" HPOS="1732"/>
                  <String HEIGHT="69" WIDTH="87" VPOS="836" HPOS="1662" CONTENT="que"/>
               </TextLine>
               <TextLine ID="tl_17"
                         BASELINE="962"
                         HEIGHT="72"
                         WIDTH="1368"
                         VPOS="890"
                         HPOS="379">
                  <String HEIGHT="72" WIDTH="107" VPOS="890" HPOS="361" CONTENT="si"/>
                  <SP HEIGHT="72" WIDTH="18" VPOS="890" HPOS="468"/>
                  <String HEIGHT="72"
                          WIDTH="142"
                          VPOS="890"
                          HPOS="415"
                          CONTENT="l’on"/>
                  <SP HEIGHT="72" WIDTH="18" VPOS="890" HPOS="557"/>
                  <String HEIGHT="72"
                          WIDTH="160"
                          VPOS="890"
                          HPOS="503"
                          CONTENT="passe"/>
                  <SP HEIGHT="72" WIDTH="18" VPOS="890" HPOS="663"/>
                  <String HEIGHT="72"
                          WIDTH="142"
                          VPOS="890"
                          HPOS="610"
                          CONTENT="vite"/>
                  <SP HEIGHT="72" WIDTH="18" VPOS="890" HPOS="752"/>
                  <String HEIGHT="72" WIDTH="107" VPOS="890" HPOS="699" CONTENT="et"/>
                  <SP HEIGHT="72" WIDTH="18" VPOS="890" HPOS="805"/>
                  <String HEIGHT="72"
                          WIDTH="142"
                          VPOS="890"
                          HPOS="752"
                          CONTENT="sans"/>
                  <SP HEIGHT="72" WIDTH="18" VPOS="890" HPOS="894"/>
                  <String HEIGHT="72"
                          WIDTH="213"
                          VPOS="890"
                          HPOS="841"
                          CONTENT="maturité"/>
                  <SP HEIGHT="72" WIDTH="18" VPOS="890" HPOS="1054"/>
                  <String HEIGHT="72" WIDTH="89" VPOS="890" HPOS="1001" CONTENT="à"/>
                  <SP HEIGHT="72" WIDTH="18" VPOS="890" HPOS="1090"/>
                  <String HEIGHT="72"
                          WIDTH="284"
                          VPOS="890"
                          HPOS="1036"
                          CONTENT="l’expression"/>
                  <SP HEIGHT="72" WIDTH="18" VPOS="890" HPOS="1321"/>
                  <String HEIGHT="72"
                          WIDTH="231"
                          VPOS="890"
                          HPOS="1267"
                          CONTENT="abstraite"/>
                  <SP HEIGHT="72" WIDTH="18" VPOS="890" HPOS="1498"/>
                  <String HEIGHT="72" WIDTH="107" VPOS="890" HPOS="1445" CONTENT="ce"/>
                  <SP HEIGHT="72" WIDTH="18" VPOS="890" HPOS="1552"/>
                  <String HEIGHT="72"
                          WIDTH="160"
                          VPOS="890"
                          HPOS="1498"
                          CONTENT="n’est"/>
                  <SP HEIGHT="72" WIDTH="18" VPOS="890" HPOS="1658"/>
                  <String HEIGHT="72"
                          WIDTH="124"
                          VPOS="890"
                          HPOS="1605"
                          CONTENT="pas"/>
                  <SP HEIGHT="72" WIDTH="18" VPOS="890" HPOS="1729"/>
                  <String HEIGHT="72" WIDTH="89" VPOS="890" HPOS="1658" CONTENT="une"/>
               </TextLine>
               <TextLine ID="tl_18"
                         BASELINE="1004"
                         HEIGHT="70"
                         WIDTH="1368"
                         VPOS="934"
                         HPOS="379">
                  <String HEIGHT="70"
                          WIDTH="185"
                          VPOS="934"
                          HPOS="361"
                          CONTENT="preuve"/>
                  <SP HEIGHT="70" WIDTH="18" VPOS="934" HPOS="545"/>
                  <String HEIGHT="70"
                          WIDTH="296"
                          VPOS="934"
                          HPOS="490"
                          CONTENT="convaincante"/>
                  <SP HEIGHT="70" WIDTH="18" VPOS="934" HPOS="786"/>
                  <String HEIGHT="70"
                          WIDTH="166"
                          VPOS="934"
                          HPOS="730"
                          CONTENT="qu’on"/>
                  <SP HEIGHT="70" WIDTH="18" VPOS="934" HPOS="897"/>
                  <String HEIGHT="70" WIDTH="92" VPOS="934" HPOS="841" CONTENT="a"/>
                  <SP HEIGHT="70" WIDTH="18" VPOS="934" HPOS="934"/>
                  <String HEIGHT="70" WIDTH="129" VPOS="934" HPOS="878" CONTENT="été"/>
                  <SP HEIGHT="70" WIDTH="18" VPOS="934" HPOS="1008"/>
                  <String HEIGHT="70"
                          WIDTH="185"
                          VPOS="934"
                          HPOS="952"
                          CONTENT="libéré"/>
                  <SP HEIGHT="70" WIDTH="18" VPOS="934" HPOS="1137"/>
                  <String HEIGHT="70" WIDTH="111" VPOS="934" HPOS="1081" CONTENT="du"/>
                  <SP HEIGHT="70" WIDTH="18" VPOS="934" HPOS="1192"/>
                  <String HEIGHT="70"
                          WIDTH="259"
                          VPOS="934"
                          HPOS="1137"
                          CONTENT="bavardage."/>
                  <SP HEIGHT="70" WIDTH="18" VPOS="934" HPOS="1396"/>
                  <String HEIGHT="70" WIDTH="111" VPOS="934" HPOS="1340" CONTENT="On"/>
                  <SP HEIGHT="70" WIDTH="18" VPOS="934" HPOS="1451"/>
                  <String HEIGHT="70"
                          WIDTH="148"
                          VPOS="934"
                          HPOS="1396"
                          CONTENT="peut"/>
                  <SP HEIGHT="70" WIDTH="18" VPOS="934" HPOS="1544"/>
                  <String HEIGHT="70"
                          WIDTH="222"
                          VPOS="934"
                          HPOS="1488"
                          CONTENT="bavarder"/>
                  <SP HEIGHT="70" WIDTH="18" VPOS="934" HPOS="1710"/>
                  <String HEIGHT="70"
                          WIDTH="111"
                          VPOS="934"
                          HPOS="1636"
                          CONTENT="avec"/>
               </TextLine>
               <TextLine ID="tl_19"
                         BASELINE="1054"
                         HEIGHT="70"
                         WIDTH="1066"
                         VPOS="984"
                         HPOS="377">
                  <String HEIGHT="70" WIDTH="129" VPOS="984" HPOS="359" CONTENT="les"/>
                  <SP HEIGHT="70" WIDTH="18" VPOS="984" HPOS="487"/>
                  <String HEIGHT="70"
                          WIDTH="202"
                          VPOS="984"
                          HPOS="432"
                          CONTENT="simples"/>
                  <SP HEIGHT="70" WIDTH="18" VPOS="984" HPOS="634"/>
                  <String HEIGHT="70"
                          WIDTH="184"
                          VPOS="984"
                          HPOS="579"
                          CONTENT="lignes"/>
                  <SP HEIGHT="70" WIDTH="18" VPOS="984" HPOS="763"/>
                  <String HEIGHT="70" WIDTH="110" VPOS="984" HPOS="708" CONTENT="ou"/>
                  <SP HEIGHT="70" WIDTH="18" VPOS="984" HPOS="818"/>
                  <String HEIGHT="70"
                          WIDTH="147"
                          VPOS="984"
                          HPOS="763"
                          CONTENT="avec"/>
                  <SP HEIGHT="70" WIDTH="18" VPOS="984" HPOS="910"/>
                  <String HEIGHT="70" WIDTH="129" VPOS="984" HPOS="855" CONTENT="les"/>
                  <SP HEIGHT="70" WIDTH="18" VPOS="984" HPOS="984"/>
                  <String HEIGHT="70"
                          WIDTH="202"
                          VPOS="984"
                          HPOS="928"
                          CONTENT="simples"/>
                  <SP HEIGHT="70" WIDTH="18" VPOS="984" HPOS="1131"/>
                  <String HEIGHT="70"
                          WIDTH="184"
                          VPOS="984"
                          HPOS="1075"
                          CONTENT="taches"/>
                  <SP HEIGHT="70" WIDTH="18" VPOS="984" HPOS="1259"/>
                  <String HEIGHT="70" WIDTH="110" VPOS="984" HPOS="1204" CONTENT="de"/>
                  <SP HEIGHT="70" WIDTH="18" VPOS="984" HPOS="1314"/>
                  <String HEIGHT="70"
                          WIDTH="202"
                          VPOS="984"
                          HPOS="1241"
                          CONTENT="couleurs."/>
               </TextLine>
            </TextBlock>
            <TextBlock ID="r_3_1" HEIGHT="34" WIDTH="280" VPOS="1987" HPOS="1462">
               <Shape>
                  <Polygon POINTS="1462,1987 1742,1987 1742,2021 1462,2021"/>
               </Shape>
               <TextLine ID="tl_20"
                         BASELINE="2037"
                         HEIGHT="63"
                         WIDTH="295"
                         VPOS="1974"
                         HPOS="1454">
                  <String HEIGHT="63"
                          WIDTH="184"
                          VPOS="1974"
                          HPOS="1436"
                          CONTENT="Yannis"/>
                  <SP HEIGHT="63" WIDTH="18" VPOS="1974" HPOS="1620"/>
                  <String HEIGHT="63"
                          WIDTH="203"
                          VPOS="1974"
                          HPOS="1546"
                          CONTENT="Miliadis."/>
               </TextLine>
            </TextBlock>
            <TextBlock ID="r_4_1" HEIGHT="27" WIDTH="33" VPOS="2117" HPOS="441">
               <Shape>
                  <Polygon POINTS="441,2117 474,2117 474,2144 441,2144"/>
               </Shape>
               <TextLine ID="tl_21"
                         BASELINE="2157"
                         HEIGHT="60"
                         WIDTH="51"
                         VPOS="2097"
                         HPOS="433">
                  <String HEIGHT="60" WIDTH="102" VPOS="2097" HPOS="382" CONTENT="48"/>
               </TextLine>
            </TextBlock>
            <GraphicalElement ID="r_5" HEIGHT="6" WIDTH="376" VPOS="0" HPOS="1441"/>
            <GraphicalElement ID="r_6" HEIGHT="2" WIDTH="302" VPOS="0" HPOS="1088"/>
            <GraphicalElement ID="r_7" HEIGHT="3" WIDTH="311" VPOS="0" HPOS="736"/>
            <GraphicalElement ID="r_8" HEIGHT="2" WIDTH="311" VPOS="0" HPOS="383"/>
            <GraphicalElement ID="r_9" HEIGHT="3" WIDTH="289" VPOS="0" HPOS="52"/>
            <GraphicalElement ID="r_10" HEIGHT="3" WIDTH="208" VPOS="2202" HPOS="256"/>
            <GraphicalElement ID="r_11" HEIGHT="1" WIDTH="256" VPOS="2206" HPOS="938"/>
            <GraphicalElement ID="r_12" HEIGHT="1" WIDTH="204" VPOS="2206" HPOS="256"/>
            <GraphicalElement ID="r_13" HEIGHT="395" WIDTH="7" VPOS="1" HPOS="0"/>
            <GraphicalElement ID="r_14" HEIGHT="1423" WIDTH="8" VPOS="384" HPOS="0"/>
            <GraphicalElement ID="r_15" HEIGHT="334" WIDTH="3" VPOS="1824" HPOS="0"/>
         </PrintSpace>
      </Page>
   </Layout>
</alto>
