1818 2207
212 9 676 87 <b>TCHÉCOSLOVAQUIE</b>

590 437 233 76 Commissaire
777 437 171 76 Général
902 437 78 76 :
933 437 218 76 <b>Richard
1104 437 249 76 Wiesner</b>,
1290 437 156 76 Peintre.

435 711 166 84 C’est
545 711 129 84 une
619 711 184 84 simple
748 711 166 84 carte
858 711 111 84 de
914 711 184 84 visite
1043 711 129 84 que
1117 711 129 84 les
1190 711 184 84 jeunes
1319 711 221 84 artistes
1467 711 313 84 tchécoslovaques

399 788 221 60 envoient
564 788 92 60 à
601 788 184 60 Paris,
730 788 147 60 pour
822 788 221 60 exprimer
988 788 147 60 leur
1080 788 276 60 attachement
1301 788 92 60 à
1338 788 184 60 l’idée
1467 788 111 60 de
1504 788 276 60 collaboration

401 828 332 64 internationale,
680 828 122 64 qui
750 828 122 64 est
820 828 105 64 la
872 828 175 64 raison
994 828 175 64 d’être
1116 828 105 64 de
1169 828 157 64 cette
1274 828 227 64 Biennale.
1448 828 105 64 Il
1501 828 122 64 est
1570 828 192 64 évident
1693 828 87 64 que

399 888 142 51 leur
488 888 159 51 envoi
594 888 106 51 ne
647 888 142 51 peut
736 888 124 51 pas
807 888 177 51 suffir
931 888 89 51 à
966 888 142 51 vous
1055 888 177 51 donner
1179 888 124 51 une
1250 888 159 51 image
1356 888 159 51 juste
1462 888 106 51 de
1515 888 159 51 l’art
1622 888 106 51 de
1657 888 124 51 toute

401 922 122 59 une
470 922 245 59 génération
663 922 105 59 et
715 922 105 59 de
767 922 140 59 tout
855 922 105 59 un
907 922 157 59 pays.
1012 922 157 59 C’est
1117 922 210 59 pourquoi
1274 922 105 59 je
1327 922 140 59 veux
1414 922 227 59 éclaircir
1589 922 122 59 les
1641 922 140 59 motifs

396 978 142 50 qui
477 978 142 50 ont
558 978 263 50 déterminé
760 978 121 50 le
821 978 182 50 choix
942 978 142 50 des
1023 978 222 50 auteurs
1185 978 121 50 et
1245 978 142 50 des
1306 978 182 50 œuvres.

438 1019 147 57 Notre
536 1019 115 57 vie
601 1019 229 57 artistique
782 1019 115 57 est
847 1019 279 57 caractérisée,
1077 1019 147 57 d’une
1175 1019 147 57 part,
1273 1019 115 57 par
1339 1019 115 57 une
1404 1019 262 57 organisation
1601 1019 180 57 centrale,

400 1068 123 57 qui
471 1068 193 57 englobe
611 1068 140 57 tous
698 1068 123 57 les
768 1068 210 57 artistes
926 1068 228 57 au-dessus
1101 1068 140 57 d’un
1189 1068 193 57 certain
1329 1068 175 57 niveau
1451 1068 105 57 de
1504 1068 193 57 valeur,
1626 1068 158 57 d’autre

399 1123 168 53 part,
511 1123 131 53 par
586 1123 112 53 de
642 1123 224 53 nombreux
811 1123 280 53 groupements
1035 1123 131 53 qui
1110 1123 112 53 se
1166 1123 150 53 sont
1259 1123 187 53 formés
1390 1123 206 53 surtout
1540 1123 112 53 au
1596 1123 168 53 cours
1690 1123 93 53 des

400 1167 243 49 dernières
587 1167 187 49 années
718 1167 112 49 et
774 1167 243 49 notamment
961 1167 168 49 parmi
1073 1167 131 49 les
1148 1167 206 49 jeunes,
1297 1167 187 49 aimant
1428 1167 93 49 à
1465 1167 262 49 manifester
1652 1167 131 49 ainsi

400 1207 124 56 les
471 1207 160 56 liens
578 1207 106 56 de
631 1207 195 56 parenté
773 1207 266 56 spirituelle
986 1207 124 56 qui
1057 1207 124 56 les
1128 1207 213 56 unissent
1287 1207 124 56 les
1358 1207 124 56 uns
1429 1207 124 56 aux
1500 1207 195 56 autres.
1642 1207 106 56 Si
1678 1207 106 56 l’on

400 1259 198 54 prenait
544 1259 108 54 un
598 1259 288 54 représentant
832 1259 198 54 typique
976 1259 144 54 dans
1066 1259 180 54 chacun
1192 1259 108 54 de
1246 1259 126 54 ces
1318 1259 198 54 groupes
1462 1259 126 54 les
1534 1259 144 54 plus
1606 1259 180 54 intéres-

400 1300 178 56 sants,
525 1300 107 56 on
578 1300 178 56 aurait
702 1300 195 56 presque
844 1300 107 56 un
898 1300 213 56 panorama
1058 1300 107 56 de
1111 1300 107 56 la
1164 1300 231 56 jeunesse,
1342 1300 142 56 avec
1431 1300 124 56 une
1502 1300 160 56 large
1608 1300 160 56 gamme
1697 1300 89 56 des

399 1358 226 45 tendances
572 1358 121 45 qui
642 1358 121 45 s’y
711 1358 139 45 font
798 1358 191 45 valoir.
937 1358 139 45 Ici,
1023 1358 156 45 cette
1128 1358 191 45 méthode
1266 1358 191 45 n’était
1405 1358 121 45 pas
1475 1358 260 45 applicable,
1683 1358 104 45 vu
1718 1358 69 45 le

402 1393 173 53 manque
523 1393 208 53 d’espace
679 1393 104 53 et
730 1393 104 53 le
782 1393 208 53 résultat
938 1393 104 53 un
990 1393 121 53 peu
1059 1393 190 53 bigarré
1198 1393 121 53 que
1267 1393 138 53 cela
1353 1393 242 53 donnerait.
1544 1393 104 53 Au
1578 1393 208 53 contraire,

402 1447 108 49 on
456 1447 180 49 aurait
582 1447 108 49 dû
636 1447 108 49 se
690 1447 252 49 concentrer
888 1447 234 49 peut-être
1068 1447 126 49 sur
1139 1447 108 49 un
1193 1447 180 49 nombre
1319 1447 144 49 très
1409 1447 234 49 restreint
1571 1447 216 49 d’auteurs,

402 1490 150 56 pour
496 1490 206 56 obtenir
646 1490 112 56 un
702 1490 225 56 ensemble
870 1490 150 56 plus
964 1490 262 56 organique.
1170 1490 131 56 Or,
1245 1490 112 56 le
1301 1490 169 56 jury,
1413 1490 206 56 composé
1563 1490 112 56 en
1601 1490 187 56 principe

403 1538 104 49 de
455 1538 173 49 jeunes
576 1538 225 49 artistes,
749 1538 121 49 qui
818 1538 121 49 est
888 1538 260 49 responsable
1095 1538 104 49 de
1147 1538 104 49 ce
1199 1538 173 49 choix,
1320 1538 87 49 a
1355 1538 156 49 pensé
1459 1538 156 49 qu’il
1563 1538 173 49 serait
1667 1538 121 49 mieux

402 1580 107 48 de
456 1580 179 48 former
581 1580 125 48 une
652 1580 250 48 collection
849 1580 179 48 plutôt
974 1580 196 48 variée,
1117 1580 143 48 mais
1206 1580 125 48 pas
1277 1580 143 48 tout
1367 1580 89 48 à
1402 1580 143 48 fait
1474 1580 232 48 hétérogène.

437 1626 131 50 Les
512 1626 206 50 auteurs
662 1626 131 50 que
737 1626 150 50 nous
831 1626 263 50 présentons
1038 1626 319 50 appartiennent
1300 1626 94 50 à
1338 1626 131 50 des
1413 1626 206 50 groupes
1544 1626 244 50 différents,

403 1676 100 42 ce
453 1676 117 42 qui
520 1676 201 42 n’exclut
671 1676 117 42 pas
738 1676 217 42 certaines
905 1676 217 42 affinités
1072 1676 150 42 entre
1172 1676 134 42 eux.
1256 1676 100 42 On
1306 1676 134 42 voit
1390 1676 134 42 bien
1473 1676 167 42 qu’ils
1574 1676 217 42 poursuivent

403 1718 162 52 leurs
511 1718 162 52 voies
619 1718 306 52 personnelles,
871 1718 180 52 qu’ils
997 1718 270 52 n’obéissent
1214 1718 90 52 à
1250 1718 180 52 aucune
1376 1718 252 52 discipline
1556 1718 234 52 extérieure,

402 1769 203 60 qu’ils
544 1769 122 60 ne
604 1769 223 60 portent
767 1769 142 60 pas
827 1769 264 60 d’uniforme.

439 1815 116 49 Si
497 1815 154 49 l’on
593 1815 154 49 peut
690 1815 193 49 parler
825 1815 154 49 d’un
921 1815 251 49 programme
1114 1815 212 49 commun,
1269 1815 135 49 qui
1346 1815 135 49 est
1423 1815 97 49 à
1462 1815 116 49 la
1520 1815 154 49 base
1616 1815 116 49 de
1655 1815 135 49 leurs

402 1860 204 55 efforts
551 1860 296 55 individuels,
792 1860 167 55 c’est
903 1860 148 55 sans
995 1860 167 55 doute
1107 1860 111 55 un
1162 1860 241 55 programme
1347 1860 167 55 tracé
1459 1860 111 55 en
1514 1860 204 55 grandes
1644 1860 148 55 lignes

405 1915 249 52 générales,
601 1915 124 52 qui
672 1915 107 52 ne
725 1915 160 52 donne
832 1915 124 52 pas
903 1915 107 52 de
956 1915 213 52 recettes
1116 1915 89 52 à
1152 1915 231 52 l’artiste
1330 1915 107 52 et
1383 1915 124 52 qui
1454 1915 107 52 ne
1508 1915 107 52 le
1561 1915 160 52 prive
1668 1915 124 52 pas
1721 1915 71 52 de

407 1954 104 61 sa
459 1954 190 61 liberté
597 1954 242 61 créatrice.
788 1954 104 61 Au
840 1954 156 61 fond,
943 1954 121 61 ils
1013 1954 104 61 se
1065 1954 190 61 meuvent
1203 1954 139 61 tous
1290 1954 121 61 sur
1359 1954 104 61 le
1411 1954 190 61 terrain
1550 1954 104 61 de
1584 1954 208 61 recherches

452 2116 107 51 110
