1818 2207
166 21 296 78 <b>BULGARIE</b>

322 138 165 57 n’est
431 138 183 57 certes
559 138 128 57 pas
632 138 201 57 exempte
779 138 110 57 de
834 138 274 57 faiblesses,
1053 138 146 57 qui,
1144 138 146 57 dans
1236 138 238 57 certaines
1419 138 201 57 toiles,
1546 138 165 57 sautent

322 180 126 64 aux
394 180 162 64 yeux,
502 180 144 64 soit
592 180 162 64 parce
700 180 126 64 que
772 180 162 64 leurs
880 180 180 64 jeunes
1006 180 198 64 auteurs
1151 180 144 64 sont
1241 180 252 64 incapables
1439 180 108 64 de
1493 180 126 64 les
1547 180 162 64 éviter,

323 235 146 61 soit
414 235 164 61 parce
524 235 183 61 qu’ils
651 235 110 61 ne
706 235 237 61 possèdent
889 235 128 61 pas
962 235 219 61 l’astuce
1126 235 110 61 et
1181 235 110 61 la
1235 235 256 61 technique,
1436 235 256 61 d’ailleurs
1619 235 91 61 peu

319 287 380 51 recommandable,
635 287 169 51 pour
741 287 148 51 les
804 287 253 51 camoufler.

359 329 101 66 Il
410 329 186 66 importe
545 329 237 66 davantage,
731 329 101 66 me
782 329 271 66 semble-t-il,
1002 329 101 66 de
1052 329 186 66 relever
1188 329 118 66 que
1255 329 152 66 cette
1357 329 152 66 œuvre
1458 329 85 66 a
1492 329 118 66 des
1543 329 169 66 qualités

323 380 237 57 évidentes,
509 380 119 57 qui
577 380 254 57 l’emportent
780 380 119 57 sur
848 380 119 57 ses
916 380 203 57 défauts.
1068 380 102 57 La
1119 380 186 57 plupart
1255 380 119 57 des
1322 380 186 57 toiles,
1458 380 119 57 des
1509 380 203 57 sculptures

321 435 110 55 et
376 435 128 55 des
449 435 220 55 gravures
614 435 128 55 des
687 435 183 55 jeunes
815 435 220 55 artistes
980 435 220 55 bulgares
1145 435 147 55 sont
1237 435 202 55 puisées
1383 435 92 55 à
1420 435 110 55 la
1475 435 183 55 source
1603 435 110 55 de
1640 435 73 55 la

321 495 128 51 vie
394 495 147 51 même
486 495 110 51 et
541 495 239 51 inspirées
724 495 128 51 par
798 495 239 51 celle-ci,
981 495 110 51 et
1036 495 165 51 c’est
1146 495 110 51 là
1201 495 110 51 la
1256 495 147 51 plus
1348 495 257 51 importante
1550 495 110 51 de
1587 495 128 51 leurs

323 540 229 62 qualités.
500 540 106 62 La
552 540 211 62 majorité
711 540 123 62 des
781 540 176 62 œuvres
905 540 123 62 est
975 540 229 62 consacrée
1151 540 88 62 à
1187 540 106 62 la
1239 540 352 62 contemporanéité,
1521 540 194 62 dévoilant

320 585 132 60 les
396 585 283 60 aspirations
622 585 113 60 et
679 585 132 60 les
754 585 264 60 sentiments
961 585 113 60 de
1018 585 207 60 l’homme
1169 585 226 60 moderne.
1339 585 113 60 La
1395 585 151 60 note
1471 585 245 60 caractéris-

318 641 163 61 tique
427 641 109 61 et
481 641 109 61 en
536 641 145 61 même
627 641 163 61 temps
735 641 145 61 très
826 641 218 61 positive
990 641 109 61 de
1044 641 163 61 cette
1153 641 163 61 œuvre
1262 641 127 61 est
1335 641 109 61 la
1389 641 218 61 tendance
1553 641 109 61 de
1589 641 127 61 toute

321 694 124 64 une
392 694 159 64 série
498 694 106 64 de
551 694 177 64 jeunes
675 694 212 64 artistes
834 694 88 64 à
869 694 194 64 arriver
1011 694 88 64 à
1046 694 106 64 un
1099 694 159 64 style
1205 694 265 64 individuel,
1417 694 248 64 personnel,
1612 694 88 64 à
1630 694 88 64 une

320 741 262 61 originalité
529 741 105 61 de
582 741 192 61 langage
722 741 245 61 plastique,
914 741 140 61 sans
1001 741 210 61 laquelle
1159 741 105 61 ne
1211 741 192 61 saurait
1351 741 175 61 naître
1473 741 122 61 une
1526 741 192 61 véritable

317 784 178 72 œuvre
436 784 198 72 d’art.
574 784 178 72 Point
693 784 178 72 n’est
811 784 198 72 besoin
949 784 158 72 d’un
1048 784 158 72 long
1147 784 198 72 examen
1285 784 138 72 des
1364 784 178 72 dites
1483 784 198 72 œuvres
1601 784 119 72 pour

320 843 230 74 remarquer
497 843 106 74 la
550 843 195 74 facture
692 843 230 74 originale
869 843 106 74 de
922 843 106 74 la
975 843 195 74 plupart
1117 843 195 74 d’entre
1259 843 177 74 elles,
1383 843 106 74 la
1436 843 195 74 variété
1577 843 106 74 de
1613 843 106 74 leur

319 898 227 62 manière,
489 898 189 62 depuis
621 898 113 62 le
678 898 170 62 souci
791 898 113 62 du
848 898 189 62 détail
980 898 227 62 jusqu’au
1150 898 246 62 laconisme
1339 898 189 62 poussé
1471 898 94 62 à
1490 898 227 62 l’extrême,

318 948 182 55 depuis
445 948 109 55 la
500 948 200 55 palette
645 948 291 55 éblouissante
882 948 200 55 jusqu’à
1027 948 109 55 la
1082 948 218 55 sobriété
1245 948 200 55 voisine
1391 948 109 55 de
1445 948 109 55 la
1500 948 218 55 gravure,
1645 948 73 55 où

317 984 213 64 l’espace
477 984 106 64 et
530 984 124 64 les
601 984 195 64 volumes
743 984 106 64 ne
796 984 142 64 sont
885 984 284 64 qu’ébauchés,
1116 984 177 64 depuis
1240 984 106 64 le
1293 984 195 64 coloris
1435 984 177 64 sonore
1559 984 106 64 et
1595 984 124 64 clair

314 1045 254 67 jusqu’aux
510 1045 254 67 harmonies
705 1045 254 67 mineures,
900 1045 137 67 car
978 1045 117 67 le
1037 1045 234 67 réalisme
1212 1045 137 67 tel
1291 1045 137 67 que
1369 1045 156 67 nous
1466 1045 117 67 le
1505 1045 215 67 concevons

318 1096 128 70 est
391 1096 237 70 justement
573 1096 128 70 une
646 1096 201 70 méthode
792 1096 109 70 et
847 1096 128 70 non
920 1096 128 70 pas
993 1096 109 70 un
1047 1096 201 70 cliché;
1193 1096 128 70 car
1266 1096 109 70 ce
1321 1096 219 70 réalisme
1485 1096 128 70 est
1540 1096 182 70 étranger

315 1147 110 71 au
370 1147 274 71 piétinement
589 1147 128 71 sur
662 1147 183 71 place,
790 1147 164 71 ainsi
900 1147 128 71 que
973 1147 110 71 le
1028 1147 183 71 disait
1155 1147 256 71 Maïakovski
1356 1147 91 71 :
1393 1147 91 71 «
1430 1147 146 71 Plus
1521 1147 110 71 de
1558 1147 164 71 poètes,

317 1193 107 75 de
371 1193 160 75 bons,
477 1193 107 75 de
531 1193 231 75 divers...
709 1193 107 75 »,
762 1193 107 75 ce
815 1193 125 75 qui
887 1193 142 75 pour
976 1193 142 75 nous
1065 1193 214 75 pourrait
1225 1193 107 75 se
1278 1193 214 75 traduire
1438 1193 125 75 par
1509 1193 89 75 :
1545 1193 89 75 «
1581 1193 142 75 Plus
1652 1193 71 75 de

317 1247 228 72 peintres,
493 1247 105 72 de
546 1247 158 72 bons,
651 1247 105 72 de
704 1247 228 72 divers...
880 1247 105 72 »,
932 1247 141 72 afin
1020 1247 123 72 que
1090 1247 176 72 soient
1213 1247 246 72 conservées
1407 1247 105 72 la
1459 1247 211 72 richesse
1618 1247 105 72 et
1653 1247 70 72 la

316 1300 229 79 diversité
492 1300 106 79 de
545 1300 282 79 l’expression
774 1300 246 79 plastique,
967 1300 141 79 sans
1055 1300 211 79 laquelle
1214 1300 299 79 disparaîtrait
1460 1300 106 79 la
1513 1300 211 79 richesse
1654 1300 70 79 du

315 1349 208 65 contenu
466 1349 113 65 et
523 1349 113 65 en
579 1349 132 65 fin
655 1349 113 65 de
712 1349 189 65 compte
844 1349 170 65 l’art
938 1349 208 65 lui

1181 1976 284 73 Professeur
1404 1976 223 73 Bogomil
1546 1976 182 73 Raïnov.

360 2101 96 70 22
