1833 2197
1355 16 383 55 <b>PAYS

364 429 231 82 Commissaire
548 429 169 82 Général
671 429 77 82 :
702 429 154 82 <b>Jan
809 429 108 82 Van
871 429 200 82 Heel</b>,
1009 429 154 82 Peintre.

202 735 128 66 Les
275 735 182 66 œuvres
402 735 128 66 que
475 735 146 66 nous
566 735 255 66 présentons
767 735 164 66 cette
876 735 164 66 année
985 735 91 66 à
1022 735 109 66 la
1077 735 219 66 Biennale
1241 735 109 66 de
1295 735 164 66 Paris
1386 735 219 66 illustrent

169 794 284 70 parfaitement
400 794 266 70 l’évolution
612 794 106 70 de
666 794 160 70 notre
772 794 124 70 art
843 794 301 70 contemporain,
1091 794 248 70 l’aventure
1286 794 106 70 de
1339 794 160 70 l’art
1428 794 177 70 d’avant-

165 844 186 57 garde
289 844 124 57 en
330 844 227 57 Hollande.

202 866 114 86 Il
259 866 152 86 faut
354 866 152 86 voir
449 866 152 86 chez
544 866 133 86 ces
620 866 190 86 jeunes
753 866 247 86 exposants
943 866 133 86 une
1019 866 209 86 volonté
1171 866 114 86 de
1228 866 190 86 rester
1361 866 209 86 fidèles
1513 866 95 86 à
1532 866 76 86 la

171 920 194 76 grande
306 920 252 76 tradition
501 920 116 76 de
559 920 116 76 la
617 920 233 76 peinture
792 920 311 76 hollandaise,
1044 920 97 76 à
1083 920 136 76 ses
1161 920 233 76 qualités
1316 920 291 76 fondamentales

170 976 217 61 d’ordre
328 976 118 61 et
387 976 118 61 de
427 976 177 61 mesure.

201 1014 143 61 Jan
282 1014 143 61 Van
364 1014 163 61 Eyck
466 1014 102 61 —
507 1014 122 61 né
568 1014 122 61 en
629 1014 163 61 1927
731 1014 102 61 —
772 1014 225 61 cherche
935 1014 143 61 une
1017 1014 286 61 expression
1242 1014 265 61 abstraite
1446 1014 122 61 ou
1487 1014 122 61 non.

175 1059 153 67 Dans
271 1059 134 67 ses
347 1059 307 67 compositions
596 1059 115 67 il
654 1059 230 67 présente
826 1059 134 67 une
903 1059 172 67 image
1018 1059 192 67 claire
1152 1059 115 67 et
1210 1059 211 67 hardie,
1363 1059 134 67 aux
1420 1059 192 67 couleurs

172 1109 225 64 sombres,
341 1109 168 64 d’une
453 1109 243 64 précision
640 1109 112 64 de
696 1109 281 64 proportions
921 1109 112 64 et
977 1109 112 64 de
1033 1109 187 64 lignes
1164 1109 131 64 qui
1239 1109 206 64 suggère
1370 1109 243 64 l’assurance

174 1150 107 69 et
228 1150 107 69 la
281 1150 195 69 fermeté
423 1150 195 69 absolue
565 1150 124 69 des
636 1150 231 69 solutions
813 1150 249 69 auxquelles
1009 1150 124 69 est
1080 1150 142 69 déjà
1168 1150 178 69 arrivé
1293 1150 107 69 le
1346 1150 160 69 jeune
1435 1150 178 69 peintre.

207 1209 139 55 Les
286 1209 198 55 images
425 1209 119 55 de
484 1209 198 55 Gérard
623 1209 218 55 Verdijk
781 1209 99 55 —
821 1209 119 55 né
880 1209 119 55 en
940 1209 158 55 1934
1039 1209 99 55 —
1078 1209 257 55 racontent
1276 1209 178 55 d’une
1395 1209 158 55 voix
1474 1209 139 55 basse

176 1246 272 66 l’aventure
390 1246 117 66 de
448 1246 175 66 l’art
565 1246 331 66 contemporain;
837 1246 136 66 ses
915 1246 195 66 œuvres
1051 1246 195 66 douces
1187 1246 233 66 montrent
1362 1246 117 66 un
1401 1246 214 66 caractère

176 1293 207 65 lyrique
326 1293 169 65 qu’on
439 1293 225 65 qualifie
608 1293 207 65 souvent
758 1293 131 65 d’«
834 1293 282 65 abstraction
1059 1293 169 65 douce
1153 1293 75 65 ».

208 1337 119 61 Ce
268 1337 139 61 qui
347 1337 158 61 rend
446 1337 119 61 si
505 1337 277 61 touchante,
723 1337 119 61 si
782 1337 238 61 vraiment
961 1337 277 61 pénétrante
1178 1337 218 61 l’œuvre
1337 1337 119 61 de
1396 1337 198 61 Pierre
1515 1337 99 61 Van

179 1384 156 71 Soest
283 1384 87 71 —
317 1384 104 71 né
369 1384 104 71 en
421 1384 139 71 1930
508 1384 87 71 —
543 1384 156 71 c’est
647 1384 121 71 que
716 1384 104 71 sa
768 1384 208 71 peinture
924 1384 121 71 est
993 1384 156 71 faite
1097 1384 260 71 d’histoires
1305 1384 156 71 qu’il
1409 1384 104 71 se
1444 1384 173 71 raconte;

175 1429 150 65 tout
269 1429 225 65 concourt
438 1429 94 65 à
475 1429 188 65 donner
607 1429 113 65 un
663 1429 150 65 sens
757 1429 94 65 à
794 1429 113 65 ce
850 1429 150 65 coup
944 1429 113 65 de
1000 1429 206 65 pinceau
1150 1429 150 65 fait
1244 1429 263 65 d’énergie,
1432 1429 188 65 d’espoir

176 1490 121 56 et
236 1490 121 56 de
276 1490 161 56 doute.

212 1500 131 97 Les
287 1500 225 97 tableaux
456 1500 113 97 de
513 1500 131 97 Lei
588 1500 169 97 Molin
700 1500 94 97 —
738 1500 113 97 né
794 1500 113 97 en
850 1500 150 97 1927
944 1500 94 97 —
982 1500 150 97 sont
1076 1500 169 97 d’une
1188 1500 282 97 sensibilité
1395 1500 225 97 originale;

181 1556 156 82 pour
278 1556 136 82 lui
356 1556 117 82 la
414 1556 195 82 nature
550 1556 175 82 reste
667 1556 136 82 non
745 1556 253 82 seulement
939 1556 117 82 la
998 1556 195 82 source
1134 1556 117 82 de
1192 1556 136 82 son
1270 1556 311 82 inspiration,
1503 1556 117 82 mais

179 1618 171 58 aussi
293 1618 133 58 son
369 1618 171 58 moyen
483 1618 304 58 d’expression
729 1618 114 58 et
786 1618 133 58 les
862 1618 247 58 problèmes
1052 1618 209 58 humains
1204 1618 114 58 se
1261 1618 247 58 reflètent
1431 1618 190 58 toujours

180 1667 162 66 dans
281 1667 142 66 son
362 1667 182 66 œuvre
483 1667 182 66 d’une
605 1667 223 66 manière
767 1667 223 66 directe
929 1667 182 66 comme
1050 1667 142 66 une
1131 1667 263 66 nécessité
1314 1667 202 66 absolue.

214 1706 157 63 Pour
312 1706 215 63 montrer
469 1706 117 63 la
528 1706 274 63 continuité
743 1706 157 63 d’un
841 1706 137 63 art
919 1706 196 63 ancien
1056 1706 117 63 de
1115 1706 117 63 la
1174 1706 255 63 Hollande,
1369 1706 157 63 mais
1467 1706 137 63 qui
1526 1706 98 63 est

183 1752 206 70 toujours
337 1752 172 70 vivant
457 1752 275 70 aujourd’hui,
680 1752 172 70 «l’art
800 1752 103 70 de
852 1752 103 70 la
903 1752 189 70 gravure
1041 1752 103 70 »,
1092 1752 103 70 il
1144 1752 120 70 n’y
1212 1752 172 70 aurait
1332 1752 120 70 pas
1401 1752 103 70 de
1435 1752 189 70 meilleurs

184 1795 234 75 exemples
359 1795 136 75 que
437 1795 136 75 les
514 1795 195 75 œuvres
651 1795 117 75 de
709 1795 156 75 Jacq
806 1795 214 75 Snyder,
962 1795 117 75 né
1021 1795 117 75 en
1079 1795 175 75 1930.
1196 1795 136 75 Son
1274 1795 136 75 art
1351 1795 136 75 est
1410 1795 214 75 expressif

185 1841 114 71 et
242 1841 284 71 imaginatif,
469 1841 227 71 poétique
639 1841 114 71 et
696 1841 284 71 fantastique
923 1841 95 71 à
961 1841 114 71 la
1018 1841 170 71 fois;
1132 1841 114 71 et
1189 1841 114 71 de
1245 1841 133 71 Aat
1321 1841 208 71 Verhoog
1473 1841 95 71 —
1510 1841 114 71 né
1548 1841 76 71 en

185 1900 150 61 1933
279 1900 93 61 —
316 1900 150 61 dans
410 1900 112 61 le
466 1900 168 61 monde
578 1900 168 61 qu’il
690 1900 168 61 s’est
802 1900 168 61 créé,
915 1900 112 61 où
971 1900 112 61 la
1027 1900 206 61 cruauté
1176 1900 131 61 est
1251 1900 131 61 son
1326 1900 168 61 moyen
1419 1900 206 61 d’expres-

188 1948 147 61 sion
279 1948 147 61 pour
371 1948 202 61 décrire
518 1948 110 61 le
573 1948 165 61 sang,
682 1948 110 61 la
737 1948 165 61 mort,
847 1948 110 61 la
884 1948 220 61 décadence.
