1818 2197
264 -5 385 71 <b>PORTUGAL</b>

626 419 242 59 Commissaire
819 419 177 59 Général
948 419 81 59 :
981 419 194 59 <b>César
1126 419 97 59 H.
1174 419 177 59 Moreira
1287 419 226 59 Baptista</b>

627 472 229 70 Secrétaire
806 472 196 70 National
953 472 98 70 de
986 472 261 70 l’Information.

469 723 111 93 La
524 723 259 93 limitation
727 723 129 93 des
801 723 203 93 espaces
949 723 92 93 à
986 723 203 93 occuper
1133 723 129 93 par
1207 723 129 93 une
1281 723 332 93 représentation
1558 723 129 93 que
1632 723 148 93 l’on
1706 723 92 93 veu

431 810 320 56 significative,
698 810 178 56 claire
822 810 107 56 et
876 810 142 56 sans
965 810 178 56 lacune
1089 810 89 56 a
1125 810 124 56 ses
1196 810 302 56 inconvénients
1444 810 107 56 et
1498 810 178 56 induit
1604 810 196 56 forcément

431 860 107 52 en
485 860 178 52 erreur
609 860 231 52 quiconque
787 860 142 52 voit
875 860 124 52 les
946 860 195 52 travaux
1088 860 142 52 sans
1177 860 231 52 connaître
1355 860 124 52 les
1426 860 249 52 conditions
1604 860 195 52 imposées.

432 902 154 68 Quant
535 902 86 68 à
569 902 154 68 nous,
671 902 137 68 nous
757 902 103 68 ne
808 902 205 68 voulions
962 902 120 68 pas
1030 902 222 68 seulement
1201 902 154 68 faire
1304 902 137 68 acte
1390 902 103 68 de
1441 902 205 68 présence
1595 902 103 68 et
1629 902 171 68 apporter

432 961 110 49 un
487 961 164 49 signe
596 961 110 49 de
651 961 274 49 l’existence
870 961 110 49 de
925 961 128 49 nos
998 961 146 49 plus
1089 961 183 49 jeunes
1217 961 219 49 artistes
1381 961 91 49 à
1418 961 110 49 ce
1472 961 219 49 colloque
1637 961 110 49 et
1673 961 128 49 bilan

431 1007 299 54 international
678 1007 141 54 qu’a
766 1007 141 54 été,
853 1007 141 54 avec
941 1007 158 54 plein
1047 1007 193 54 succès,
1188 1007 106 54 la
1240 1007 211 54 Biennale
1399 1007 106 54 de
1451 1007 176 54 Paris.
1574 1007 141 54 Nous
1645 1007 158 54 aurions

429 1057 163 58 voulu
537 1057 235 58 permettre
718 1057 127 58 aux
791 1057 235 58 visiteurs
971 1057 199 58 l’étude
1116 1057 127 58 des
1188 1057 217 58 éléments
1351 1057 108 58 et
1405 1057 235 58 présenter
1586 1057 108 58 un
1622 1057 181 58 panorama

430 1112 199 55 général
575 1112 108 55 de
629 1112 108 55 la
683 1112 253 55 sculpture,
882 1112 108 55 de
936 1112 108 55 la
990 1112 235 55 peinture,
1171 1112 108 55 du
1225 1112 181 55 dessin
1352 1112 108 55 et
1406 1112 108 55 de
1460 1112 108 55 la
1515 1112 217 55 gravure,
1659 1112 145 55 chacun

430 1169 110 44 de
485 1169 128 44 ces
558 1169 147 44 arts
650 1169 165 44 étant
760 1169 110 44 un
814 1169 165 44 moyen
924 1169 293 44 d’expression
1163 1169 275 44 intensément
1383 1169 183 44 senti,
1511 1169 165 44 vécu,
1621 1169 147 44 avec
1694 1169 110 44 amou

429 1222 107 62 et
483 1222 232 62 maestria,
661 1222 125 62 par
733 1222 125 62 les
804 1222 214 62 artistes
965 1222 125 62 qui
1037 1222 143 62 font
1126 1222 250 62 maintenant
1323 1222 161 62 leurs
1430 1222 214 62 premiers
1591 1222 125 62 pas
1662 1222 125 62 sur
1716 1222 89 62 les

427 1266 222 68 chemins
588 1266 242 68 pénibles
770 1266 121 68 et
831 1266 242 68 glorieux
1013 1266 141 68 des
1094 1266 162 68 arts
1174 1266 263 68 plastiques.

466 1319 112 49 En
522 1319 149 49 face
615 1319 112 49 de
671 1319 130 49 ces
746 1319 335 49 insurmontables
1025 1319 279 49 limitations
1248 1319 223 49 d’espace
1416 1319 112 49 et
1472 1319 168 49 ainsi
1565 1319 242 49 contrainis,

432 1368 143 51 nous
522 1368 161 51 avons
629 1368 179 51 pleine
754 1368 250 51 conscience
951 1368 125 51 que
1022 1368 125 51 les
1094 1368 232 51 amateurs,
1273 1368 250 51 étudiants,
1469 1368 232 51 critiques
1648 1368 107 51 et
1684 1368 125 51 juges

429 1424 83 69 —
463 1424 133 69 avec
546 1424 199 69 pouvoirs
695 1424 100 69 de
745 1424 133 69 jury
828 1424 83 69 —
862 1424 249 69 apercevront
1061 1424 283 69 difficilement
1294 1424 199 69 l’unité,
1443 1424 100 69 la
1493 1424 199 69 vitalité
1643 1424 100 69 et
1676 1424 133 69 l’uni-

429 1475 239 54 versalité
613 1475 111 54 de
668 1475 203 54 langage
815 1475 166 54 d’une
926 1475 276 54 génération,
1147 1475 166 54 toute
1257 1475 166 54 jeune
1368 1475 129 54 par
1442 1475 129 54 les
1515 1475 203 54 années,
1663 1475 129 54 par
1718 1475 92 54 les

432 1522 257 52 recherches
634 1522 110 52 et
689 1522 129 52 par
763 1522 313 52 l’expérience,
1020 1522 147 52 mais
1112 1522 129 52 qui
1186 1522 110 52 de
1241 1522 147 52 jour
1333 1522 110 52 en
1388 1522 147 52 jour
1480 1522 202 52 affirme
1609 1522 202 52 davantage

431 1571 112 60 sa
469 1571 280 60 personnalité.

469 1617 111 63 Le
524 1617 239 63 Portugal,
708 1617 129 63 pas
782 1617 147 63 plus
874 1617 129 63 que
947 1617 129 63 les
1021 1617 221 63 artistes
1187 1617 129 63 qui
1261 1617 111 63 le
1316 1617 313 63 représentent,
1574 1617 166 63 comme
1666 1617 147 63 ethnie

432 1667 115 56 et
489 1667 173 56 comme
604 1667 230 56 culture,
777 1667 173 56 n’ont
892 1667 134 56 pas
969 1667 192 56 voulu,
1103 1667 153 56 dans
1199 1667 173 56 cette
1314 1667 173 56 phase
1429 1667 326 56 expérimentale
1698 1667 115 56 de
1736 1667 77 56 la

433 1724 242 48 Biennale,
620 1724 205 48 refuser
769 1724 149 48 leur
862 1724 242 48 concours.
1049 1724 261 48 Cependant,
1254 1724 149 48 dans
1347 1724 131 48 ces
1421 1724 205 48 simples
1552 1724 261 48 échantillons

434 1773 106 55 de
487 1773 124 55 nos
558 1773 142 55 arts
647 1773 266 55 plastiques,
859 1773 212 55 quelques
1018 1773 212 55 éléments
1178 1773 248 55 importants
1372 1773 106 55 se
1426 1773 248 55 détachent,
1620 1773 124 55 qui
1673 1773 142 55 carac.

433 1827 213 59 térisent
593 1827 159 59 l’art
699 1827 230 59 portugais
876 1827 106 59 de
929 1827 159 59 cette
1036 1827 177 59 époque
1160 1827 124 59 et,
1230 1827 106 59 en
1284 1827 159 59 cette
1390 1827 195 59 époque,
1532 1827 106 59 la
1567 1827 248 59 prédilection

439 1871 138 62 pour
525 1871 121 62 les
594 1871 190 62 petites
732 1871 224 62 surfaces,
904 1871 138 62 mais
990 1871 207 62 traitées
1145 1871 138 62 avec
1231 1871 172 62 amour;
1352 1871 103 62 la
1404 1871 207 62 sobriété
1559 1871 86 62 —
1593 1871 138 62 nous
1662 1871 155 62 dirions

437 1925 205 56 presque
587 1925 112 56 la
642 1925 261 56 sécheresse
848 1925 93 56 —
885 1925 112 56 et
941 1925 261 56 l’économie
1146 1925 131 56 des
1220 1925 186 56 moyens
1351 1925 224 56 employés
1519 1925 242 56 confèrent
1686 1925 131 56 ainsi

479 2074 104 72 98
