1704 2218
1340 11 373 74 <b>PRÉFACE</b>

160 615 169 89 Pour
265 615 127 89 la
329 615 253 89 deuxième
519 615 190 89 fois,
645 615 169 89 nous
751 615 253 89 invitons
941 615 148 89 les
1025 615 169 89 pays
1131 615 274 89 étrangers
1342 615 106 89 à
1384 615 127 89 se
1426 615 148 89 faire

128 691 298 69 représenter
366 691 139 69 par
446 691 179 69 leurs
565 691 199 69 jeunes
704 691 238 69 artistes
883 691 159 69 pour
982 691 258 69 permettre
1181 691 119 69 de
1240 691 278 69 confronter
1439 691 139 69 leurs

130 740 289 75 recherches.
361 740 154 75 Pour
458 740 116 75 la
516 740 232 75 deuxième
689 740 174 75 fois,
805 740 154 75 nous
902 740 232 75 invitons
1075 740 116 75 le
1133 740 193 75 public
1268 740 96 75 à
1307 740 270 75 s’informer
1500 740 77 75 de

127 795 121 59 ce
187 795 141 59 que
268 795 161 59 sont
369 795 141 59 ces
450 795 303 59 recherches.
692 795 202 59 Quand,
833 795 121 59 il
893 795 101 59 y
934 795 101 59 a
974 795 161 59 deux
1075 795 161 59 ans,
1176 795 161 59 nous
1276 795 182 59 avons
1377 795 202 59 commencé

128 846 113 77 le
185 846 169 77 large
298 846 263 77 inventaire
504 846 132 77 des
580 846 245 77 promesses
768 846 113 77 et
824 846 132 77 des
900 846 207 77 espoirs
1050 846 151 77 dont
1144 846 263 77 s’exaltent
1351 846 132 77 les
1408 846 169 77 jeunes,

132 908 155 52 nous
228 908 193 52 avions
364 908 116 52 le
422 908 251 52 sentiment
615 908 116 52 de
673 908 155 52 nous
769 908 213 52 engager
924 908 155 52 dans
1021 908 135 52 une
1098 908 271 52 entreprise
1310 908 116 52 un
1368 908 135 52 peu
1426 908 155 52 hasar-

129 946 210 69 deuse.
276 946 274 69 L’accueil
487 946 253 69 empressé
676 946 126 69 et
739 946 126 69 la
802 946 358 69 compréhension
1097 946 189 69 alors
1223 946 316 69 rencontrés,
1455 946 126 69 tant

130 996 201 70 auprès
271 996 141 70 des
351 996 262 70 exposants
553 996 262 70 qu’auprès
754 996 121 70 du
814 996 221 70 public,
975 996 161 70 nous
1076 996 141 70 ont
1156 996 201 70 imposé
1297 996 121 70 de
1337 996 242 70 continuer.

133 1043 161 75 Nous
234 1043 262 75 repartons
435 1043 161 75 donc
536 1043 141 75 sur
616 1043 141 75 les
697 1043 181 75 mêmes
818 1043 201 75 bases,
959 1043 322 75 c’est-à-dire
1220 1043 161 75 dans
1321 1043 242 75 l’esprit
1482 1043 101 75 que

134 1095 154 67 nous
230 1095 270 67 souhaitons
442 1095 116 67 le
500 1095 154 67 plus
597 1095 193 67 large,
732 1095 135 67 car
809 1095 174 67 notre
925 1095 135 67 but
1002 1095 174 67 n’est
1118 1095 135 67 pas
1195 1095 251 67 d’imposer
1388 1095 116 67 un
1427 1095 154 67 style,

136 1144 143 71 mais
226 1144 107 71 au
279 1144 232 71 contraire
458 1144 107 71 de
512 1144 232 71 découvrir
690 1144 161 71 celui
798 1144 125 71 qui
869 1144 232 71 s’élabore
1048 1144 107 71 et
1101 1144 107 71 de
1155 1144 232 71 faciliter
1334 1144 125 71 son
1387 1144 197 71 éclosion.

168 1202 134 75 Les
244 1202 192 75 seules
379 1202 287 75 contraintes
608 1202 134 75 que
685 1202 153 75 nous
781 1202 172 75 ayons
896 1202 115 75 dû
953 1202 249 75 maintenir
1145 1202 153 75 sont
1240 1202 134 75 les
1317 1202 211 75 limites
1451 1202 134 75 d’âge

135 1255 188 75 (entre
267 1255 113 75 20
324 1255 113 75 et
380 1255 113 75 35
437 1255 151 75 ans)
531 1255 151 75 afin
625 1255 113 75 de
682 1255 245 75 souligner
870 1255 170 75 notre
983 1255 170 75 désir
1096 1255 207 75 d’aider
1247 1255 113 75 la
1303 1255 264 75 génération
1492 1255 94 75 qui

134 1308 213 72 cherche
289 1308 97 72 à
327 1308 174 72 créer
444 1308 213 72 l’image
599 1308 116 72 de
657 1308 136 72 son
734 1308 194 72 temps.
870 1308 155 72 Nous
967 1308 174 72 avons
1083 1308 116 72 dû
1141 1308 174 72 aussi
1258 1308 174 72 tenir
1374 1308 194 72 compte
1490 1308 97 72 des

135 1356 210 75 limites
288 1356 248 75 d’espace,
479 1356 172 75 parce
593 1356 134 75 que
670 1356 115 75 le
727 1356 172 75 local
841 1356 153 75 dont
937 1356 153 75 nous
1032 1356 267 75 disposons,
1242 1356 115 75 si
1300 1356 172 75 vaste
1395 1356 191 75 soit

137 1410 90 71 a
173 1410 233 71 cependant
352 1410 125 71 une
424 1410 215 71 capacité
585 1410 125 71 qui
656 1410 107 71 ne
710 1410 143 71 peut
799 1410 143 71 être
889 1410 233 71 dépassée.
1068 1410 251 71 D’ailleurs
1265 1410 161 71 cette
1354 1410 233 71 contrainte,

135 1459 118 71 si
194 1459 157 71 elle
293 1459 236 71 comporte
470 1459 138 71 des
548 1459 334 71 inconvénients
824 1459 295 71 individuels
1060 1459 98 71 —
1099 1459 138 71 car
1178 1459 197 71 chaque
1316 1459 157 71 pays
1394 1459 197 71 voudrait

139 1511 202 83 pouvoir
286 1511 147 83 être
377 1511 147 83 plus
469 1511 239 83 largement
653 1511 257 83 représenté
855 1511 92 83 —
891 1511 92 83 a
928 1511 165 83 aussi
1038 1511 257 83 l’avantage
1240 1511 220 83 d’offrir
1405 1511 110 83 au
1442 1511 147 83 public

139 1564 112 79 un
195 1564 167 79 choix
307 1564 149 79 plus
400 1564 186 79 sévère
530 1564 112 79 et
586 1564 223 79 d’éviter
753 1564 112 79 la
809 1564 223 79 fatigue,
976 1564 112 79 la
1032 1564 279 79 saturation,
1255 1564 130 79 qui
1330 1564 149 79 sont
1404 1564 186 79 toujours

137 1618 118 90 la
196 1618 196 90 rançon
334 1618 137 90 des
412 1618 294 90 expositions
647 1618 157 90 trop
726 1618 255 90 abondantes.

173 1687 158 75 Plus
272 1687 118 75 de
331 1687 256 75 cinquante
528 1687 158 75 pays
627 1687 138 75 ont
706 1687 217 75 répondu
863 1687 335 75 favorablement
1139 1687 99 75 à
1179 1687 177 75 notre
1297 1687 197 75 appel.
1435 1687 158 75 Nous
1514 1687 79 75 ne

140 1741 232 62 saurions
314 1741 155 62 trop
411 1741 136 62 les
488 1741 116 62 en
546 1741 252 62 remercier
740 1741 116 62 et
798 1741 155 62 nous
895 1741 116 62 en
953 1741 232 62 réjouir,
1127 1741 136 62 car
1205 1741 174 62 c’est
1321 1741 252 62 seulement
1495 1741 97 62 par

143 1788 344 75 l’universalité
429 1788 115 75 de
487 1788 172 75 cette
601 1788 325 75 collaboration
868 1788 134 75 que
945 1788 115 75 la
1002 1788 229 75 Biennale
1174 1788 134 75 des
1250 1788 191 75 Jeunes
1384 1788 210 75 prendra
1518 1788 76 75 sa

143 1844 229 60 véritable
320 1844 300 60 signification
567 1844 106 60 et
620 1844 176 60 jouera
743 1844 106 60 le
796 1844 141 60 rôle
867 1844 194 60 souhaité.

177 1909 120 64 Le
237 1909 160 64 fait
337 1909 220 64 d’avoir
497 1909 160 64 reçu
596 1909 160 64 tant
696 1909 419 64 d’encouragements,
1056 1909 160 64 nous
1156 1909 100 64 a
1196 1909 220 64 permis,
1355 1909 160 64 nous
1455 1909 100 64 a
1475 1909 120 64 même

144 1946 205 73 incités
293 1946 93 73 à
330 1946 223 73 prévoir,
498 1946 130 73 dès
572 1946 167 73 cette
684 1946 205 73 seconde
833 1946 335 73 manifestation,
1111 1946 112 73 un
1167 1946 242 73 programme
1353 1946 149 73 plus
1428 1946 167 73 étendu.

1418 2099 100 64 VIl
