1694 2218
726 781 183 60 NOTES

147 831 105 77 La
199 831 209 77 Biennale
356 831 105 77 ne
408 831 105 77 se
460 831 174 77 charge
582 831 122 77 pas
652 831 105 77 de
704 831 174 77 vendre
826 831 122 77 les
896 831 174 77 œuvres
1018 831 227 77 exposées.
1192 831 139 77 Elle
1279 831 122 77 est
1349 831 227 77 néanmoins
1506 831 52 77 à

114 880 105 60 la
166 880 261 60 disposition
375 880 122 60 des
445 880 227 60 visiteurs
619 880 139 60 pour
706 880 139 60 leur
793 880 174 60 donner
915 880 139 60 tous
1002 880 314 60 renseignements
1264 880 122 60 sur
1333 880 122 60 les
1386 880 174 60 artistes

113 915 222 77 exposants
284 915 103 77 et
335 915 137 77 pour
421 915 171 77 mettre
540 915 120 77 ces
609 915 205 77 artistes
762 915 103 77 en
814 915 188 77 rapport
950 915 137 77 avec
1036 915 120 77 les
1104 915 222 77 acheteurs
1258 915 205 77 éventuels.

123 1502 135 64 Les
200 1502 193 64 œuvres
335 1502 232 64 marquées
510 1502 97 64 *
548 1502 155 64 sont
626 1502 251 64 reproduites

125 1559 82 45 à
157 1559 99 45 la
207 1559 115 45 fin
273 1559 99 45 du
306 1559 197 45 catalogue.

124 1615 109 57 Le
178 1615 199 57 premier
323 1615 199 57 chiffre
468 1615 127 57 des
523 1615 217 57 dimensions

124 1654 123 40 des
195 1654 176 40 œuvres
318 1654 105 40 se
370 1654 176 40 réfère
493 1654 88 40 à
511 1654 105 40 leur

123 1686 226 44 hauteur;
292 1686 113 44 le
349 1686 207 44 second,
499 1686 94 44 à
518 1686 113 44 leur

125 1716 214 49 largeur;
285 1716 107 49 le
339 1716 249 49 troisième,
534 1716 89 49 à
552 1716 107 49 leur

126 1748 269 72 profondeur
337 1748 173 72 (pour
452 1748 134 72 les
509 1748 269 72 sculptures).

128 1813 124 50 Les
199 1813 213 50 gravures
359 1813 124 50 des
431 1813 249 50 différents
608 1813 107 50 pays

129 1852 300 56 participants,
377 1852 159 56 ainsi
483 1852 124 56 que
553 1852 177 56 celles
677 1852 106 56 de
712 1852 71 56 la

130 1887 277 50 participation
358 1887 212 50 française
521 1887 114 50 ont
570 1887 82 50 été

127 1914 224 56 groupées
295 1914 149 56 dans
389 1914 131 56 une
463 1914 168 56 salle
557 1914 149 56 unique

129 1948 232 51 consacrée
308 1948 89 51 à
343 1948 107 51 la
397 1948 196 51 gravure
522 1948 303 51 internationale.

1416 2088 84 60 1
