1818 2197
205 17 333 79 <b>NORVÈGE</b>

562 429 251 79 Commissaire
763 429 201 79 Général:
914 429 218 79 <b>Haakon
1082 429 151 79 Bugge
1166 429 184 79 Mahrt</b>

561 490 243 68 Conseiller
751 490 208 68 Culturel
907 490 139 68 près
994 490 260 68 l’Ambassade
1202 490 104 68 de
1254 490 191 68 Norvège
1392 490 87 68 à
1409 490 139 68 Paris.

408 756 104 76 La
460 756 295 76 participation
703 756 260 76 norvégienne
911 756 87 76 à
946 756 104 76 la
998 756 208 76 Biennale
1154 756 104 76 de
1206 756 156 76 Paris
1311 756 104 76 de
1363 756 156 76 cette
1467 756 156 76 année
1571 756 104 76 se
1606 756 156 76 compose

371 822 108 57 de
425 822 217 57 tableaux
588 822 126 57 qui
660 822 145 57 sont
750 822 199 57 peints,
895 822 108 57 de
949 822 217 57 gravures
1112 822 126 57 qui
1184 822 145 57 sont
1274 822 217 57 gravées,
1437 822 108 57 de
1491 822 253 57 sculptures
1672 822 90 57 qui

370 882 143 50 sont
459 882 232 50 sculptées
638 882 107 50 et
691 882 107 50 de
745 882 196 50 dessins
888 882 125 50 qui
959 882 143 50 sont
1048 882 232 50 dessinés.
1227 882 107 50 En
1280 882 161 50 cela,
1387 882 143 50 elle
1476 882 125 50 est
1530 882 232 50 caractéris-

368 915 176 61 tique
486 915 117 61 de
545 915 176 61 l’art
662 915 254 61 norvégien
838 915 313 61 d’aujourd’hui.

408 938 141 81 Nous
496 938 176 81 avons,
619 938 105 81 en
672 938 211 81 Norvège,
830 938 105 81 la
883 938 246 81 conviction
1076 938 123 81 que
1147 938 158 81 l’art
1252 938 141 81 est,
1340 938 158 81 mieux
1446 938 123 81 que
1516 938 123 81 par
1569 938 193 81 d’autres,

372 1019 192 50 compris
511 1019 122 50 par
581 1019 122 50 les
650 1019 227 50 artistes.
825 1019 157 50 C’est
929 1019 209 50 pourquoi
1086 1019 122 50 les
1156 1019 174 50 œuvres
1278 1019 105 50 de
1330 1019 157 50 notre
1435 1019 296 50 participation
1661 1019 105 50 sont

370 1066 222 48 choisies
537 1066 130 48 par
611 1066 130 48 des
685 1066 204 48 comités
834 1066 222 48 composés
1000 1066 278 48 d’artistes,
1223 1066 148 48 élus
1315 1066 130 48 par
1390 1066 130 48 les
1445 1066 204 48 artistes.

406 1111 127 47 Ils
478 1111 127 47 ont
551 1111 199 47 examiné
696 1111 218 47 beaucoup
859 1111 218 47 d’œuvres
1022 1111 109 47 et
1077 1111 127 47 ils
1149 1111 145 47 sont
1240 1111 199 47 arrivés
1385 1111 109 47 au
1440 1111 218 47 résultat
1585 1111 181 47 présent,

371 1162 105 49 en
423 1162 192 49 partant
563 1162 105 49 de
615 1162 175 49 l’idée
737 1162 157 49 qu’un
842 1162 192 49 ouvrage
981 1162 122 49 qui
1051 1162 122 49 est
1121 1162 140 49 bien
1208 1162 87 49 —
1243 1162 105 49 ce
1296 1162 122 49 qui
1366 1162 140 49 veut
1453 1162 140 49 dire
1540 1162 157 49 entre
1627 1162 140 49 autres

371 1203 184 48 choses
499 1203 147 48 bien
591 1203 147 48 fait
683 1203 92 48 —
720 1203 129 48 est
793 1203 220 48 meilleur
959 1203 165 48 qu’un
1069 1203 202 48 ouvrage
1216 1203 129 48 qui
1289 1203 129 48 est
1363 1203 220 48 mauvais.
1528 1203 110 48 De
1583 1203 165 48 plus,
1675 1203 92 48 ils

372 1247 140 49 sont
459 1247 227 49 persuadés
633 1247 122 49 que
703 1247 105 49 si
755 1247 105 49 un
808 1247 157 49 vieux
912 1247 192 49 torchon
1052 1247 140 49 peut
1139 1247 157 49 avoir
1244 1247 105 49 un
1296 1247 157 49 effet
1401 1247 192 49 épatant
1540 1247 87 49 à
1575 1247 122 49 une
1627 1247 140 49 grande

372 1289 262 54 exposition,
581 1289 105 54 il
634 1289 157 54 reste
738 1289 210 54 pourtant
896 1289 105 54 un
948 1289 157 54 vieux
1053 1289 192 54 torchon
1193 1289 105 54 et
1245 1289 140 54 perd
1332 1289 262 54 entièrement
1542 1289 122 54 son
1612 1289 157 54 effet
1699 1289 70 54 là

370 1343 120 53 où
430 1343 120 53 se
490 1343 200 53 trouve
630 1343 120 53 le
690 1343 200 53 refuge
829 1343 140 53 des
909 1343 180 53 vieux
1009 1343 220 53 torchons.

408 1383 104 57 Si
460 1383 138 57 l’on
546 1383 155 57 croit
649 1383 121 57 que
718 1383 104 57 le
770 1383 138 57 fait
856 1383 173 57 d’être
977 1383 155 57 jeune
1081 1383 207 57 comporte
1236 1383 259 57 aujourd’hui
1443 1383 104 57 de
1495 1383 224 57 nouvelles
1650 1383 121 57 idées

373 1435 102 59 et
424 1435 102 59 de
475 1435 222 59 nouvelles
646 1435 239 59 techniques
834 1435 102 59 de
885 1435 205 59 travail,
1038 1435 136 59 l’on
1124 1435 239 59 découvrira
1311 1435 154 59 qu’il
1414 1435 136 59 faut
1499 1435 171 59 passer
1601 1435 171 59 beaucoup

371 1492 231 51 d’années
544 1492 173 51 avant
659 1492 115 51 de
717 1492 211 51 devenir
870 1492 173 51 jeune
985 1492 154 51 dans
1082 1492 115 51 le
1139 1492 211 51 domaine
1293 1492 134 51 des
1370 1492 231 51 tableaux
1543 1492 211 51 peints,
1677 1492 96 51 des

372 1534 258 48 sculptures
574 1534 258 48 sculptées,
777 1534 129 48 des
851 1534 221 48 gravures
1017 1534 203 48 gravées
1164 1534 111 48 et
1219 1534 129 48 des
1293 1534 203 48 dessins
1440 1534 240 48 dessinés.
1625 1534 111 48 Si
1661 1534 111 48 l’on

371 1569 150 61 aime
465 1569 112 61 la
521 1569 225 61 jeunesse
689 1569 168 61 parce
802 1569 131 61 que
877 1569 225 61 l’avenir
1045 1569 131 61 est
1120 1569 131 61 aux
1195 1569 206 61 jeunes,
1345 1569 112 61 on
1401 1569 131 61 les
1476 1569 150 61 aime
1569 1569 150 61 donc
1644 1569 131 61 parce

375 1628 136 49 que,
460 1628 119 49 une
528 1628 136 49 fois
614 1628 188 49 arrivés
750 1628 119 49 là,
819 1628 119 49 ils
887 1628 102 49 ne
938 1628 136 49 sont
1023 1628 136 49 plus
1109 1628 188 49 jeunes.
1245 1628 136 49 Mais
1330 1628 119 49 si,
1399 1628 119 49 par
1467 1628 188 49 contre,
1603 1628 136 49 l’on
1672 1628 102 49 aime

374 1668 106 46 le
427 1668 177 46 germe,
552 1668 106 46 le
605 1668 213 46 devenir,
764 1668 106 46 le
818 1668 177 46 savoir
942 1668 124 46 qui
1013 1668 124 46 est
1084 1668 89 46 à
1119 1668 124 46 son
1190 1668 177 46 début,
1314 1668 160 46 parce
1420 1668 124 46 que
1491 1668 124 46 ces
1562 1668 177 46 choses
1669 1668 106 46 sont

374 1714 111 43 en
429 1714 277 43 elles-mêmes
651 1714 185 43 nobles
780 1714 111 43 et
835 1714 277 43 gracieuses,
1057 1714 166 43 alors
1168 1714 148 43 l’on
1260 1714 185 43 pourra
1389 1714 166 43 aimer
1500 1714 129 43 les
1574 1714 185 43 œuvres
1685 1714 92 43 des

370 1757 214 62 jeunes
520 1757 171 62 pour
627 1757 321 62 elles-mêmes
884 1757 171 62 tout
969 1757 279 62 simplement.

412 1804 240 63 Confiants
596 1804 148 63 dans
689 1804 129 63 une
763 1804 166 63 telle
874 1804 166 63 façon
985 1804 111 63 de
1040 1804 166 63 voir,
1151 1804 148 63 nous
1244 1804 259 63 présentons
1447 1804 129 63 les
1521 1804 185 63 œuvres
1651 1804 111 63 de
1688 1804 92 63 nos

375 1848 180 58 jeunes
483 1848 198 58 artistes.

1468 1951 111 71 H.
1505 1951 278 71 Stenstadvold.

422 2103 96 62 82
