<?xml version="1.0" encoding="UTF-8"?>
<alto xmlns:xsi="http://www.w3.org/2001/XMLSchema-instance"
      xmlns="http://www.loc.gov/standards/alto/ns-v2#"
      xmlns:page="http://schema.primaresearch.org/PAGE/gts/pagecontent/2013-07-15"
      xsi:schemaLocation="http://www.loc.gov/standards/alto/ns-v2# http://www.loc.gov/standards/alto/alto.xsd">
   <Description>
      <MeasurementUnit>pixel</MeasurementUnit>
      <OCRProcessing ID="IdOcr">
         <ocrProcessingStep>
            <processingDateTime>2020-07-01T20:53:14.819+02:00</processingDateTime>
            <processingSoftware>
               <softwareCreator>READ COOP</softwareCreator>
               <softwareName>Transkribus</softwareName>
            </processingSoftware>
         </ocrProcessingStep>
      </OCRProcessing>
   </Description>
   <Tags/>
   <Layout>
      <Page ID="Page1" PHYSICAL_IMG_NR="1" HEIGHT="2197" WIDTH="1818">
         <TopMargin HEIGHT="0" WIDTH="1818" VPOS="0" HPOS="0"/>
         <LeftMargin HEIGHT="2197" WIDTH="0" VPOS="0" HPOS="0"/>
         <RightMargin HEIGHT="2197" WIDTH="15" VPOS="0" HPOS="1803"/>
         <BottomMargin HEIGHT="0" WIDTH="1818" VPOS="2197" HPOS="0"/>
         <PrintSpace HEIGHT="2197" WIDTH="1803" VPOS="0" HPOS="0">
            <TextBlock ID="r_1_1" HEIGHT="50" WIDTH="432" VPOS="52" HPOS="284">
               <Shape>
                  <Polygon POINTS="284,52 716,52 716,102 284,102"/>
               </Shape>
               <TextLine ID="tl_1"
                         BASELINE="114"
                         HEIGHT="79"
                         WIDTH="448"
                         VPOS="35"
                         HPOS="275">
                  <String HEIGHT="79"
                          WIDTH="498"
                          VPOS="35"
                          HPOS="225"
                          CONTENT="&lt;b&gt;YOUGOSLAVIE&lt;/b&gt;"/>
               </TextLine>
            </TextBlock>
            <TextBlock ID="r_2_1" HEIGHT="43" WIDTH="712" VPOS="481" HPOS="621">
               <Shape>
                  <Polygon POINTS="621,481 1333,481 1333,524 621,524"/>
               </Shape>
               <TextLine ID="tl_2"
                         BASELINE="525"
                         HEIGHT="57"
                         WIDTH="728"
                         VPOS="468"
                         HPOS="612">
                  <String HEIGHT="57"
                          WIDTH="237"
                          VPOS="468"
                          HPOS="596"
                          CONTENT="Commissaire"/>
                  <SP HEIGHT="57" WIDTH="16" VPOS="468" HPOS="834"/>
                  <String HEIGHT="57"
                          WIDTH="174"
                          VPOS="468"
                          HPOS="786"
                          CONTENT="Général"/>
                  <SP HEIGHT="57" WIDTH="16" VPOS="468" HPOS="960"/>
                  <String HEIGHT="57" WIDTH="79" VPOS="468" HPOS="913" CONTENT=":"/>
                  <SP HEIGHT="57" WIDTH="16" VPOS="468" HPOS="992"/>
                  <String HEIGHT="57"
                          WIDTH="237"
                          VPOS="468"
                          HPOS="944"
                          CONTENT="&lt;b&gt;Katarina"/>
                  <SP HEIGHT="57" WIDTH="16" VPOS="468" HPOS="1182"/>
                  <String HEIGHT="57"
                          WIDTH="222"
                          VPOS="468"
                          HPOS="1118"
                          CONTENT="Ambrosic&lt;/b&gt;"/>
               </TextLine>
            </TextBlock>
            <TextBlock ID="r_2_2" HEIGHT="48" WIDTH="1010" VPOS="514" HPOS="621">
               <Shape>
                  <Polygon POINTS="621,514 1631,514 1631,562 621,562"/>
               </Shape>
               <TextLine ID="tl_3"
                         BASELINE="592"
                         HEIGHT="116"
                         WIDTH="1026"
                         VPOS="476"
                         HPOS="613">
                  <String HEIGHT="116"
                          WIDTH="209"
                          VPOS="476"
                          HPOS="596"
                          CONTENT="Critique"/>
                  <SP HEIGHT="116" WIDTH="17" VPOS="476" HPOS="804"/>
                  <String HEIGHT="116"
                          WIDTH="174"
                          VPOS="476"
                          HPOS="752"
                          CONTENT="d’Art,"/>
                  <SP HEIGHT="116" WIDTH="17" VPOS="476" HPOS="926"/>
                  <String HEIGHT="116"
                          WIDTH="278"
                          VPOS="476"
                          HPOS="874"
                          CONTENT="Conservateur"/>
                  <SP HEIGHT="116" WIDTH="17" VPOS="476" HPOS="1152"/>
                  <String HEIGHT="116"
                          WIDTH="104"
                          VPOS="476"
                          HPOS="1100"
                          CONTENT="du"/>
                  <SP HEIGHT="116" WIDTH="17" VPOS="476" HPOS="1204"/>
                  <String HEIGHT="116"
                          WIDTH="157"
                          VPOS="476"
                          HPOS="1152"
                          CONTENT="Musée"/>
                  <SP HEIGHT="116" WIDTH="17" VPOS="476" HPOS="1309"/>
                  <String HEIGHT="116"
                          WIDTH="209"
                          VPOS="476"
                          HPOS="1256"
                          CONTENT="National"/>
                  <SP HEIGHT="116" WIDTH="17" VPOS="476" HPOS="1465"/>
                  <String HEIGHT="116"
                          WIDTH="104"
                          VPOS="476"
                          HPOS="1413"
                          CONTENT="de"/>
                  <SP HEIGHT="116" WIDTH="17" VPOS="476" HPOS="1517"/>
                  <String HEIGHT="116"
                          WIDTH="191"
                          VPOS="476"
                          HPOS="1448"
                          CONTENT="Belgrade."/>
               </TextLine>
            </TextBlock>
            <TextBlock ID="r_3_1" HEIGHT="287" WIDTH="1348" VPOS="801" HPOS="434">
               <Shape>
                  <Polygon POINTS="434,801 1782,801 1782,1088 434,1088"/>
               </Shape>
               <TextLine ID="tl_4"
                         BASELINE="866"
                         HEIGHT="74"
                         WIDTH="1327"
                         VPOS="792"
                         HPOS="459">
                  <String HEIGHT="74"
                          WIDTH="161"
                          VPOS="792"
                          HPOS="441"
                          CONTENT="C’est"/>
                  <SP HEIGHT="74" WIDTH="18" VPOS="792" HPOS="602"/>
                  <String HEIGHT="74"
                          WIDTH="143"
                          VPOS="792"
                          HPOS="549"
                          CONTENT="avec"/>
                  <SP HEIGHT="74" WIDTH="18" VPOS="792" HPOS="692"/>
                  <String HEIGHT="74"
                          WIDTH="197"
                          VPOS="792"
                          HPOS="638"
                          CONTENT="plaisir"/>
                  <SP HEIGHT="74" WIDTH="18" VPOS="792" HPOS="836"/>
                  <String HEIGHT="74" WIDTH="90" VPOS="792" HPOS="782" CONTENT="—"/>
                  <SP HEIGHT="74" WIDTH="18" VPOS="792" HPOS="871"/>
                  <String HEIGHT="74"
                          WIDTH="161"
                          VPOS="792"
                          HPOS="818"
                          CONTENT="mieux"/>
                  <SP HEIGHT="74" WIDTH="18" VPOS="792" HPOS="979"/>
                  <String HEIGHT="74" WIDTH="90" VPOS="792" HPOS="925" CONTENT="—"/>
                  <SP HEIGHT="74" WIDTH="18" VPOS="792" HPOS="1015"/>
                  <String HEIGHT="74"
                          WIDTH="143"
                          VPOS="792"
                          HPOS="961"
                          CONTENT="avec"/>
                  <SP HEIGHT="74" WIDTH="18" VPOS="792" HPOS="1105"/>
                  <String HEIGHT="74"
                          WIDTH="126"
                          VPOS="792"
                          HPOS="1051"
                          CONTENT="une"/>
                  <SP HEIGHT="74" WIDTH="18" VPOS="792" HPOS="1176"/>
                  <String HEIGHT="74"
                          WIDTH="143"
                          VPOS="792"
                          HPOS="1123"
                          CONTENT="joie"/>
                  <SP HEIGHT="74" WIDTH="18" VPOS="792" HPOS="1266"/>
                  <String HEIGHT="74"
                          WIDTH="215"
                          VPOS="792"
                          HPOS="1212"
                          CONTENT="sincère,"/>
                  <SP HEIGHT="74" WIDTH="18" VPOS="792" HPOS="1427"/>
                  <String HEIGHT="74"
                          WIDTH="126"
                          VPOS="792"
                          HPOS="1374"
                          CONTENT="que"/>
                  <SP HEIGHT="74" WIDTH="18" VPOS="792" HPOS="1499"/>
                  <String HEIGHT="74"
                          WIDTH="143"
                          VPOS="792"
                          HPOS="1445"
                          CONTENT="nous"/>
                  <SP HEIGHT="74" WIDTH="18" VPOS="792" HPOS="1589"/>
                  <String HEIGHT="74"
                          WIDTH="197"
                          VPOS="792"
                          HPOS="1535"
                          CONTENT="prenons"/>
                  <SP HEIGHT="74" WIDTH="18" VPOS="792" HPOS="1732"/>
                  <String HEIGHT="74"
                          WIDTH="126"
                          VPOS="792"
                          HPOS="1660"
                          CONTENT="part,"/>
               </TextLine>
               <TextLine ID="tl_5"
                         BASELINE="902"
                         HEIGHT="63"
                         WIDTH="1363"
                         VPOS="839"
                         HPOS="425">
                  <String HEIGHT="63" WIDTH="92" VPOS="839" HPOS="407" CONTENT="à"/>
                  <SP HEIGHT="63" WIDTH="18" VPOS="839" HPOS="499"/>
                  <String HEIGHT="63"
                          WIDTH="221"
                          VPOS="839"
                          HPOS="443"
                          CONTENT="nouveau,"/>
                  <SP HEIGHT="63" WIDTH="18" VPOS="839" HPOS="664"/>
                  <String HEIGHT="63" WIDTH="92" VPOS="839" HPOS="609" CONTENT="à"/>
                  <SP HEIGHT="63" WIDTH="18" VPOS="839" HPOS="701"/>
                  <String HEIGHT="63" WIDTH="111" VPOS="839" HPOS="646" CONTENT="la"/>
                  <SP HEIGHT="63" WIDTH="18" VPOS="839" HPOS="757"/>
                  <String HEIGHT="63"
                          WIDTH="221"
                          VPOS="839"
                          HPOS="701"
                          CONTENT="Biennale"/>
                  <SP HEIGHT="63" WIDTH="18" VPOS="839" HPOS="922"/>
                  <String HEIGHT="63" WIDTH="111" VPOS="839" HPOS="867" CONTENT="de"/>
                  <SP HEIGHT="63" WIDTH="18" VPOS="839" HPOS="978"/>
                  <String HEIGHT="63"
                          WIDTH="184"
                          VPOS="839"
                          HPOS="922"
                          CONTENT="Paris."/>
                  <SP HEIGHT="63" WIDTH="18" VPOS="839" HPOS="1106"/>
                  <String HEIGHT="63" WIDTH="111" VPOS="839" HPOS="1051" CONTENT="La"/>
                  <SP HEIGHT="63" WIDTH="18" VPOS="839" HPOS="1162"/>
                  <String HEIGHT="63"
                          WIDTH="295"
                          VPOS="839"
                          HPOS="1107"
                          CONTENT="confirmation"/>
                  <SP HEIGHT="63" WIDTH="18" VPOS="839" HPOS="1401"/>
                  <String HEIGHT="63" WIDTH="111" VPOS="839" HPOS="1346" CONTENT="de"/>
                  <SP HEIGHT="63" WIDTH="18" VPOS="839" HPOS="1456"/>
                  <String HEIGHT="63"
                          WIDTH="166"
                          VPOS="839"
                          HPOS="1401"
                          CONTENT="notre"/>
                  <SP HEIGHT="63" WIDTH="18" VPOS="839" HPOS="1567"/>
                  <String HEIGHT="63"
                          WIDTH="239"
                          VPOS="839"
                          HPOS="1512"
                          CONTENT="sélection"/>
                  <SP HEIGHT="63" WIDTH="18" VPOS="839" HPOS="1751"/>
                  <String HEIGHT="63" WIDTH="92" VPOS="839" HPOS="1696" CONTENT="à"/>
                  <SP HEIGHT="63" WIDTH="18" VPOS="839" HPOS="1788"/>
                  <String HEIGHT="63" WIDTH="74" VPOS="839" HPOS="1714" CONTENT="la"/>
               </TextLine>
               <TextLine ID="tl_6"
                         BASELINE="954"
                         HEIGHT="68"
                         WIDTH="1361"
                         VPOS="886"
                         HPOS="428">
                  <String HEIGHT="68"
                          WIDTH="224"
                          VPOS="886"
                          HPOS="409"
                          CONTENT="première"/>
                  <SP HEIGHT="68" WIDTH="19" VPOS="886" HPOS="633"/>
                  <String HEIGHT="68"
                          WIDTH="261"
                          VPOS="886"
                          HPOS="577"
                          CONTENT="exposition"/>
                  <SP HEIGHT="68" WIDTH="19" VPOS="886" HPOS="838"/>
                  <String HEIGHT="68"
                          WIDTH="149"
                          VPOS="886"
                          HPOS="782"
                          CONTENT="nous"/>
                  <SP HEIGHT="68" WIDTH="19" VPOS="886" HPOS="931"/>
                  <String HEIGHT="68"
                          WIDTH="242"
                          VPOS="886"
                          HPOS="875"
                          CONTENT="encourage"/>
                  <SP HEIGHT="68" WIDTH="19" VPOS="886" HPOS="1118"/>
                  <String HEIGHT="68" WIDTH="93" VPOS="886" HPOS="1062" CONTENT="à"/>
                  <SP HEIGHT="68" WIDTH="19" VPOS="886" HPOS="1155"/>
                  <String HEIGHT="68"
                          WIDTH="186"
                          VPOS="886"
                          HPOS="1099"
                          CONTENT="garder"/>
                  <SP HEIGHT="68" WIDTH="19" VPOS="886" HPOS="1286"/>
                  <String HEIGHT="68" WIDTH="112" VPOS="886" HPOS="1230" CONTENT="le"/>
                  <SP HEIGHT="68" WIDTH="19" VPOS="886" HPOS="1342"/>
                  <String HEIGHT="68"
                          WIDTH="149"
                          VPOS="886"
                          HPOS="1286"
                          CONTENT="même"/>
                  <SP HEIGHT="68" WIDTH="19" VPOS="886" HPOS="1435"/>
                  <String HEIGHT="68"
                          WIDTH="224"
                          VPOS="886"
                          HPOS="1379"
                          CONTENT="principe"/>
                  <SP HEIGHT="68" WIDTH="19" VPOS="886" HPOS="1603"/>
                  <String HEIGHT="68"
                          WIDTH="149"
                          VPOS="886"
                          HPOS="1547"
                          CONTENT="pour"/>
                  <SP HEIGHT="68" WIDTH="19" VPOS="886" HPOS="1696"/>
                  <String HEIGHT="68" WIDTH="112" VPOS="886" HPOS="1640" CONTENT="le"/>
                  <SP HEIGHT="68" WIDTH="19" VPOS="886" HPOS="1752"/>
                  <String HEIGHT="68"
                          WIDTH="112"
                          VPOS="886"
                          HPOS="1677"
                          CONTENT="choi"/>
               </TextLine>
               <TextLine ID="tl_7"
                         BASELINE="992"
                         HEIGHT="62"
                         WIDTH="1361"
                         VPOS="930"
                         HPOS="428">
                  <String HEIGHT="62" WIDTH="122" VPOS="930" HPOS="411" CONTENT="des"/>
                  <SP HEIGHT="62" WIDTH="17" VPOS="930" HPOS="533"/>
                  <String HEIGHT="62"
                          WIDTH="209"
                          VPOS="930"
                          HPOS="480"
                          CONTENT="artistes"/>
                  <SP HEIGHT="62" WIDTH="17" VPOS="930" HPOS="690"/>
                  <String HEIGHT="62"
                          WIDTH="244"
                          VPOS="930"
                          HPOS="637"
                          CONTENT="exposants,"/>
                  <SP HEIGHT="62" WIDTH="17" VPOS="930" HPOS="882"/>
                  <String HEIGHT="62"
                          WIDTH="279"
                          VPOS="930"
                          HPOS="829"
                          CONTENT="c’est-à-dire"/>
                  <SP HEIGHT="62" WIDTH="17" VPOS="930" HPOS="1109"/>
                  <String HEIGHT="62"
                          WIDTH="227"
                          VPOS="930"
                          HPOS="1056"
                          CONTENT="continuer"/>
                  <SP HEIGHT="62" WIDTH="17" VPOS="930" HPOS="1283"/>
                  <String HEIGHT="62" WIDTH="87" VPOS="930" HPOS="1231" CONTENT="à"/>
                  <SP HEIGHT="62" WIDTH="17" VPOS="930" HPOS="1318"/>
                  <String HEIGHT="62"
                          WIDTH="209"
                          VPOS="930"
                          HPOS="1266"
                          CONTENT="montrer,"/>
                  <SP HEIGHT="62" WIDTH="17" VPOS="930" HPOS="1475"/>
                  <String HEIGHT="62" WIDTH="87" VPOS="930" HPOS="1423" CONTENT="à"/>
                  <SP HEIGHT="62" WIDTH="17" VPOS="930" HPOS="1510"/>
                  <String HEIGHT="62"
                          WIDTH="192"
                          VPOS="930"
                          HPOS="1457"
                          CONTENT="travers"/>
                  <SP HEIGHT="62" WIDTH="17" VPOS="930" HPOS="1649"/>
                  <String HEIGHT="62"
                          WIDTH="122"
                          VPOS="930"
                          HPOS="1597"
                          CONTENT="les"/>
                  <SP HEIGHT="62" WIDTH="17" VPOS="930" HPOS="1719"/>
                  <String HEIGHT="62"
                          WIDTH="140"
                          VPOS="930"
                          HPOS="1649"
                          CONTENT="diffé"
                          SUBS_TYPE="HypPart1"
                          SUBS_CONTENT="différentes"/>
                  <HYP CONTENT="-"/>
               </TextLine>
               <TextLine ID="tl_8"
                         BASELINE="1046"
                         HEIGHT="57"
                         WIDTH="1361"
                         VPOS="989"
                         HPOS="429">
                  <String HEIGHT="57"
                          WIDTH="189"
                          VPOS="989"
                          HPOS="410"
                          CONTENT="rentes"
                          SUBS_TYPE="HypPart2"
                          SUBS_CONTENT="différentes"/>
                  <SP HEIGHT="57" WIDTH="19" VPOS="989" HPOS="599"/>
                  <String HEIGHT="57"
                          WIDTH="246"
                          VPOS="989"
                          HPOS="542"
                          CONTENT="tendances"/>
                  <SP HEIGHT="57" WIDTH="19" VPOS="989" HPOS="788"/>
                  <String HEIGHT="57"
                          WIDTH="265"
                          VPOS="989"
                          HPOS="731"
                          CONTENT="formelles,"/>
                  <SP HEIGHT="57" WIDTH="19" VPOS="989" HPOS="996"/>
                  <String HEIGHT="57" WIDTH="132" VPOS="989" HPOS="939" CONTENT="une"/>
                  <SP HEIGHT="57" WIDTH="19" VPOS="989" HPOS="1072"/>
                  <String HEIGHT="57"
                          WIDTH="189"
                          VPOS="989"
                          HPOS="1015"
                          CONTENT="partie"/>
                  <SP HEIGHT="57" WIDTH="19" VPOS="989" HPOS="1204"/>
                  <String HEIGHT="57" WIDTH="113" VPOS="989" HPOS="1147" CONTENT="de"/>
                  <SP HEIGHT="57" WIDTH="19" VPOS="989" HPOS="1261"/>
                  <String HEIGHT="57"
                          WIDTH="265"
                          VPOS="989"
                          HPOS="1204"
                          CONTENT="l’éventail"/>
                  <SP HEIGHT="57" WIDTH="19" VPOS="989" HPOS="1469"/>
                  <String HEIGHT="57"
                          WIDTH="227"
                          VPOS="989"
                          HPOS="1412"
                          CONTENT="créateur"/>
                  <SP HEIGHT="57" WIDTH="19" VPOS="989" HPOS="1639"/>
                  <String HEIGHT="57"
                          WIDTH="132"
                          VPOS="989"
                          HPOS="1582"
                          CONTENT="des"/>
                  <SP HEIGHT="57" WIDTH="19" VPOS="989" HPOS="1714"/>
                  <String HEIGHT="57"
                          WIDTH="151"
                          VPOS="989"
                          HPOS="1639"
                          CONTENT="jeunes"/>
               </TextLine>
               <TextLine ID="tl_9"
                         BASELINE="1098"
                         HEIGHT="60"
                         WIDTH="378"
                         VPOS="1038"
                         HPOS="428">
                  <String HEIGHT="60"
                          WIDTH="216"
                          VPOS="1038"
                          HPOS="410"
                          CONTENT="artistes"/>
                  <SP HEIGHT="60" WIDTH="18" VPOS="1038" HPOS="626"/>
                  <String HEIGHT="60"
                          WIDTH="252"
                          VPOS="1038"
                          HPOS="554"
                          CONTENT="yougoslaves."/>
               </TextLine>
            </TextBlock>
            <TextBlock ID="r_3_2" HEIGHT="330" WIDTH="1349" VPOS="1084" HPOS="438">
               <Shape>
                  <Polygon POINTS="438,1084 1787,1084 1787,1414 438,1414"/>
               </Shape>
               <TextLine ID="tl_10"
                         BASELINE="1135"
                         HEIGHT="57"
                         WIDTH="1330"
                         VPOS="1078"
                         HPOS="461">
                  <String HEIGHT="57"
                          WIDTH="313"
                          VPOS="1078"
                          HPOS="441"
                          CONTENT="Profondément"/>
                  <SP HEIGHT="57" WIDTH="20" VPOS="1078" HPOS="754"/>
                  <String HEIGHT="57"
                          WIDTH="254"
                          VPOS="1078"
                          HPOS="696"
                          CONTENT="intéressé"/>
                  <SP HEIGHT="57" WIDTH="20" VPOS="1078" HPOS="950"/>
                  <String HEIGHT="57"
                          WIDTH="137"
                          VPOS="1078"
                          HPOS="891"
                          CONTENT="par"/>
                  <SP HEIGHT="57" WIDTH="20" VPOS="1078" HPOS="1028"/>
                  <String HEIGHT="57"
                          WIDTH="137"
                          VPOS="1078"
                          HPOS="970"
                          CONTENT="les"/>
                  <SP HEIGHT="57" WIDTH="20" VPOS="1078" HPOS="1106"/>
                  <String HEIGHT="57"
                          WIDTH="274"
                          VPOS="1078"
                          HPOS="1048"
                          CONTENT="recherches"/>
                  <SP HEIGHT="57" WIDTH="20" VPOS="1078" HPOS="1322"/>
                  <String HEIGHT="57"
                          WIDTH="137"
                          VPOS="1078"
                          HPOS="1263"
                          CONTENT="sur"/>
                  <SP HEIGHT="57" WIDTH="20" VPOS="1078" HPOS="1400"/>
                  <String HEIGHT="57"
                          WIDTH="137"
                          VPOS="1078"
                          HPOS="1341"
                          CONTENT="les"/>
                  <SP HEIGHT="57" WIDTH="20" VPOS="1078" HPOS="1478"/>
                  <String HEIGHT="57"
                          WIDTH="313"
                          VPOS="1078"
                          HPOS="1419"
                          CONTENT="possibilités"/>
                  <SP HEIGHT="57" WIDTH="20" VPOS="1078" HPOS="1732"/>
                  <String HEIGHT="57"
                          WIDTH="137"
                          VPOS="1078"
                          HPOS="1654"
                          CONTENT="d’une"/>
               </TextLine>
               <TextLine ID="tl_11"
                         BASELINE="1193"
                         HEIGHT="63"
                         WIDTH="1362"
                         VPOS="1130"
                         HPOS="430">
                  <String HEIGHT="63"
                          WIDTH="227"
                          VPOS="1130"
                          HPOS="411"
                          CONTENT="nouvelle"/>
                  <SP HEIGHT="63" WIDTH="19" VPOS="1130" HPOS="638"/>
                  <String HEIGHT="63"
                          WIDTH="170"
                          VPOS="1130"
                          HPOS="581"
                          CONTENT="forme"/>
                  <SP HEIGHT="63" WIDTH="19" VPOS="1130" HPOS="752"/>
                  <String HEIGHT="63"
                          WIDTH="265"
                          VPOS="1130"
                          HPOS="695"
                          CONTENT="plastique,"/>
                  <SP HEIGHT="63" WIDTH="19" VPOS="1130" HPOS="960"/>
                  <String HEIGHT="63"
                          WIDTH="170"
                          VPOS="1130"
                          HPOS="903"
                          CONTENT="Dusan"/>
                  <SP HEIGHT="63" WIDTH="19" VPOS="1130" HPOS="1073"/>
                  <String HEIGHT="63"
                          WIDTH="227"
                          VPOS="1130"
                          HPOS="1016"
                          CONTENT="Dzamonja"/>
                  <SP HEIGHT="63" WIDTH="19" VPOS="1130" HPOS="1243"/>
                  <String HEIGHT="63" WIDTH="95" VPOS="1130" HPOS="1187" CONTENT="a"/>
                  <SP HEIGHT="63" WIDTH="19" VPOS="1130" HPOS="1281"/>
                  <String HEIGHT="63"
                          WIDTH="189"
                          VPOS="1130"
                          HPOS="1224"
                          CONTENT="trouvé"/>
                  <SP HEIGHT="63" WIDTH="19" VPOS="1130" HPOS="1414"/>
                  <String HEIGHT="63"
                          WIDTH="132"
                          VPOS="1130"
                          HPOS="1357"
                          CONTENT="une"/>
                  <SP HEIGHT="63" WIDTH="19" VPOS="1130" HPOS="1489"/>
                  <String HEIGHT="63"
                          WIDTH="208"
                          VPOS="1130"
                          HPOS="1433"
                          CONTENT="manière"/>
                  <SP HEIGHT="63" WIDTH="19" VPOS="1130" HPOS="1641"/>
                  <String HEIGHT="63"
                          WIDTH="227"
                          VPOS="1130"
                          HPOS="1565"
                          CONTENT="absolument"/>
               </TextLine>
               <TextLine ID="tl_12"
                         BASELINE="1225"
                         HEIGHT="57"
                         WIDTH="1363"
                         VPOS="1168"
                         HPOS="430">
                  <String HEIGHT="57"
                          WIDTH="246"
                          VPOS="1168"
                          HPOS="411"
                          CONTENT="originale"/>
                  <SP HEIGHT="57" WIDTH="19" VPOS="1168" HPOS="657"/>
                  <String HEIGHT="57"
                          WIDTH="265"
                          VPOS="1168"
                          HPOS="600"
                          CONTENT="d’employer"/>
                  <SP HEIGHT="57" WIDTH="19" VPOS="1168" HPOS="865"/>
                  <String HEIGHT="57"
                          WIDTH="133"
                          VPOS="1168"
                          HPOS="809"
                          CONTENT="les"/>
                  <SP HEIGHT="57" WIDTH="19" VPOS="1168" HPOS="941"/>
                  <String HEIGHT="57"
                          WIDTH="170"
                          VPOS="1168"
                          HPOS="884"
                          CONTENT="clous"/>
                  <SP HEIGHT="57" WIDTH="19" VPOS="1168" HPOS="1055"/>
                  <String HEIGHT="57"
                          WIDTH="208"
                          VPOS="1168"
                          HPOS="998"
                          CONTENT="formant"/>
                  <SP HEIGHT="57" WIDTH="19" VPOS="1168" HPOS="1206"/>
                  <String HEIGHT="57"
                          WIDTH="133"
                          VPOS="1168"
                          HPOS="1149"
                          CONTENT="une"/>
                  <SP HEIGHT="57" WIDTH="19" VPOS="1168" HPOS="1282"/>
                  <String HEIGHT="57"
                          WIDTH="208"
                          VPOS="1168"
                          HPOS="1225"
                          CONTENT="texture"/>
                  <SP HEIGHT="57" WIDTH="19" VPOS="1168" HPOS="1433"/>
                  <String HEIGHT="57"
                          WIDTH="265"
                          VPOS="1168"
                          HPOS="1377"
                          CONTENT="métallique"/>
                  <SP HEIGHT="57" WIDTH="19" VPOS="1168" HPOS="1642"/>
                  <String HEIGHT="57"
                          WIDTH="114"
                          VPOS="1168"
                          HPOS="1585"
                          CONTENT="où"/>
                  <SP HEIGHT="57" WIDTH="19" VPOS="1168" HPOS="1698"/>
                  <String HEIGHT="57"
                          WIDTH="170"
                          VPOS="1168"
                          HPOS="1623"
                          CONTENT="miroite"/>
               </TextLine>
               <TextLine ID="tl_13"
                         BASELINE="1274"
                         HEIGHT="57"
                         WIDTH="1362"
                         VPOS="1217"
                         HPOS="431">
                  <String HEIGHT="57"
                          WIDTH="217"
                          VPOS="1217"
                          HPOS="411"
                          CONTENT="souvent"/>
                  <SP HEIGHT="57" WIDTH="20" VPOS="1217" HPOS="628"/>
                  <String HEIGHT="57" WIDTH="118" VPOS="1217" HPOS="569" CONTENT="un"/>
                  <SP HEIGHT="57" WIDTH="20" VPOS="1217" HPOS="688"/>
                  <String HEIGHT="57"
                          WIDTH="178"
                          VPOS="1217"
                          HPOS="628"
                          CONTENT="noyau"/>
                  <SP HEIGHT="57" WIDTH="20" VPOS="1217" HPOS="806"/>
                  <String HEIGHT="57" WIDTH="118" VPOS="1217" HPOS="747" CONTENT="en"/>
                  <SP HEIGHT="57" WIDTH="20" VPOS="1217" HPOS="865"/>
                  <String HEIGHT="57"
                          WIDTH="178"
                          VPOS="1217"
                          HPOS="806"
                          CONTENT="verre"/>
                  <SP HEIGHT="57" WIDTH="20" VPOS="1217" HPOS="984"/>
                  <String HEIGHT="57"
                          WIDTH="178"
                          VPOS="1217"
                          HPOS="924"
                          CONTENT="brut."/>
                  <SP HEIGHT="57" WIDTH="20" VPOS="1217" HPOS="1102"/>
                  <String HEIGHT="57"
                          WIDTH="118"
                          VPOS="1217"
                          HPOS="1043"
                          CONTENT="Ce"/>
                  <SP HEIGHT="57" WIDTH="20" VPOS="1217" HPOS="1161"/>
                  <String HEIGHT="57"
                          WIDTH="217"
                          VPOS="1217"
                          HPOS="1102"
                          CONTENT="nouveau"/>
                  <SP HEIGHT="57" WIDTH="20" VPOS="1217" HPOS="1319"/>
                  <String HEIGHT="57"
                          WIDTH="158"
                          VPOS="1217"
                          HPOS="1260"
                          CONTENT="mode"/>
                  <SP HEIGHT="57" WIDTH="20" VPOS="1217" HPOS="1418"/>
                  <String HEIGHT="57"
                          WIDTH="316"
                          VPOS="1217"
                          HPOS="1359"
                          CONTENT="d’expression"/>
                  <SP HEIGHT="57" WIDTH="20" VPOS="1217" HPOS="1675"/>
                  <String HEIGHT="57" WIDTH="99" VPOS="1217" HPOS="1615" CONTENT="a"/>
                  <SP HEIGHT="57" WIDTH="20" VPOS="1217" HPOS="1714"/>
                  <String HEIGHT="57"
                          WIDTH="158"
                          VPOS="1217"
                          HPOS="1635"
                          CONTENT="permis"/>
               </TextLine>
               <TextLine ID="tl_14"
                         BASELINE="1323"
                         HEIGHT="57"
                         WIDTH="1363"
                         VPOS="1266"
                         HPOS="431">
                  <String HEIGHT="57" WIDTH="90" VPOS="1266" HPOS="413" CONTENT="à"/>
                  <SP HEIGHT="57" WIDTH="18" VPOS="1266" HPOS="503"/>
                  <String HEIGHT="57"
                          WIDTH="233"
                          VPOS="1266"
                          HPOS="449"
                          CONTENT="l’artiste"/>
                  <SP HEIGHT="57" WIDTH="18" VPOS="1266" HPOS="682"/>
                  <String HEIGHT="57" WIDTH="108" VPOS="1266" HPOS="628" CONTENT="de"/>
                  <SP HEIGHT="57" WIDTH="18" VPOS="1266" HPOS="736"/>
                  <String HEIGHT="57"
                          WIDTH="179"
                          VPOS="1266"
                          HPOS="682"
                          CONTENT="donner"/>
                  <SP HEIGHT="57" WIDTH="18" VPOS="1266" HPOS="861"/>
                  <String HEIGHT="57" WIDTH="108" VPOS="1266" HPOS="808" CONTENT="un"/>
                  <SP HEIGHT="57" WIDTH="18" VPOS="1266" HPOS="915"/>
                  <String HEIGHT="57"
                          WIDTH="179"
                          VPOS="1266"
                          HPOS="861"
                          CONTENT="nouvel"/>
                  <SP HEIGHT="57" WIDTH="18" VPOS="1266" HPOS="1041"/>
                  <String HEIGHT="57"
                          WIDTH="161"
                          VPOS="1266"
                          HPOS="987"
                          CONTENT="essor"/>
                  <SP HEIGHT="57" WIDTH="18" VPOS="1266" HPOS="1148"/>
                  <String HEIGHT="57" WIDTH="90" VPOS="1266" HPOS="1095" CONTENT="à"/>
                  <SP HEIGHT="57" WIDTH="18" VPOS="1266" HPOS="1184"/>
                  <String HEIGHT="57"
                          WIDTH="126"
                          VPOS="1266"
                          HPOS="1130"
                          CONTENT="ses"/>
                  <SP HEIGHT="57" WIDTH="18" VPOS="1266" HPOS="1256"/>
                  <String HEIGHT="57"
                          WIDTH="251"
                          VPOS="1266"
                          HPOS="1202"
                          CONTENT="inventions"/>
                  <SP HEIGHT="57" WIDTH="18" VPOS="1266" HPOS="1453"/>
                  <String HEIGHT="57"
                          WIDTH="108"
                          VPOS="1266"
                          HPOS="1399"
                          CONTENT="de"/>
                  <SP HEIGHT="57" WIDTH="18" VPOS="1266" HPOS="1507"/>
                  <String HEIGHT="57"
                          WIDTH="179"
                          VPOS="1266"
                          HPOS="1453"
                          CONTENT="formes"/>
                  <SP HEIGHT="57" WIDTH="18" VPOS="1266" HPOS="1633"/>
                  <String HEIGHT="57"
                          WIDTH="233"
                          VPOS="1266"
                          HPOS="1561"
                          CONTENT="abstraites,"/>
               </TextLine>
               <TextLine ID="tl_15"
                         BASELINE="1368"
                         HEIGHT="51"
                         WIDTH="1361"
                         VPOS="1317"
                         HPOS="433">
                  <String HEIGHT="51" WIDTH="113" VPOS="1317" HPOS="414" CONTENT="se"/>
                  <SP HEIGHT="51" WIDTH="19" VPOS="1317" HPOS="528"/>
                  <String HEIGHT="51"
                          WIDTH="227"
                          VPOS="1317"
                          HPOS="471"
                          CONTENT="référant"/>
                  <SP HEIGHT="51" WIDTH="19" VPOS="1317" HPOS="698"/>
                  <String HEIGHT="51" WIDTH="113" VPOS="1317" HPOS="641" CONTENT="au"/>
                  <SP HEIGHT="51" WIDTH="19" VPOS="1317" HPOS="754"/>
                  <String HEIGHT="51"
                          WIDTH="170"
                          VPOS="1317"
                          HPOS="698"
                          CONTENT="monde"/>
                  <SP HEIGHT="51" WIDTH="19" VPOS="1317" HPOS="868"/>
                  <String HEIGHT="51"
                          WIDTH="132"
                          VPOS="1317"
                          HPOS="811"
                          CONTENT="des"/>
                  <SP HEIGHT="51" WIDTH="19" VPOS="1317" HPOS="943"/>
                  <String HEIGHT="51"
                          WIDTH="227"
                          VPOS="1317"
                          HPOS="887"
                          CONTENT="symboles"/>
                  <SP HEIGHT="51" WIDTH="19" VPOS="1317" HPOS="1114"/>
                  <String HEIGHT="51"
                          WIDTH="132"
                          VPOS="1317"
                          HPOS="1057"
                          CONTENT="qui"/>
                  <SP HEIGHT="51" WIDTH="19" VPOS="1317" HPOS="1189"/>
                  <String HEIGHT="51"
                          WIDTH="321"
                          VPOS="1317"
                          HPOS="1132"
                          CONTENT="accompagnent,"/>
                  <SP HEIGHT="51" WIDTH="19" VPOS="1317" HPOS="1454"/>
                  <String HEIGHT="51"
                          WIDTH="113"
                          VPOS="1317"
                          HPOS="1397"
                          CONTENT="en"/>
                  <SP HEIGHT="51" WIDTH="19" VPOS="1317" HPOS="1510"/>
                  <String HEIGHT="51"
                          WIDTH="246"
                          VPOS="1317"
                          HPOS="1454"
                          CONTENT="sourdine,"/>
                  <SP HEIGHT="51" WIDTH="19" VPOS="1317" HPOS="1699"/>
                  <String HEIGHT="51"
                          WIDTH="170"
                          VPOS="1317"
                          HPOS="1624"
                          CONTENT="chacune"/>
               </TextLine>
               <TextLine ID="tl_16"
                         BASELINE="1424"
                         HEIGHT="55"
                         WIDTH="1363"
                         VPOS="1369"
                         HPOS="432">
                  <String HEIGHT="55" WIDTH="115" VPOS="1369" HPOS="413" CONTENT="de"/>
                  <SP HEIGHT="55" WIDTH="19" VPOS="1369" HPOS="528"/>
                  <String HEIGHT="55"
                          WIDTH="134"
                          VPOS="1369"
                          HPOS="470"
                          CONTENT="ses"/>
                  <SP HEIGHT="55" WIDTH="19" VPOS="1369" HPOS="605"/>
                  <String HEIGHT="55"
                          WIDTH="192"
                          VPOS="1369"
                          HPOS="547"
                          CONTENT="œuvres"/>
                  <SP HEIGHT="55" WIDTH="19" VPOS="1369" HPOS="739"/>
                  <String HEIGHT="55"
                          WIDTH="230"
                          VPOS="1369"
                          HPOS="682"
                          CONTENT="toujours"/>
                  <SP HEIGHT="55" WIDTH="19" VPOS="1369" HPOS="912"/>
                  <String HEIGHT="55"
                          WIDTH="230"
                          VPOS="1369"
                          HPOS="854"
                          CONTENT="marquées"/>
                  <SP HEIGHT="55" WIDTH="19" VPOS="1369" HPOS="1085"/>
                  <String HEIGHT="55"
                          WIDTH="134"
                          VPOS="1369"
                          HPOS="1027"
                          CONTENT="par"/>
                  <SP HEIGHT="55" WIDTH="19" VPOS="1369" HPOS="1161"/>
                  <String HEIGHT="55"
                          WIDTH="115"
                          VPOS="1369"
                          HPOS="1104"
                          CONTENT="un"/>
                  <SP HEIGHT="55" WIDTH="19" VPOS="1369" HPOS="1219"/>
                  <String HEIGHT="55"
                          WIDTH="192"
                          VPOS="1369"
                          HPOS="1161"
                          CONTENT="accent"/>
                  <SP HEIGHT="55" WIDTH="19" VPOS="1369" HPOS="1353"/>
                  <String HEIGHT="55"
                          WIDTH="365"
                          VPOS="1369"
                          HPOS="1296"
                          CONTENT="authentiquement"/>
                  <SP HEIGHT="55" WIDTH="19" VPOS="1369" HPOS="1661"/>
                  <String HEIGHT="55"
                          WIDTH="211"
                          VPOS="1369"
                          HPOS="1584"
                          CONTENT="poétique."/>
               </TextLine>
            </TextBlock>
            <TextBlock ID="r_3_3" HEIGHT="282" WIDTH="1351" VPOS="1413" HPOS="442">
               <Shape>
                  <Polygon POINTS="442,1413 1793,1413 1793,1695 442,1695"/>
               </Shape>
               <TextLine ID="tl_17"
                         BASELINE="1462"
                         HEIGHT="51"
                         WIDTH="1330"
                         VPOS="1411"
                         HPOS="467">
                  <String HEIGHT="51"
                          WIDTH="161"
                          VPOS="1411"
                          HPOS="447"
                          CONTENT="Dans"/>
                  <SP HEIGHT="51" WIDTH="20" VPOS="1411" HPOS="608"/>
                  <String HEIGHT="51" WIDTH="121" VPOS="1411" HPOS="548" CONTENT="sa"/>
                  <SP HEIGHT="51" WIDTH="20" VPOS="1411" HPOS="669"/>
                  <String HEIGHT="51"
                          WIDTH="262"
                          VPOS="1411"
                          HPOS="608"
                          CONTENT="peinture,"/>
                  <SP HEIGHT="51" WIDTH="20" VPOS="1411" HPOS="870"/>
                  <String HEIGHT="51"
                          WIDTH="181"
                          VPOS="1411"
                          HPOS="810"
                          CONTENT="comme"/>
                  <SP HEIGHT="51" WIDTH="20" VPOS="1411" HPOS="991"/>
                  <String HEIGHT="51"
                          WIDTH="161"
                          VPOS="1411"
                          HPOS="930"
                          CONTENT="dans"/>
                  <SP HEIGHT="51" WIDTH="20" VPOS="1411" HPOS="1092"/>
                  <String HEIGHT="51"
                          WIDTH="121"
                          VPOS="1411"
                          HPOS="1031"
                          CONTENT="sa"/>
                  <SP HEIGHT="51" WIDTH="20" VPOS="1411" HPOS="1152"/>
                  <String HEIGHT="51"
                          WIDTH="242"
                          VPOS="1411"
                          HPOS="1092"
                          CONTENT="gravure,"/>
                  <SP HEIGHT="51" WIDTH="20" VPOS="1411" HPOS="1334"/>
                  <String HEIGHT="51"
                          WIDTH="181"
                          VPOS="1411"
                          HPOS="1273"
                          CONTENT="Janez"/>
                  <SP HEIGHT="51" WIDTH="20" VPOS="1411" HPOS="1454"/>
                  <String HEIGHT="51"
                          WIDTH="202"
                          VPOS="1411"
                          HPOS="1394"
                          CONTENT="Bernik"/>
                  <SP HEIGHT="51" WIDTH="20" VPOS="1411" HPOS="1595"/>
                  <String HEIGHT="51"
                          WIDTH="121"
                          VPOS="1411"
                          HPOS="1535"
                          CONTENT="se"/>
                  <SP HEIGHT="51" WIDTH="20" VPOS="1411" HPOS="1656"/>
                  <String HEIGHT="51"
                          WIDTH="202"
                          VPOS="1411"
                          HPOS="1595"
                          CONTENT="montre"/>
                  <SP HEIGHT="51" WIDTH="20" VPOS="1411" HPOS="1797"/>
                  <String HEIGHT="51" WIDTH="81" VPOS="1411" HPOS="1716" CONTENT="un"/>
               </TextLine>
               <TextLine ID="tl_18"
                         BASELINE="1507"
                         HEIGHT="45"
                         WIDTH="1364"
                         VPOS="1462"
                         HPOS="434">
                  <String HEIGHT="45"
                          WIDTH="266"
                          VPOS="1462"
                          HPOS="416"
                          CONTENT="explorateur"/>
                  <SP HEIGHT="45" WIDTH="18" VPOS="1462" HPOS="682"/>
                  <String HEIGHT="45"
                          WIDTH="142"
                          VPOS="1462"
                          HPOS="629"
                          CONTENT="bien"/>
                  <SP HEIGHT="45" WIDTH="18" VPOS="1462" HPOS="771"/>
                  <String HEIGHT="45"
                          WIDTH="213"
                          VPOS="1462"
                          HPOS="717"
                          CONTENT="curieux."/>
                  <SP HEIGHT="45" WIDTH="18" VPOS="1462" HPOS="930"/>
                  <String HEIGHT="45" WIDTH="89" VPOS="1462" HPOS="877" CONTENT="A"/>
                  <SP HEIGHT="45" WIDTH="18" VPOS="1462" HPOS="965"/>
                  <String HEIGHT="45"
                          WIDTH="195"
                          VPOS="1462"
                          HPOS="912"
                          CONTENT="travers"/>
                  <SP HEIGHT="45" WIDTH="18" VPOS="1462" HPOS="1107"/>
                  <String HEIGHT="45"
                          WIDTH="124"
                          VPOS="1462"
                          HPOS="1054"
                          CONTENT="une"/>
                  <SP HEIGHT="45" WIDTH="18" VPOS="1462" HPOS="1178"/>
                  <String HEIGHT="45"
                          WIDTH="248"
                          VPOS="1462"
                          HPOS="1125"
                          CONTENT="expérience"/>
                  <SP HEIGHT="45" WIDTH="18" VPOS="1462" HPOS="1373"/>
                  <String HEIGHT="45"
                          WIDTH="266"
                          VPOS="1462"
                          HPOS="1320"
                          CONTENT="sensorielle"/>
                  <SP HEIGHT="45" WIDTH="18" VPOS="1462" HPOS="1585"/>
                  <String HEIGHT="45"
                          WIDTH="106"
                          VPOS="1462"
                          HPOS="1532"
                          CONTENT="de"/>
                  <SP HEIGHT="45" WIDTH="18" VPOS="1462" HPOS="1639"/>
                  <String HEIGHT="45"
                          WIDTH="106"
                          VPOS="1462"
                          HPOS="1585"
                          CONTENT="la"/>
                  <SP HEIGHT="45" WIDTH="18" VPOS="1462" HPOS="1692"/>
                  <String HEIGHT="45"
                          WIDTH="177"
                          VPOS="1462"
                          HPOS="1621"
                          CONTENT="matière,"/>
               </TextLine>
               <TextLine ID="tl_19"
                         BASELINE="1553"
                         HEIGHT="55"
                         WIDTH="1362"
                         VPOS="1498"
                         HPOS="436">
                  <String HEIGHT="55" WIDTH="112" VPOS="1498" HPOS="417" CONTENT="il"/>
                  <SP HEIGHT="55" WIDTH="19" VPOS="1498" HPOS="529"/>
                  <String HEIGHT="55"
                          WIDTH="187"
                          VPOS="1498"
                          HPOS="473"
                          CONTENT="semble"/>
                  <SP HEIGHT="55" WIDTH="19" VPOS="1498" HPOS="660"/>
                  <String HEIGHT="55"
                          WIDTH="243"
                          VPOS="1498"
                          HPOS="604"
                          CONTENT="entrevoir"/>
                  <SP HEIGHT="55" WIDTH="19" VPOS="1498" HPOS="846"/>
                  <String HEIGHT="55"
                          WIDTH="131"
                          VPOS="1498"
                          HPOS="790"
                          CONTENT="les"/>
                  <SP HEIGHT="55" WIDTH="19" VPOS="1498" HPOS="921"/>
                  <String HEIGHT="55"
                          WIDTH="224"
                          VPOS="1498"
                          HPOS="865"
                          CONTENT="mystères"/>
                  <SP HEIGHT="55" WIDTH="19" VPOS="1498" HPOS="1089"/>
                  <String HEIGHT="55"
                          WIDTH="131"
                          VPOS="1498"
                          HPOS="1033"
                          CONTENT="des"/>
                  <SP HEIGHT="55" WIDTH="19" VPOS="1498" HPOS="1164"/>
                  <String HEIGHT="55"
                          WIDTH="187"
                          VPOS="1498"
                          HPOS="1108"
                          CONTENT="mondes"/>
                  <SP HEIGHT="55" WIDTH="19" VPOS="1498" HPOS="1294"/>
                  <String HEIGHT="55"
                          WIDTH="243"
                          VPOS="1498"
                          HPOS="1238"
                          CONTENT="inconnus,"/>
                  <SP HEIGHT="55" WIDTH="19" VPOS="1498" HPOS="1481"/>
                  <String HEIGHT="55"
                          WIDTH="149"
                          VPOS="1498"
                          HPOS="1425"
                          CONTENT="leur"/>
                  <SP HEIGHT="55" WIDTH="19" VPOS="1498" HPOS="1574"/>
                  <String HEIGHT="55"
                          WIDTH="261"
                          VPOS="1498"
                          HPOS="1518"
                          CONTENT="découvrant"/>
                  <SP HEIGHT="55" WIDTH="19" VPOS="1498" HPOS="1779"/>
                  <String HEIGHT="55"
                          WIDTH="93"
                          VPOS="1498"
                          HPOS="1705"
                          CONTENT="une"/>
               </TextLine>
               <TextLine ID="tl_20"
                         BASELINE="1597"
                         HEIGHT="53"
                         WIDTH="1363"
                         VPOS="1544"
                         HPOS="436">
                  <String HEIGHT="53"
                          WIDTH="177"
                          VPOS="1544"
                          HPOS="418"
                          CONTENT="beauté"/>
                  <SP HEIGHT="53" WIDTH="18" VPOS="1544" HPOS="595"/>
                  <String HEIGHT="53"
                          WIDTH="266"
                          VPOS="1544"
                          HPOS="542"
                          CONTENT="singulière."/>
                  <SP HEIGHT="53" WIDTH="18" VPOS="1544" HPOS="808"/>
                  <String HEIGHT="53"
                          WIDTH="124"
                          VPOS="1544"
                          HPOS="755"
                          CONTENT="Par"/>
                  <SP HEIGHT="53" WIDTH="18" VPOS="1544" HPOS="879"/>
                  <String HEIGHT="53" WIDTH="106" VPOS="1544" HPOS="825" CONTENT="sa"/>
                  <SP HEIGHT="53" WIDTH="18" VPOS="1544" HPOS="932"/>
                  <String HEIGHT="53"
                          WIDTH="248"
                          VPOS="1544"
                          HPOS="879"
                          CONTENT="conception"/>
                  <SP HEIGHT="53" WIDTH="18" VPOS="1544" HPOS="1126"/>
                  <String HEIGHT="53"
                          WIDTH="248"
                          VPOS="1544"
                          HPOS="1073"
                          CONTENT="plastique,"/>
                  <SP HEIGHT="53" WIDTH="18" VPOS="1544" HPOS="1321"/>
                  <String HEIGHT="53"
                          WIDTH="177"
                          VPOS="1544"
                          HPOS="1268"
                          CONTENT="Bernik"/>
                  <SP HEIGHT="53" WIDTH="18" VPOS="1544" HPOS="1445"/>
                  <String HEIGHT="53"
                          WIDTH="248"
                          VPOS="1544"
                          HPOS="1392"
                          CONTENT="appartient"/>
                  <SP HEIGHT="53" WIDTH="18" VPOS="1544" HPOS="1640"/>
                  <String HEIGHT="53" WIDTH="89" VPOS="1544" HPOS="1587" CONTENT="à"/>
                  <SP HEIGHT="53" WIDTH="18" VPOS="1544" HPOS="1675"/>
                  <String HEIGHT="53"
                          WIDTH="106"
                          VPOS="1544"
                          HPOS="1622"
                          CONTENT="la"/>
                  <SP HEIGHT="53" WIDTH="18" VPOS="1544" HPOS="1728"/>
                  <String HEIGHT="53"
                          WIDTH="142"
                          VPOS="1544"
                          HPOS="1657"
                          CONTENT="famile"/>
               </TextLine>
               <TextLine ID="tl_21"
                         BASELINE="1662"
                         HEIGHT="64"
                         WIDTH="1362"
                         VPOS="1598"
                         HPOS="437">
                  <String HEIGHT="64"
                          WIDTH="129"
                          VPOS="1598"
                          HPOS="419"
                          CONTENT="des"/>
                  <SP HEIGHT="64" WIDTH="18" VPOS="1598" HPOS="547"/>
                  <String HEIGHT="64"
                          WIDTH="221"
                          VPOS="1598"
                          HPOS="492"
                          CONTENT="peintres"/>
                  <SP HEIGHT="64" WIDTH="18" VPOS="1598" HPOS="713"/>
                  <String HEIGHT="64"
                          WIDTH="147"
                          VPOS="1598"
                          HPOS="658"
                          CONTENT="qui,"/>
                  <SP HEIGHT="64" WIDTH="18" VPOS="1598" HPOS="805"/>
                  <String HEIGHT="64" WIDTH="110" VPOS="1598" HPOS="750" CONTENT="en"/>
                  <SP HEIGHT="64" WIDTH="18" VPOS="1598" HPOS="860"/>
                  <String HEIGHT="64"
                          WIDTH="239"
                          VPOS="1598"
                          HPOS="805"
                          CONTENT="explorant"/>
                  <SP HEIGHT="64" WIDTH="18" VPOS="1598" HPOS="1044"/>
                  <String HEIGHT="64" WIDTH="110" VPOS="1598" HPOS="989" CONTENT="la"/>
                  <SP HEIGHT="64" WIDTH="18" VPOS="1598" HPOS="1100"/>
                  <String HEIGHT="64"
                          WIDTH="239"
                          VPOS="1598"
                          HPOS="1044"
                          CONTENT="structure"/>
                  <SP HEIGHT="64" WIDTH="18" VPOS="1598" HPOS="1284"/>
                  <String HEIGHT="64"
                          WIDTH="110"
                          VPOS="1598"
                          HPOS="1228"
                          CONTENT="de"/>
                  <SP HEIGHT="64" WIDTH="18" VPOS="1598" HPOS="1339"/>
                  <String HEIGHT="64"
                          WIDTH="110"
                          VPOS="1598"
                          HPOS="1284"
                          CONTENT="la"/>
                  <SP HEIGHT="64" WIDTH="18" VPOS="1598" HPOS="1394"/>
                  <String HEIGHT="64"
                          WIDTH="221"
                          VPOS="1598"
                          HPOS="1339"
                          CONTENT="matière,"/>
                  <SP HEIGHT="64" WIDTH="18" VPOS="1598" HPOS="1560"/>
                  <String HEIGHT="64"
                          WIDTH="184"
                          VPOS="1598"
                          HPOS="1505"
                          CONTENT="vivent"/>
                  <SP HEIGHT="64" WIDTH="18" VPOS="1598" HPOS="1689"/>
                  <String HEIGHT="64"
                          WIDTH="110"
                          VPOS="1598"
                          HPOS="1633"
                          CONTENT="le"/>
                  <SP HEIGHT="64" WIDTH="18" VPOS="1598" HPOS="1744"/>
                  <String HEIGHT="64"
                          WIDTH="129"
                          VPOS="1598"
                          HPOS="1670"
                          CONTENT="drame"/>
               </TextLine>
               <TextLine ID="tl_22"
                         BASELINE="1708"
                         HEIGHT="63"
                         WIDTH="711"
                         VPOS="1645"
                         HPOS="439">
                  <String HEIGHT="63"
                          WIDTH="208"
                          VPOS="1645"
                          HPOS="422"
                          CONTENT="poétique"/>
                  <SP HEIGHT="63" WIDTH="17" VPOS="1645" HPOS="630"/>
                  <String HEIGHT="63" WIDTH="104" VPOS="1645" HPOS="578" CONTENT="de"/>
                  <SP HEIGHT="63" WIDTH="17" VPOS="1645" HPOS="682"/>
                  <String HEIGHT="63"
                          WIDTH="139"
                          VPOS="1645"
                          HPOS="630"
                          CONTENT="leur"/>
                  <SP HEIGHT="63" WIDTH="17" VPOS="1645" HPOS="768"/>
                  <String HEIGHT="63"
                          WIDTH="260"
                          VPOS="1645"
                          HPOS="716"
                          CONTENT="intégration"/>
                  <SP HEIGHT="63" WIDTH="17" VPOS="1645" HPOS="977"/>
                  <String HEIGHT="63" WIDTH="87" VPOS="1645" HPOS="925" CONTENT="à"/>
                  <SP HEIGHT="63" WIDTH="17" VPOS="1645" HPOS="1011"/>
                  <String HEIGHT="63" WIDTH="104" VPOS="1645" HPOS="959" CONTENT="la"/>
                  <SP HEIGHT="63" WIDTH="17" VPOS="1645" HPOS="1063"/>
                  <String HEIGHT="63"
                          WIDTH="156"
                          VPOS="1645"
                          HPOS="994"
                          CONTENT="nature."/>
               </TextLine>
            </TextBlock>
            <TextBlock ID="r_3_4" HEIGHT="192" WIDTH="1349" VPOS="1696" HPOS="447">
               <Shape>
                  <Polygon POINTS="447,1696 1796,1696 1796,1888 447,1888"/>
               </Shape>
               <TextLine ID="tl_23"
                         BASELINE="1753"
                         HEIGHT="61"
                         WIDTH="1329"
                         VPOS="1692"
                         HPOS="471">
                  <String HEIGHT="61"
                          WIDTH="206"
                          VPOS="1692"
                          HPOS="452"
                          CONTENT="Pendant"/>
                  <SP HEIGHT="61" WIDTH="19" VPOS="1692" HPOS="658"/>
                  <String HEIGHT="61"
                          WIDTH="131"
                          VPOS="1692"
                          HPOS="602"
                          CONTENT="que"/>
                  <SP HEIGHT="61" WIDTH="19" VPOS="1692" HPOS="733"/>
                  <String HEIGHT="61"
                          WIDTH="187"
                          VPOS="1692"
                          HPOS="677"
                          CONTENT="Bernik"/>
                  <SP HEIGHT="61" WIDTH="19" VPOS="1692" HPOS="864"/>
                  <String HEIGHT="61"
                          WIDTH="150"
                          VPOS="1692"
                          HPOS="808"
                          CONTENT="erre"/>
                  <SP HEIGHT="61" WIDTH="19" VPOS="1692" HPOS="958"/>
                  <String HEIGHT="61" WIDTH="94" VPOS="1692" HPOS="902" CONTENT="à"/>
                  <SP HEIGHT="61" WIDTH="19" VPOS="1692" HPOS="995"/>
                  <String HEIGHT="61"
                          WIDTH="206"
                          VPOS="1692"
                          HPOS="939"
                          CONTENT="travers"/>
                  <SP HEIGHT="61" WIDTH="19" VPOS="1692" HPOS="1145"/>
                  <String HEIGHT="61"
                          WIDTH="131"
                          VPOS="1692"
                          HPOS="1089"
                          CONTENT="les"/>
                  <SP HEIGHT="61" WIDTH="19" VPOS="1692" HPOS="1220"/>
                  <String HEIGHT="61"
                          WIDTH="206"
                          VPOS="1692"
                          HPOS="1164"
                          CONTENT="visions"/>
                  <SP HEIGHT="61" WIDTH="19" VPOS="1692" HPOS="1369"/>
                  <String HEIGHT="61"
                          WIDTH="243"
                          VPOS="1692"
                          HPOS="1313"
                          CONTENT="cosmiques"/>
                  <SP HEIGHT="61" WIDTH="19" VPOS="1692" HPOS="1557"/>
                  <String HEIGHT="61"
                          WIDTH="112"
                          VPOS="1692"
                          HPOS="1501"
                          CONTENT="et"/>
                  <SP HEIGHT="61" WIDTH="19" VPOS="1692" HPOS="1613"/>
                  <String HEIGHT="61"
                          WIDTH="262"
                          VPOS="1692"
                          HPOS="1538"
                          CONTENT="temporelles,"/>
               </TextLine>
               <TextLine ID="tl_24"
                         BASELINE="1801"
                         HEIGHT="64"
                         WIDTH="1362"
                         VPOS="1737"
                         HPOS="439">
                  <String HEIGHT="64"
                          WIDTH="166"
                          VPOS="1737"
                          HPOS="421"
                          CONTENT="Ljubo"/>
                  <SP HEIGHT="64" WIDTH="18" VPOS="1737" HPOS="586"/>
                  <String HEIGHT="64"
                          WIDTH="202"
                          VPOS="1737"
                          HPOS="531"
                          CONTENT="lvancic"/>
                  <SP HEIGHT="64" WIDTH="18" VPOS="1737" HPOS="733"/>
                  <String HEIGHT="64"
                          WIDTH="202"
                          VPOS="1737"
                          HPOS="678"
                          CONTENT="pénètre"/>
                  <SP HEIGHT="64" WIDTH="18" VPOS="1737" HPOS="881"/>
                  <String HEIGHT="64" WIDTH="110" VPOS="1737" HPOS="826" CONTENT="en"/>
                  <SP HEIGHT="64" WIDTH="18" VPOS="1737" HPOS="936"/>
                  <String HEIGHT="64"
                          WIDTH="239"
                          VPOS="1737"
                          HPOS="881"
                          CONTENT="lui-même."/>
                  <SP HEIGHT="64" WIDTH="18" VPOS="1737" HPOS="1120"/>
                  <String HEIGHT="64"
                          WIDTH="110"
                          VPOS="1737"
                          HPOS="1065"
                          CONTENT="Sa"/>
                  <SP HEIGHT="64" WIDTH="18" VPOS="1737" HPOS="1175"/>
                  <String HEIGHT="64"
                          WIDTH="221"
                          VPOS="1737"
                          HPOS="1120"
                          CONTENT="peinture"/>
                  <SP HEIGHT="64" WIDTH="18" VPOS="1737" HPOS="1341"/>
                  <String HEIGHT="64"
                          WIDTH="129"
                          VPOS="1737"
                          HPOS="1286"
                          CONTENT="est"/>
                  <SP HEIGHT="64" WIDTH="18" VPOS="1737" HPOS="1414"/>
                  <String HEIGHT="64"
                          WIDTH="110"
                          VPOS="1737"
                          HPOS="1359"
                          CONTENT="un"/>
                  <SP HEIGHT="64" WIDTH="18" VPOS="1737" HPOS="1470"/>
                  <String HEIGHT="64"
                          WIDTH="239"
                          VPOS="1737"
                          HPOS="1414"
                          CONTENT="monologue"/>
                  <SP HEIGHT="64" WIDTH="18" VPOS="1737" HPOS="1654"/>
                  <String HEIGHT="64"
                          WIDTH="184"
                          VPOS="1737"
                          HPOS="1599"
                          CONTENT="intime"/>
                  <SP HEIGHT="64" WIDTH="18" VPOS="1737" HPOS="1783"/>
                  <String HEIGHT="64"
                          WIDTH="92"
                          VPOS="1737"
                          HPOS="1709"
                          CONTENT="qui"/>
               </TextLine>
               <TextLine ID="tl_25"
                         BASELINE="1846"
                         HEIGHT="52"
                         WIDTH="1364"
                         VPOS="1794"
                         HPOS="439">
                  <String HEIGHT="52"
                          WIDTH="203"
                          VPOS="1794"
                          HPOS="421"
                          CONTENT="reflète"/>
                  <SP HEIGHT="52" WIDTH="18" VPOS="1794" HPOS="623"/>
                  <String HEIGHT="52" WIDTH="111" VPOS="1794" HPOS="568" CONTENT="un"/>
                  <SP HEIGHT="52" WIDTH="18" VPOS="1794" HPOS="679"/>
                  <String HEIGHT="52"
                          WIDTH="166"
                          VPOS="1794"
                          HPOS="623"
                          CONTENT="choc,"/>
                  <SP HEIGHT="52" WIDTH="18" VPOS="1794" HPOS="789"/>
                  <String HEIGHT="52"
                          WIDTH="221"
                          VPOS="1794"
                          HPOS="734"
                          CONTENT="sûrement"/>
                  <SP HEIGHT="52" WIDTH="18" VPOS="1794" HPOS="955"/>
                  <String HEIGHT="52"
                          WIDTH="276"
                          VPOS="1794"
                          HPOS="900"
                          CONTENT="douloureux,"/>
                  <SP HEIGHT="52" WIDTH="18" VPOS="1794" HPOS="1176"/>
                  <String HEIGHT="52"
                          WIDTH="203"
                          VPOS="1794"
                          HPOS="1121"
                          CONTENT="produit"/>
                  <SP HEIGHT="52" WIDTH="18" VPOS="1794" HPOS="1324"/>
                  <String HEIGHT="52"
                          WIDTH="129"
                          VPOS="1794"
                          HPOS="1268"
                          CONTENT="par"/>
                  <SP HEIGHT="52" WIDTH="18" VPOS="1794" HPOS="1397"/>
                  <String HEIGHT="52"
                          WIDTH="295"
                          VPOS="1794"
                          HPOS="1342"
                          CONTENT="l’expérience"/>
                  <SP HEIGHT="52" WIDTH="18" VPOS="1794" HPOS="1637"/>
                  <String HEIGHT="52"
                          WIDTH="166"
                          VPOS="1794"
                          HPOS="1582"
                          CONTENT="vécue"/>
                  <SP HEIGHT="52" WIDTH="18" VPOS="1794" HPOS="1748"/>
                  <String HEIGHT="52"
                          WIDTH="111"
                          VPOS="1794"
                          HPOS="1692"
                          CONTENT="de"/>
                  <SP HEIGHT="52" WIDTH="18" VPOS="1794" HPOS="1803"/>
                  <String HEIGHT="52" WIDTH="74" VPOS="1794" HPOS="1729" CONTENT="la"/>
               </TextLine>
               <TextLine ID="tl_26"
                         BASELINE="1896"
                         HEIGHT="64"
                         WIDTH="1362"
                         VPOS="1832"
                         HPOS="441">
                  <String HEIGHT="64"
                          WIDTH="212"
                          VPOS="1832"
                          HPOS="423"
                          CONTENT="Dalmatie"/>
                  <SP HEIGHT="64" WIDTH="18" VPOS="1832" HPOS="636"/>
                  <String HEIGHT="64" WIDTH="106" VPOS="1832" HPOS="583" CONTENT="de"/>
                  <SP HEIGHT="64" WIDTH="18" VPOS="1832" HPOS="689"/>
                  <String HEIGHT="64"
                          WIDTH="124"
                          VPOS="1832"
                          HPOS="636"
                          CONTENT="son"/>
                  <SP HEIGHT="64" WIDTH="18" VPOS="1832" HPOS="759"/>
                  <String HEIGHT="64"
                          WIDTH="195"
                          VPOS="1832"
                          HPOS="706"
                          CONTENT="enfance"/>
                  <SP HEIGHT="64" WIDTH="18" VPOS="1832" HPOS="901"/>
                  <String HEIGHT="64" WIDTH="106" VPOS="1832" HPOS="848" CONTENT="et"/>
                  <SP HEIGHT="64" WIDTH="18" VPOS="1832" HPOS="954"/>
                  <String HEIGHT="64" WIDTH="106" VPOS="1832" HPOS="901" CONTENT="de"/>
                  <SP HEIGHT="64" WIDTH="18" VPOS="1832" HPOS="1007"/>
                  <String HEIGHT="64"
                          WIDTH="159"
                          VPOS="1832"
                          HPOS="954"
                          CONTENT="celle"/>
                  <SP HEIGHT="64" WIDTH="18" VPOS="1832" HPOS="1113"/>
                  <String HEIGHT="64"
                          WIDTH="159"
                          VPOS="1832"
                          HPOS="1060"
                          CONTENT="qu’il"/>
                  <SP HEIGHT="64" WIDTH="18" VPOS="1832" HPOS="1219"/>
                  <String HEIGHT="64" WIDTH="88" VPOS="1832" HPOS="1166" CONTENT="a"/>
                  <SP HEIGHT="64" WIDTH="18" VPOS="1832" HPOS="1255"/>
                  <String HEIGHT="64"
                          WIDTH="230"
                          VPOS="1832"
                          HPOS="1202"
                          CONTENT="retrouvée"/>
                  <SP HEIGHT="64" WIDTH="18" VPOS="1832" HPOS="1432"/>
                  <String HEIGHT="64"
                          WIDTH="212"
                          VPOS="1832"
                          HPOS="1378"
                          CONTENT="dévastée"/>
                  <SP HEIGHT="64" WIDTH="18" VPOS="1832" HPOS="1591"/>
                  <String HEIGHT="64"
                          WIDTH="124"
                          VPOS="1832"
                          HPOS="1538"
                          CONTENT="par"/>
                  <SP HEIGHT="64" WIDTH="18" VPOS="1832" HPOS="1661"/>
                  <String HEIGHT="64"
                          WIDTH="106"
                          VPOS="1832"
                          HPOS="1608"
                          CONTENT="la"/>
                  <SP HEIGHT="64" WIDTH="18" VPOS="1832" HPOS="1715"/>
                  <String HEIGHT="64"
                          WIDTH="159"
                          VPOS="1832"
                          HPOS="1644"
                          CONTENT="guerre."/>
               </TextLine>
            </TextBlock>
            <TextBlock ID="r_3_5" HEIGHT="143" WIDTH="1348" VPOS="1890" HPOS="450">
               <Shape>
                  <Polygon POINTS="450,1890 1798,1890 1798,2033 450,2033"/>
               </Shape>
               <TextLine ID="tl_27"
                         BASELINE="1938"
                         HEIGHT="57"
                         WIDTH="1332"
                         VPOS="1881"
                         HPOS="473">
                  <String HEIGHT="57"
                          WIDTH="154"
                          VPOS="1881"
                          HPOS="456"
                          CONTENT="C’est"/>
                  <SP HEIGHT="57" WIDTH="17" VPOS="1881" HPOS="610"/>
                  <String HEIGHT="57"
                          WIDTH="154"
                          VPOS="1881"
                          HPOS="558"
                          CONTENT="cette"/>
                  <SP HEIGHT="57" WIDTH="17" VPOS="1881" HPOS="712"/>
                  <String HEIGHT="57"
                          WIDTH="205"
                          VPOS="1881"
                          HPOS="661"
                          CONTENT="dernière"/>
                  <SP HEIGHT="57" WIDTH="17" VPOS="1881" HPOS="866"/>
                  <String HEIGHT="57"
                          WIDTH="154"
                          VPOS="1881"
                          HPOS="815"
                          CONTENT="qu’il"/>
                  <SP HEIGHT="57" WIDTH="17" VPOS="1881" HPOS="968"/>
                  <String HEIGHT="57"
                          WIDTH="154"
                          VPOS="1881"
                          HPOS="917"
                          CONTENT="peint"/>
                  <SP HEIGHT="57" WIDTH="17" VPOS="1881" HPOS="1071"/>
                  <String HEIGHT="57"
                          WIDTH="102"
                          VPOS="1881"
                          HPOS="1019"
                          CONTENT="et"/>
                  <SP HEIGHT="57" WIDTH="17" VPOS="1881" HPOS="1122"/>
                  <String HEIGHT="57"
                          WIDTH="102"
                          VPOS="1881"
                          HPOS="1071"
                          CONTENT="il"/>
                  <SP HEIGHT="57" WIDTH="17" VPOS="1881" HPOS="1173"/>
                  <String HEIGHT="57"
                          WIDTH="171"
                          VPOS="1881"
                          HPOS="1122"
                          CONTENT="peuple"/>
                  <SP HEIGHT="57" WIDTH="17" VPOS="1881" HPOS="1293"/>
                  <String HEIGHT="57"
                          WIDTH="120"
                          VPOS="1881"
                          HPOS="1241"
                          CONTENT="son"/>
                  <SP HEIGHT="57" WIDTH="17" VPOS="1881" HPOS="1361"/>
                  <String HEIGHT="57"
                          WIDTH="171"
                          VPOS="1881"
                          HPOS="1310"
                          CONTENT="désert"/>
                  <SP HEIGHT="57" WIDTH="17" VPOS="1881" HPOS="1481"/>
                  <String HEIGHT="57"
                          WIDTH="154"
                          VPOS="1881"
                          HPOS="1429"
                          CONTENT="aride"/>
                  <SP HEIGHT="57" WIDTH="17" VPOS="1881" HPOS="1583"/>
                  <String HEIGHT="57"
                          WIDTH="137"
                          VPOS="1881"
                          HPOS="1532"
                          CONTENT="avec"/>
                  <SP HEIGHT="57" WIDTH="17" VPOS="1881" HPOS="1668"/>
                  <String HEIGHT="57"
                          WIDTH="120"
                          VPOS="1881"
                          HPOS="1617"
                          CONTENT="des"/>
                  <SP HEIGHT="57" WIDTH="17" VPOS="1881" HPOS="1737"/>
                  <String HEIGHT="57"
                          WIDTH="137"
                          VPOS="1881"
                          HPOS="1668"
                          CONTENT="souve"
                          SUBS_TYPE="HypPart1"
                          SUBS_CONTENT="souvenirs,"/>
                  <HYP CONTENT="-"/>
               </TextLine>
               <TextLine ID="tl_28"
                         BASELINE="1976"
                         HEIGHT="56"
                         WIDTH="1363"
                         VPOS="1920"
                         HPOS="442">
                  <String HEIGHT="56"
                          WIDTH="168"
                          VPOS="1920"
                          HPOS="423"
                          CONTENT="nirs,"
                          SUBS_TYPE="HypPart2"
                          SUBS_CONTENT="souvenirs,"/>
                  <SP HEIGHT="56" WIDTH="19" VPOS="1920" HPOS="591"/>
                  <String HEIGHT="56"
                          WIDTH="224"
                          VPOS="1920"
                          HPOS="535"
                          CONTENT="toujours"/>
                  <SP HEIGHT="56" WIDTH="19" VPOS="1920" HPOS="759"/>
                  <String HEIGHT="56"
                          WIDTH="243"
                          VPOS="1920"
                          HPOS="703"
                          CONTENT="présents,"/>
                  <SP HEIGHT="56" WIDTH="19" VPOS="1920" HPOS="946"/>
                  <String HEIGHT="56" WIDTH="112" VPOS="1920" HPOS="890" CONTENT="du"/>
                  <SP HEIGHT="56" WIDTH="19" VPOS="1920" HPOS="1002"/>
                  <String HEIGHT="56"
                          WIDTH="168"
                          VPOS="1920"
                          HPOS="946"
                          CONTENT="temps"/>
                  <SP HEIGHT="56" WIDTH="19" VPOS="1920" HPOS="1114"/>
                  <String HEIGHT="56"
                          WIDTH="131"
                          VPOS="1920"
                          HPOS="1058"
                          CONTENT="où,"/>
                  <SP HEIGHT="56" WIDTH="19" VPOS="1920" HPOS="1189"/>
                  <String HEIGHT="56" WIDTH="93" VPOS="1920" HPOS="1133" CONTENT="à"/>
                  <SP HEIGHT="56" WIDTH="19" VPOS="1920" HPOS="1226"/>
                  <String HEIGHT="56"
                          WIDTH="205"
                          VPOS="1920"
                          HPOS="1170"
                          CONTENT="travers"/>
                  <SP HEIGHT="56" WIDTH="19" VPOS="1920" HPOS="1376"/>
                  <String HEIGHT="56"
                          WIDTH="131"
                          VPOS="1920"
                          HPOS="1320"
                          CONTENT="les"/>
                  <SP HEIGHT="56" WIDTH="19" VPOS="1920" HPOS="1450"/>
                  <String HEIGHT="56"
                          WIDTH="261"
                          VPOS="1920"
                          HPOS="1394"
                          CONTENT="persiennes"/>
                  <SP HEIGHT="56" WIDTH="19" VPOS="1920" HPOS="1656"/>
                  <String HEIGHT="56"
                          WIDTH="205"
                          VPOS="1920"
                          HPOS="1600"
                          CONTENT="closes,"/>
                  <SP HEIGHT="56" WIDTH="19" VPOS="1920" HPOS="1805"/>
                  <String HEIGHT="56" WIDTH="75" VPOS="1920" HPOS="1730" CONTENT="un"/>
               </TextLine>
               <TextLine ID="tl_29"
                         BASELINE="2026"
                         HEIGHT="49"
                         WIDTH="1123"
                         VPOS="1977"
                         HPOS="442">
                  <String HEIGHT="49"
                          WIDTH="163"
                          VPOS="1977"
                          HPOS="424"
                          CONTENT="rayon"/>
                  <SP HEIGHT="49" WIDTH="18" VPOS="1977" HPOS="587"/>
                  <String HEIGHT="49" WIDTH="109" VPOS="1977" HPOS="533" CONTENT="de"/>
                  <SP HEIGHT="49" WIDTH="18" VPOS="1977" HPOS="641"/>
                  <String HEIGHT="49"
                          WIDTH="181"
                          VPOS="1977"
                          HPOS="587"
                          CONTENT="soleil"/>
                  <SP HEIGHT="49" WIDTH="18" VPOS="1977" HPOS="768"/>
                  <String HEIGHT="49"
                          WIDTH="181"
                          VPOS="1977"
                          HPOS="714"
                          CONTENT="jouait"/>
                  <SP HEIGHT="49" WIDTH="18" VPOS="1977" HPOS="895"/>
                  <String HEIGHT="49"
                          WIDTH="145"
                          VPOS="1977"
                          HPOS="840"
                          CONTENT="avec"/>
                  <SP HEIGHT="49" WIDTH="18" VPOS="1977" HPOS="985"/>
                  <String HEIGHT="49"
                          WIDTH="127"
                          VPOS="1977"
                          HPOS="931"
                          CONTENT="les"/>
                  <SP HEIGHT="49" WIDTH="18" VPOS="1977" HPOS="1058"/>
                  <String HEIGHT="49"
                          WIDTH="181"
                          VPOS="1977"
                          HPOS="1004"
                          CONTENT="objets"/>
                  <SP HEIGHT="49" WIDTH="18" VPOS="1977" HPOS="1185"/>
                  <String HEIGHT="49"
                          WIDTH="109"
                          VPOS="1977"
                          HPOS="1130"
                          CONTENT="de"/>
                  <SP HEIGHT="49" WIDTH="18" VPOS="1977" HPOS="1239"/>
                  <String HEIGHT="49"
                          WIDTH="109"
                          VPOS="1977"
                          HPOS="1185"
                          CONTENT="sa"/>
                  <SP HEIGHT="49" WIDTH="18" VPOS="1977" HPOS="1293"/>
                  <String HEIGHT="49"
                          WIDTH="199"
                          VPOS="1977"
                          HPOS="1239"
                          CONTENT="chambre"/>
                  <SP HEIGHT="49" WIDTH="18" VPOS="1977" HPOS="1438"/>
                  <String HEIGHT="49"
                          WIDTH="199"
                          VPOS="1977"
                          HPOS="1366"
                          CONTENT="d’enfant."/>
               </TextLine>
            </TextBlock>
            <TextBlock ID="r_4_1" HEIGHT="27" WIDTH="48" VPOS="2154" HPOS="523">
               <Shape>
                  <Polygon POINTS="523,2154 571,2154 571,2181 523,2181"/>
               </Shape>
               <TextLine ID="tl_30"
                         BASELINE="2187"
                         HEIGHT="49"
                         WIDTH="64"
                         VPOS="2138"
                         HPOS="515">
                  <String HEIGHT="49"
                          WIDTH="107"
                          VPOS="2138"
                          HPOS="472"
                          CONTENT="118"/>
               </TextLine>
            </TextBlock>
            <GraphicalElement ID="r_5" HEIGHT="5" WIDTH="141" VPOS="0" HPOS="132"/>
            <GraphicalElement ID="r_6" HEIGHT="7" WIDTH="1527" VPOS="0" HPOS="261"/>
            <GraphicalElement ID="r_7" HEIGHT="1" WIDTH="107" VPOS="2196" HPOS="57"/>
            <GraphicalElement ID="r_8" HEIGHT="1" WIDTH="107" VPOS="2196" HPOS="271"/>
            <GraphicalElement ID="r_9" HEIGHT="2" WIDTH="108" VPOS="2195" HPOS="486"/>
            <GraphicalElement ID="r_10" HEIGHT="2" WIDTH="108" VPOS="2195" HPOS="700"/>
            <GraphicalElement ID="r_11" HEIGHT="2" WIDTH="109" VPOS="2195" HPOS="914"/>
            <GraphicalElement ID="r_12" HEIGHT="1" WIDTH="107" VPOS="2196" HPOS="1128"/>
            <GraphicalElement ID="r_13" HEIGHT="1" WIDTH="107" VPOS="2196" HPOS="1342"/>
            <GraphicalElement ID="r_14" HEIGHT="2" WIDTH="109" VPOS="2195" HPOS="1557"/>
            <GraphicalElement ID="r_15" HEIGHT="226" WIDTH="4" VPOS="1970" HPOS="0"/>
            <GraphicalElement ID="r_16" HEIGHT="638" WIDTH="6" VPOS="1314" HPOS="0"/>
            <GraphicalElement ID="r_17" HEIGHT="1105" WIDTH="5" VPOS="223" HPOS="0"/>
            <GraphicalElement ID="r_18" HEIGHT="150" WIDTH="5" VPOS="56" HPOS="0"/>
         </PrintSpace>
      </Page>
   </Layout>
</alto>
