1704 2218
120 113 212 79 presse,
274 113 154 79 afin
370 113 116 79 de
428 113 251 79 permettre
621 113 116 79 le
679 113 193 79 tirage
813 113 135 79 des
891 113 231 79 gravures
1064 113 116 79 de
1122 113 116 79 la
1180 113 231 79 Biennale
1353 113 116 79 en
1392 113 173 79 public,

118 169 154 66 tous
214 169 135 66 les
291 169 174 66 jours
407 169 116 66 de
465 169 116 66 16
523 169 193 66 heures
658 169 96 66 à
697 169 116 66 20
755 169 212 66 heures.
909 169 135 66 Les
986 169 270 66 papeteries
1198 169 116 66 de
1256 169 270 66 Montévrain
1449 169 116 66 nous

123 218 125 75 ont
194 218 178 75 offert
319 218 285 75 gratuitement
551 218 125 75 les
622 218 214 75 feuilles
783 218 107 75 de
836 218 160 75 vélin
943 218 107 75 de
997 218 214 75 Hollande
1157 218 125 75 des
1228 218 250 75 papeteries
1407 218 160 75 Royales

122 270 158 78 bVan
221 270 198 78 Gelder
360 270 178 78 Zonen
478 270 317 78 d’Amsterdam,
736 270 158 78 pour
835 270 119 78 le
894 270 198 78 tirage
1033 270 139 78 des
1112 270 158 78 cent
1211 270 238 78 quarante
1369 270 198 78 épreuves

125 315 281 75 numérotées
346 315 120 75 de
406 315 201 75 chaque
546 315 241 75 planche,
727 315 120 75 et
787 315 140 75 les
868 315 281 75 papeteries
1088 315 120 75 du
1149 315 201 75 Moulin
1289 315 120 75 de
1349 315 221 75 Richard
1490 315 80 75 de

127 364 150 74 Bas,
221 364 187 74 celles
352 364 244 74 destinées
539 364 131 74 aux
614 364 131 74 dix
689 364 225 74 épreuves
858 364 112 74 du
914 364 187 74 tirage
1045 364 112 74 de
1102 364 169 74 tête,
1214 364 225 74 marquées
1383 364 112 74 de
1439 364 94 74 A
1476 364 94 74 à
1495 364 75 74 N.

158 414 269 73 Mesdames
360 414 112 73 :
405 414 247 73 Barbara
584 414 359 73 KWASNIEWSKA,
876 414 247 73 Yoskiko
1056 414 202 73 NOMA,
1190 414 314 73 Messieurs:
1415 414 157 73 Paolo

128 461 183 86 BONI,
250 461 163 86 Jean
352 461 265 86 PESCHARD,
555 461 204 86 Arthur
698 461 163 86 Luiz
800 461 183 86 PIZA,
922 461 143 86 ont
1004 461 224 86 accepté
1167 461 122 86 de
1228 461 204 86 graver
1350 461 224 86 spéciale-

130 517 188 72 lement
262 517 150 72 pour
355 517 113 72 la
412 517 244 72 Biennale,
599 517 113 72 et
655 517 94 72 à
693 517 131 72 des
768 517 263 72 conditions
974 517 150 72 très
1068 517 244 72 modestes,
1255 517 131 72 les
1330 517 225 72 planches
1480 517 94 72 qui

131 585 176 66 seront
255 585 176 66 tirées
378 585 88 66 à
395 585 264 66 l’exposition.

167 620 133 72 Les
243 620 343 72 Établissements
529 620 172 72 André
644 620 191 72 Debrie
777 620 133 72 ont
853 620 153 72 bien
949 620 172 72 voulu
1063 620 191 72 mettre
1197 620 95 72 à
1235 620 172 72 notre
1330 620 248 72 disposition

129 668 161 74 les
221 668 299 74 appareils
451 668 138 74 et
520 668 138 74 le
589 668 299 74 personnel
819 668 345 74 nécessaires
1096 668 184 74 pour
1211 668 161 74 les
1280 668 299 74 productions

110 737 437 62 cinématographiques.

171 766 113 76 De
228 766 263 76 nombreuses
435 766 226 76 galeries
604 766 132 76 ont
679 766 226 76 témoigné
848 766 150 76 leur
942 766 207 76 intérêt
1093 766 150 76 pour
1187 766 113 76 la
1243 766 226 76 Biennale
1413 766 113 76 en
1450 766 132 76 orga-

137 829 193 66 nisant
272 829 327 66 parallèlement
541 829 135 66 des
618 829 289 66 expositions
849 829 231 66 annexes,
1023 829 250 66 accordées
1215 829 96 66 à
1254 829 173 66 notre
1350 829 231 66 programme.

172 862 118 85 De
231 862 236 85 nombreux
408 862 236 85 éditeurs
585 862 118 85 de
644 862 196 85 livres
781 862 118 85 et
840 862 118 85 de
899 862 196 85 revues
1037 862 138 85 ont
1115 862 157 85 bien
1214 862 177 85 voulu
1332 862 157 85 nous
1410 862 177 85 fournir

139 911 141 86 des
219 911 262 86 spécimens
421 911 121 86 de
481 911 181 86 leurs
602 911 342 86 publications,
884 911 161 86 pour
984 911 262 86 permettre
1185 911 141 86 aux
1266 911 262 86 visiteurs
1467 911 121 86 de
1507 911 81 86 se

142 985 204 62 reposer
291 985 111 62 au
346 985 167 62 cours
458 985 111 62 de
513 985 148 62 leur
606 985 204 62 visite,
754 985 111 62 en
810 985 259 62 consultant
1013 985 130 62 les
1088 985 222 62 ouvrages
1254 985 130 62 qui
1329 985 241 62 reflètent
1495 985 93 62 les

141 1024 279 70 conceptions
364 1024 260 70 nationales
569 1024 112 70 et
625 1024 372 70 internationales.
941 1024 112 70 M.
996 1024 297 70 Gheerbrandt,
1238 1024 130 70 qui
1312 1024 149 70 nous
1405 1024 93 70 a
1424 1024 167 70 effica-

143 1063 183 86 cement
271 1063 165 86 aidés
381 1063 147 86 pour
473 1063 330 86 l’organisation
748 1063 110 86 de
803 1063 110 86 la
858 1063 202 86 section
1005 1063 110 86 de
1060 1063 220 86 gravure,
1225 1063 92 86 a
1262 1063 239 86 également
1427 1063 165 86 accepté

145 1122 282 80 d’organiser
371 1122 113 80 un
427 1122 207 80 service
578 1122 113 80 de
634 1122 188 80 ventes
766 1122 150 80 pour
860 1122 132 80 les
935 1122 188 80 livres
1067 1122 113 80 ou
1123 1122 188 80 revues
1255 1122 132 80 que
1330 1122 132 80 nos
1386 1122 207 80 visiteurs

144 1196 270 63 voudraient
336 1196 212 63 acquérir.

181 1198 117 98 La
239 1198 252 98 direction
433 1198 291 98 d’Entrepose
666 1198 97 98 a
705 1198 136 98 mis
783 1198 311 98 gratuitement
1035 1198 97 98 à
1074 1198 175 98 notre
1190 1198 311 98 disposition,
1423 1198 175 98 pendant

146 1289 165 75 toute
256 1289 110 75 la
311 1289 165 75 durée
421 1289 110 75 de
476 1289 110 75 la
531 1289 276 75 préparation
752 1289 110 75 et
807 1289 110 75 de
862 1289 312 75 l’exposition,
1119 1289 110 75 le
1174 1289 220 75 matériel
1321 1289 276 75 d’échafaudage

148 1328 276 71 nécessaire
365 1328 158 71 pour
464 1328 276 71 construire
681 1328 138 71 les
760 1328 256 71 ensembles
957 1328 118 71 de
1016 1328 158 71 deux
1115 1328 217 71 groupes
1253 1328 256 71 collectifs.

185 1380 157 78 Nous
283 1380 196 78 tenons
421 1380 98 78 à
460 1380 137 78 les
539 1380 118 78 en
597 1380 255 78 remercier
794 1380 157 78 tous
892 1380 157 78 très
990 1380 255 78 vivement,
1186 1380 137 78 car
1264 1380 157 78 nous
1363 1380 196 78 savons
1480 1380 118 78 bien

151 1428 130 77 que
226 1428 149 77 sans
319 1428 130 77 eux
393 1428 112 77 il
449 1428 112 77 ne
505 1428 149 77 nous
598 1428 130 77 eût
672 1428 130 77 pas
747 1428 130 77 été
821 1428 223 77 possible
988 1428 112 77 de
1044 1428 205 77 montrer
1193 1428 279 77 aujourd’hui
1416 1428 112 77 au
1453 1428 149 77 public

153 1484 267 72 l’ensemble
363 1484 134 72 que
439 1484 153 72 nous
535 1484 267 72 présentons
745 1484 115 72 et
803 1484 153 72 qui,
898 1484 153 72 pour
994 1484 172 72 nous,
1108 1484 96 72 a
1146 1484 229 72 d’autant
1318 1484 153 72 plus
1414 1484 115 72 de
1452 1484 153 72 valeur

157 1535 156 78 qu’il
261 1535 121 78 est
330 1535 104 78 le
382 1535 208 78 résultat
538 1535 139 78 d’un
624 1535 191 78 effort,
763 1535 139 78 d’un
850 1535 191 78 espoir,
988 1535 208 78 vraiment
1127 1535 225 78 collectifs.

189 1579 105 88 Il
242 1579 158 88 reste
347 1579 263 88 maintenant,
557 1579 140 88 pour
645 1579 175 88 savoir
767 1579 105 88 si
820 1579 140 88 tout
908 1579 105 88 ce
960 1579 193 88 travail
1100 1579 123 88 n’a
1170 1579 123 88 pas
1240 1579 123 88 été
1310 1579 158 88 vain,
1415 1579 88 88 à
1433 1579 175 88 attendre

158 1625 107 82 le
212 1625 215 82 jugement
373 1625 107 82 de
427 1625 161 82 ceux,
534 1625 143 82 pour
624 1625 125 82 qui
695 1625 107 82 il
749 1625 125 82 fut
821 1625 161 82 pensé
928 1625 107 82 et
982 1625 233 82 accompli,
1161 1625 287 82 c’est-à-dire
1394 1625 107 82 le
1430 1625 179 82 jugement

157 1697 113 58 du
214 1697 207 58 public,
364 1697 169 58 celui
477 1697 132 58 des
553 1697 226 58 amateurs
722 1697 188 58 autant
854 1697 132 58 que
929 1697 169 58 celui
1042 1697 132 58 des
1117 1697 245 58 artistes,
1306 1697 207 58 puisque
1456 1697 132 58 les
1513 1697 94 58 uns

159 1730 113 83 et
216 1730 132 83 les
291 1730 189 83 autres
423 1730 151 83 sont
517 1730 264 83 intimement
725 1730 151 83 liés
819 1730 151 83 pour
913 1730 207 83 définir
1064 1730 245 83 l’avenir,
1253 1730 151 83 même
1347 1730 264 83 lorsqu’ils
1536 1730 75 83 se

160 1810 224 64 croient
302 1810 204 64 opposés.

444 1926 256 94 <b>Raymond
645 1926 274 94 Cogniat</b>
864 1926 201 94 Délégué
1010 1926 201 94 Général
1156 1926 110 94 de
1211 1926 110 94 la
1266 1926 219 94 Biennale
1430 1926 110 94 de
1467 1926 146 94 Paris.

1442 2099 100 50 IX
