1818 2207
123 9 470 89 <b>RÉPUBLIQUE
510 9 332 89 FÉDÉRALE
731 9 470 89 D’ALLEMAGNE</b>

307 95 184 95 Seuls,
436 95 129 95 peu
509 95 111 95 de
564 95 184 95 jeunes
693 95 221 95 artistes
859 95 239 95 allemands
1043 95 258 95 s’essayent
1246 95 129 95 sur
1320 95 111 95 le
1375 95 147 95 plan
1467 95 111 95 de
1522 95 111 95 la
1559 95 129 95 forme

277 174 159 60 libre
383 174 106 60 et
436 174 106 60 de
489 174 106 60 la
542 174 194 60 couleur
683 174 176 60 libre,
807 174 265 60 mouvementée
1019 174 106 60 et
1054 174 194 60 vibrante.

309 245 140 52 Otto
396 245 157 52 Piene
501 245 157 52 peint
606 245 122 52 ses
675 245 210 52 tableaux
833 245 140 52 avec
920 245 105 52 la
973 245 157 52 fumée
1077 245 105 52 et
1130 245 105 52 la
1182 245 140 52 suie
1270 245 157 52 d’une
1374 245 192 52 bougie.
1497 245 192 52 Resserre-

280 287 153 55 ment
375 287 114 55 et
432 287 248 55 extension
623 287 172 55 d’une
738 287 172 55 forme
852 287 172 55 ronde
966 287 286 55 concentrée,
1195 287 229 55 réaction
1367 287 114 55 et
1424 287 267 55 changement
1615 287 76 55 de

279 327 223 63 couleurs
447 327 149 63 dans
540 327 130 63 les
614 327 167 63 zones
725 327 112 63 de
781 327 242 63 rencontre
967 327 149 63 sont
1060 327 297 63 actuellement
1302 327 130 63 ses
1376 327 204 63 thèmes.
1525 327 112 63 Il
1562 327 130 63 élève

280 389 130 56 les
355 389 204 56 actions
503 389 297 56 élémentaires
744 389 93 56 à
781 389 297 56 l’expression
1003 389 260 56 monumentale.

312 435 97 65 A
350 435 175 65 l’art
467 435 214 65 concret
623 435 272 65 appartient
837 435 253 65 également
1031 435 195 65 Günter
1168 435 253 65 Ferdinand
1362 435 156 65 Ris.
1460 435 117 65 Il
1498 435 195 65 démontre

281 486 155 60 dans
377 486 135 60 ses
455 486 232 60 tableaux
629 486 135 60 les
706 486 232 60 qualités
880 486 252 60 spatiales
1074 486 135 60 des
1151 486 174 60 plans
1267 486 310 60 mouvementés,
1500 486 193 60 colorés.

284 540 176 64 Depuis
408 540 141 64 peu,
496 540 106 64 il
549 540 106 64 se
601 540 176 64 dirige
725 540 141 64 vers
813 540 106 64 la
865 540 247 64 sculpture,
1059 540 141 64 donc
1147 540 141 64 vers
1235 540 106 64 un
1288 540 176 64 moyen,
1411 540 106 64 où
1464 540 106 64 il
1517 540 106 64 ne
1552 540 141 64 dépend

284 595 126 63 pas
356 595 108 63 de
410 595 108 63 la
465 595 163 63 force
573 595 271 63 imaginative
790 595 126 63 des
862 595 217 63 couleurs
1025 595 217 63 adaptées
1187 595 90 63 à
1223 595 235 63 l’espace,
1404 595 145 63 mais
1494 595 108 63 où
1548 595 108 63 il
1585 595 108 63 peut

285 657 191 49 manier
418 657 324 49 immédiatement
685 657 114 49 le
743 657 191 49 volume
876 657 114 49 et
933 657 248 49 l’espace.
1124 657 114 49 La
1181 657 172 49 forme
1296 657 133 49 est
1372 657 229 49 précise,
1524 657 172 49 serrée,

284 689 275 64 définitive
500 689 118 64 et
559 689 118 64 en
618 689 157 64 même
716 689 177 64 temps
834 689 177 64 d’une
951 689 255 64 abondance
1148 689 255 64 naturelle
1344 689 118 64 et
1403 689 275 64 sensuelle.
1599 689 98 64 Les

285 752 200 59 dessins
430 752 218 59 révèlent
593 752 109 59 un
648 752 236 59 sculpteur
811 752 91 59 né.

319 798 109 53 Un
373 798 200 53 élément
518 798 181 53 opposé
645 798 91 53 à
682 798 109 53 la
736 798 236 53 sculpture
918 798 218 53 actuelle
1081 798 127 53 est
1154 798 254 53 représenté
1353 798 127 53 par
1426 798 145 53 Emil
1498 798 200 53 Cimiotti.

288 848 127 58 Ses
360 848 253 58 sculptures
559 848 108 58 ne
613 848 145 58 sont
704 848 127 58 pas
776 848 127 58 des
848 848 163 58 états
957 848 181 58 fixes,
1083 848 145 58 mais
1174 848 127 58 des
1246 848 253 58 événements
1427 848 271 58 transitoires,

286 901 141 59 des
367 901 343 59 métamorphoses
649 901 121 59 de
709 901 202 59 formes
851 901 242 59 humaines
1032 901 121 59 en
1093 901 202 59 formes
1234 901 323 59 végétatives,
1496 901 121 59 de
1537 901 161 59 formes

287 947 275 52 naturelles
503 947 118 52 en
562 947 196 52 formes
700 947 255 52 amorphes.
896 947 137 52 Les
975 947 196 52 formes
1112 947 255 52 bulleuses
1308 947 118 52 et
1367 947 295 52 respirantes
1583 947 118 52 sont

287 996 390 57 continuellement
615 996 123 57 en
676 996 267 57 mouvement
881 996 287 57 plastique,
1107 996 246 57 enlacées
1291 996 267 57 d’espace,
1476 996 226 57 richement

289 1053 210 57 groupé,
441 1053 210 57 pleines
594 1053 114 57 de
651 1053 210 57 lumière
803 1053 114 57 et
861 1053 229 57 d’ombre.
1032 1053 133 57 Les
1108 1053 248 57 créations
1299 1053 114 57 ne
1356 1053 114 57 se
1413 1053 267 57 contentent
1604 1053 95 57 pas

291 1103 107 53 du
345 1103 197 53 formel,
488 1103 107 53 la
541 1103 286 53 muitiplicité
774 1103 125 53 est
845 1103 197 53 voulue.
988 1103 125 53 Les
1060 1103 214 53 symboles
1220 1103 107 53 du
1274 1103 197 53 paysage
1417 1103 107 53 de
1471 1103 143 53 l’an
1542 1103 161 53 dernier

291 1155 260 59 indiquent,
496 1155 204 59 au-delà
644 1155 111 59 de
700 1155 186 59 toutes
830 1155 130 59 les
904 1155 297 59 compositions
1145 1155 111 59 de
1201 1155 186 59 volume
1331 1155 111 59 et
1386 1155 241 59 d’espace,
1554 1155 148 59 l’être

289 1203 129 66 de
353 1203 129 66 la
417 1203 236 66 nature.
589 1203 279 66 L’artiste
803 1203 214 66 trouve
953 1203 172 66 dans
1061 1203 129 66 la
1125 1203 214 66 statue
1275 1203 129 66 de
1339 1203 214 66 Daphné
1490 1203 150 66 son
1554 1203 150 66 thème

274 1258 176 56 central.

325 1305 191 52 Encore
459 1305 306 52 aujourd’hui,
708 1305 172 52 l’art
823 1305 115 52 en
880 1305 249 52 Allemagne
1071 1305 249 52 s’inspire
1263 1305 211 52 parfois
1416 1305 134 52 des
1473 1305 230 52 événements

293 1358 282 53 importants.
519 1358 113 53 La
575 1358 169 53 série
688 1358 320 53 lithographiée
952 1358 94 53 «
989 1358 113 53 20
1046 1358 207 53 Juillet
1196 1358 150 53 1944
1290 1358 94 53 »
1328 1358 113 53 de
1384 1358 150 53 Paul
1459 1358 245 53 Wunderlich,

294 1414 161 50 ayant
401 1414 143 50 pour
491 1414 161 50 thème
598 1414 107 50 la
652 1414 197 50 révolte
795 1414 197 50 échouée
938 1414 125 50 des
1010 1414 233 50 Allemands
1188 1414 179 50 contre
1314 1414 107 50 la
1367 1414 233 50 tyrannie,
1528 1414 179 50 surélève

293 1460 136 55 les
370 1460 252 55 condamnés
564 1460 97 55 à
602 1460 136 55 des
680 1460 232 55 symboles
854 1460 290 55 effrayants.
1086 1460 116 55 Le
1145 1460 174 55 sujet
1261 1460 174 55 porte
1377 1460 116 55 la
1435 1460 213 55 subtile
1570 1460 136 55 forme

295 1518 245 46 graphique
484 1518 283 46 développant
710 1518 113 46 en
766 1518 151 46 même
860 1518 170 46 temps
973 1518 132 46 des
1049 1518 226 46 qualités
1218 1518 320 46 particulières
1482 1518 113 46 de
1520 1518 188 46 dessina-

293 1560 151 49 teur
387 1560 113 49 et
444 1560 113 49 de
501 1560 226 49 peintre.
670 1560 170 49 Renée
784 1560 151 49 Nele
878 1560 113 49 et
935 1560 208 49 Rudolfs
1085 1560 208 49 Schoofs
1236 1560 151 49 sont
1331 1560 283 49 représentés
1557 1560 132 49 par
1614 1560 94 49 des

299 1607 278 64 illustrations
527 1607 98 64 de
560 1607 147 64 livres.

330 1657 134 65 Les
407 1657 307 65 compositeurs
656 1657 249 65 allemands
848 1657 134 65 les
924 1657 153 65 plus
1020 1657 211 65 connus,
1174 1657 134 65 qui
1251 1657 326 65 appartiennent
1519 1657 96 65 à
1558 1657 115 65 la
1596 1657 115 65 même

299 1717 264 51 génération
506 1717 132 51 que
582 1717 132 51 les
657 1717 245 51 peintres,
845 1717 151 51 sont
940 1717 151 51 Hans
1034 1717 188 51 Werner
1166 1717 170 51 Henze
1279 1717 151 51 qui,
1373 1717 113 51 au
1429 1717 188 51 début,
1542 1717 170 51 partait

300 1770 113 63 de
357 1770 264 63 Stravinsky
564 1770 113 63 et
620 1770 113 63 de
677 1770 245 63 Hindemith
865 1770 151 63 pour
959 1770 245 63 rejoindre
1148 1770 207 63 ensuite
1299 1770 245 63 Schônberg
1487 1770 113 63 et
1543 1770 113 63 la
1581 1770 132 63 dodé-

301 1817 238 49 caphonie,
484 1817 110 49 et
539 1817 220 49 trouvait
704 1817 257 49 finalement
906 1817 110 49 sa
961 1817 183 49 propre
1089 1817 257 49 expression
1291 1817 128 49 qui
1365 1817 110 49 se
1420 1817 238 49 manifeste
1603 1817 110 49 de
1640 1817 73 49 la

299 1863 179 58 façon
419 1863 120 58 la
478 1863 159 58 plus
578 1863 319 58 convaincante
837 1863 159 58 dans
937 1863 140 58 ses
1017 1863 199 58 opéras
1156 1863 120 58 et
1216 1863 120 58 sa
1276 1863 219 58 musique
1435 1863 120 58 de
1495 1863 219 58 ballet;
1634 1863 80 58 et

302 1919 262 58 Karlheinz
503 1919 302 58 Stockhausen
745 1919 161 58 qui,
846 1919 121 58 en
907 1919 302 58 développant
1149 1919 343 58 conséquemment
1431 1919 181 58 l’art
1532 1919 181 58 d’Anton

304 1976 132 64 von
380 1976 208 64 Webern,
531 1976 170 64 s’est
644 1976 227 64 consacré
814 1976 302 64 spécialement
1059 1976 94 64 à
1097 1976 113 64 la
1154 1976 208 64 musique
1286 1976 283 64 électronique.

335 2120 93 64 6
