1704 2207
1392 7 312 63 <b>DANEMARK</b>

320 318 240 60 Commissaire
512 318 192 60 Général:
657 318 176 60 <b>Erik
769 318 160 60 Tialveb>

320 336 139 76 Chef
407 336 104 76 du
459 336 191 76 Service
598 336 191 76 Adjoint
737 336 104 76 au
789 336 226 76 Ministère
963 336 104 76 de
1015 336 261 76 l’Education
1206 336 209 76 Nationale.

154 619 123 79 Le
215 619 184 79 monde
337 619 123 79 se
399 619 204 79 trouve
542 619 163 79 dans
644 619 143 79 une
726 619 225 79 période
889 619 123 79 de
950 619 347 79 développement
1236 619 143 79 qui
1318 619 204 79 semble
1440 619 123 79 plus

120 679 234 71 étrange
290 679 149 71 que
375 679 234 71 jamais;
545 679 170 71 nous
651 679 170 71 n’en
757 679 298 71 apercevons
991 679 170 71 même
1097 679 149 71 pas
1182 679 213 71 encore
1331 679 149 71 les
1395 679 170 71 consé-

124 725 206 78 quences
274 725 112 78 et
330 725 131 78 les
405 725 262 78 résultats.
611 725 112 78 Il
667 725 131 78 est
742 725 206 78 évident
891 725 131 78 que
966 725 131 78 les
1041 725 262 78 beaux-arts
1247 725 206 78 doivent
1378 725 187 78 refléter

127 787 228 70 l’époque,
303 787 140 70 cela
390 787 88 70 a
425 787 245 70 d’ailleurs
618 787 210 70 toujours
776 787 123 70 été
846 787 105 70 le
899 787 140 70 cas.
986 787 140 70 Dans
1074 787 140 70 tous
1162 787 123 70 les
1232 787 158 70 pays,
1337 787 123 70 les
1390 787 175 70 artistes

121 823 280 71 cherchent
337 823 108 71 à
380 823 302 71 s’exprimer
618 823 151 71 par
704 823 129 71 de
769 823 259 71 nouveaux
963 823 216 71 moyens
1114 823 129 71 et
1179 823 151 71 les
1265 823 302 71 programmes
1481 823 86 71 se

127 876 244 75 succèdent
315 876 94 75 à
352 876 131 75 une
427 876 206 75 vitesse
577 876 281 75 effrayante;
802 876 112 75 la
858 876 244 75 nouveauté
1045 876 112 75 de
1102 876 150 75 l’an
1195 876 206 75 dernier
1345 876 131 75 est
1401 876 169 75 démodée

105 949 271 61 aujourd’hui.

162 971 249 76 Autrefois,
358 971 107 76 il
411 971 196 76 fallait
554 971 107 76 un
607 971 178 76 siècle
732 971 142 76 pour
821 971 178 76 former
945 971 107 76 le
999 971 160 76 style
1105 971 160 76 d’une
1212 971 196 76 époque,
1337 971 231 76 aujourd’hui

128 1033 131 78 les
203 1033 94 78 «
241 1033 169 78 ismes
353 1033 94 78 »
391 1033 300 78 apparaissent
634 1033 300 78 constamment.
878 1033 112 78 Il
934 1033 112 78 en
990 1033 94 78 a
1028 1033 131 78 été
1103 1033 169 78 ainsi
1215 1033 187 78 depuis
1327 1033 244 78 impression-

131 1075 178 78 nisme.
256 1075 213 78 Est-elle
416 1075 178 78 saine,
540 1075 160 78 cette
647 1075 302 78 précipitation
896 1075 107 78 en
949 1075 196 78 matière
1091 1075 178 78 d’art?
1216 1075 107 78 Je
1269 1075 107 78 ne
1322 1075 107 78 le
1375 1075 160 78 crois
1464 1075 107 78 pas.

129 1139 325 62 Donne-t-elle
393 1139 122 62 de
454 1139 163 62 plus
555 1139 203 62 grands
697 1139 284 62 résultats?
921 1139 325 62 Certainement
1185 1139 163 62 pas.
1287 1139 163 62 Mais
1388 1139 183 62 l’art
1490 1139 81 62 ne

132 1185 219 69 s’arrête
296 1185 128 69 pas
369 1185 128 69 aux
442 1185 274 69 convenances
661 1185 110 69 et
716 1185 110 69 la
771 1185 201 69 vitesse
917 1185 110 69 et
972 1185 274 69 l’agitation
1191 1185 110 69 de
1245 1185 128 69 nos
1318 1185 164 69 jours
1410 1185 164 69 doivent

132 1241 300 71 naturellement
380 1241 194 71 influer
521 1241 124 71 sur
574 1241 141 71 l’art.

165 1279 116 78 Le
223 1279 232 78 Danemark
396 1279 96 78 a
435 1279 116 78 de
493 1279 212 78 nouveau
647 1279 135 78 été
724 1279 193 78 invité
859 1279 96 78 à
898 1279 270 78 participer
1110 1279 96 78 à
1149 1279 116 78 la
1206 1279 232 78 Biennale
1380 1279 116 78 de
1419 1279 154 78 Paris.

132 1331 158 78 Nous
231 1331 99 78 y
271 1331 198 78 serons
409 1331 296 78 représentés
646 1331 138 78 par
725 1331 237 78 quelques
903 1331 198 78 jeunes
1041 1331 237 78 artistes
1199 1331 375 78 expérimentalistes

131 1387 135 62 qui
208 1387 231 62 adhèrent
381 1387 154 62 tout
477 1387 327 62 naturellement
747 1387 96 62 à
785 1387 116 62 la
843 1387 231 62 tendance
1017 1387 135 62 qui
1094 1387 135 62 est
1171 1387 193 62 l’idée
1305 1387 154 62 même
1402 1387 116 62 de
1440 1387 135 62 cette

131 1426 293 85 exposition.
366 1426 137 85 Ces
444 1426 195 85 jeunes
581 1426 234 85 peintres
757 1426 117 85 et
815 1426 273 85 sculpteurs
1030 1426 137 85 ont
1108 1426 137 85 une
1186 1426 176 85 façon
1304 1426 117 85 de
1343 1426 234 85 s’exprimer

133 1492 270 56 abstraite,
345 1492 212 56 marquée
499 1492 135 56 par
576 1492 116 56 le
633 1492 250 56 sentiment
826 1492 250 56 personnel
1019 1492 116 56 de
1076 1492 193 56 chacun
1211 1492 173 56 d’eux
1327 1492 250 56 vis-à-vis
1500 1492 77 56 de

133 1551 115 65 ce
190 1551 192 65 qu’ils
324 1551 249 65 cherchent
516 1551 96 65 à
535 1551 211 65 exprimer.

168 1582 122 78 Le
229 1582 265 78 sculpteur
433 1582 245 78 Vandborg
617 1582 143 78 est
698 1582 143 78 une
780 1582 286 78 exception,
1004 1582 122 78 il
1066 1582 143 78 est
1147 1582 122 78 un
1209 1582 143 78 bon
1290 1582 225 78 exemple
1454 1582 122 78 de
1494 1582 82 78 la

134 1643 231 67 tendance
307 1643 135 67 qui
384 1643 193 67 existe
519 1643 173 67 aussi
634 1643 154 67 dans
731 1643 173 67 l’art
846 1643 193 67 danois
981 1643 173 67 jeune
1097 1643 116 67 de
1154 1643 212 67 vouloir
1308 1643 270 67 s’exprimer
1501 1643 77 67 de

137 1687 212 74 manière
291 1687 308 74 naturaliste,
541 1687 154 74 sans
637 1687 250 74 cependant
830 1687 250 74 emprunter
1022 1687 135 74 les
1099 1687 231 74 sentiers
1272 1687 192 74 battus
1407 1687 115 74 du
1445 1687 135 74 natu-

138 1750 198 71 ralisme
282 1750 108 71 et
336 1750 108 71 de
390 1750 108 71 la
425 1750 216 71 tradition.

1324 1929 138 75 Kai
1384 1929 198 75 Mottlau.
