1818 2207
247 19 203 71 <b>ITALIE</b>

398 114 206 68 Edoardo
548 114 318 68 Franceschini,
810 114 168 68 Piero
922 114 225 68 Ruggeri,
1091 114 243 68 Francesco
1278 114 225 68 Tabusso,
1446 114 281 68 participant
1652 114 112 68 tous

396 191 178 44 depuis
521 191 231 44 plusieurs
698 191 178 44 années
823 191 124 44 aux
894 191 142 44 plus
982 191 195 44 grandes
1125 191 266 44 expositions
1338 191 355 44 internationales.
1622 191 142 44 Chacun

396 238 207 49 d’entre
546 238 131 49 eux
622 238 169 49 donne
734 238 113 49 sa
791 238 188 49 propre
922 238 338 49 interprétation
1204 238 113 49 du
1260 238 169 49 monde
1373 238 338 49 d’aujourd’hui;
1636 238 131 49 cette

398 273 342 58 interprétation,
686 273 180 58 tantôt
812 273 108 58 se
866 273 252 58 concrétise
1064 273 144 58 dans
1155 273 306 58 l’abstraction
1407 273 162 58 pure,
1515 273 144 58 sous
1605 273 108 58 le
1641 273 126 58 signe

395 325 151 54 d’un
489 325 301 54 rationalisme
734 325 207 54 lucide,
884 325 169 54 comme
997 325 151 54 chez
1092 325 226 54 Dorazio,
1261 325 113 54 ou
1317 325 132 54 sur
1393 325 113 54 un
1449 325 151 54 élan
1524 325 245 54 expression-

398 374 162 60 niste
506 374 108 60 et
560 374 199 60 gestuel
705 374 162 60 comme
813 374 144 60 chez
903 374 217 60 Ruggeri,
1066 374 144 60 dont
1156 374 108 60 la
1210 374 181 60 vision
1337 374 181 60 large,
1463 374 289 60 inquiétante,
1680 374 90 60 est

398 440 203 52 pourtant
551 440 237 52 optimiste,
737 440 102 52 au
788 440 152 52 fond,
889 440 119 52 par
957 440 102 52 la
1008 440 203 52 vitalité
1160 440 136 52 même
1245 440 102 52 de
1296 440 203 52 l’image;
1448 440 169 52 tantôt
1567 440 136 52 elle
1635 440 136 52 renou-

396 476 181 67 velle,
522 476 108 67 au
577 476 253 67 contraire,
776 476 108 67 le
830 476 199 67 rapport
974 476 145 67 avec
1065 476 108 67 le
1119 476 145 67 réel
1210 476 127 67 par
1282 476 127 67 une
1354 476 235 67 narration
1517 476 253 67 emblématique

397 520 135 70 non
474 520 213 70 exempte
629 520 116 70 de
687 520 329 70 réminiscences
958 520 271 70 orientales
1170 520 116 70 ou
1228 520 116 70 de
1286 520 135 70 l’«
1364 520 135 70 Art
1441 520 213 70 Nouveau
1596 520 116 70 »,
1635 520 135 70 commé

395 582 157 59 chez
494 582 236 59 Dangelo,
670 582 118 59 ou
729 582 197 59 encore
867 582 118 59 en
926 582 295 59 développant
1162 582 255 59 certaines
1358 582 236 59 prémices
1535 582 118 59 de
1594 582 118 59 la
1633 582 138 59 figue

396 647 314 45 surréaliste,
652 647 177 45 comme
770 647 157 45 chez
868 647 334 45 Franceschini,
1143 647 157 45 dont
1241 647 138 45 les
1320 647 255 45 peintures
1517 647 236 45 évoquent
1674 647 98 45 des

397 692 151 54 pans
491 692 113 54 de
548 692 170 54 ville
661 692 132 54 qui
736 692 226 54 figurent
906 692 132 54 des
981 692 358 54 enchevêtrements
1282 692 283 54 psychiques.
1508 692 188 54 Tantôt
1621 692 151 54 enfini

395 742 134 59 les
471 742 230 59 rapports
644 742 230 59 nouveaux
816 742 287 59 s’ordonnent
1046 742 172 59 selon
1160 742 134 59 les
1237 742 172 59 modes
1352 742 172 59 d’une
1467 742 191 59 vision
1601 742 134 59 qui
1658 742 115 59 peut

396 786 191 65 encore
530 786 153 65 être
625 786 172 65 taxée
740 786 115 65 de
798 786 306 65 naturalisme,
1047 786 172 65 comme
1161 786 172 65 c’est
1276 786 115 65 le
1334 786 134 65 cas
1410 786 153 65 pour
1487 786 191 65 Tabusso.

426 846 116 59 Ce
484 846 173 59 choix
599 846 116 59 ne
657 846 231 59 semblera
830 846 173 59 point
946 846 154 59 trop
1042 846 270 59 éclectique
1254 846 116 59 si
1312 846 154 59 l’on
1408 846 173 59 songe
1524 846 135 59 que
1601 846 135 59 ces
1658 846 116 59 cind

395 894 249 60 peintres,
586 894 230 60 pourtant
759 894 153 60 très
855 894 287 60 différents,
1084 894 153 60 sont
1180 894 153 60 liés
1276 894 134 60 par
1353 894 134 60 une
1429 894 153 60 même
1525 894 249 60 recherche
1697 894 77 60 de

397 945 314 54 renouvellement
658 945 105 54 et
711 945 349 54 d’enrichissement
1007 945 105 54 du
1060 945 209 54 langage.
1217 945 122 54 Ils
1286 945 262 54 contribuent
1496 945 140 54 tous
1583 945 87 54 à
1601 945 174 54 l’édifie

397 997 191 53 cation
531 997 172 53 d’une
646 997 172 53 image
761 997 211 53 commune
914 997 115 53 de
971 997 172 53 notre
1086 997 249 53 condition
1277 997 306 53 spirituelle,
1507 997 268 53 caractérisée

398 1054 116 51 par
465 1054 100 51 le
515 1054 183 51 conflit
648 1054 100 51 le
697 1054 133 51 plus
780 1054 233 51 dramatique
963 1054 166 51 qu’ait
1079 1054 133 51 vécu
1162 1054 249 51 l’histoire,
1362 1054 149 51 entre
1461 1054 100 51 le
1511 1054 149 51 monde
1594 1054 183 51 intérieur

396 1097 103 59 et
447 1097 103 59 le
499 1097 155 59 monde
603 1097 241 59 extérieur,
792 1097 155 59 entre
896 1097 121 59 les
965 1097 190 59 valeurs
1103 1097 103 59 de
1154 1097 103 59 la
1206 1097 207 59 personne
1361 1097 190 59 humaine
1499 1097 103 59 et
1534 1097 241 59 l’aliénation

394 1151 90 61 à
430 1151 217 61 laquelle
593 1151 144 61 nous
683 1151 199 61 conduit
827 1151 108 61 le
863 1151 181 61 progrès.

1443 1969 224 74 Fortunato
1598 1969 190 74 Bellonzi.

445 2122 94 57 68
