1818 2197
230 8 239 82 <b>SUÈDE</b>

581 437 235 70 Commissaire
769 437 172 70 Général
895 437 78 70 :
926 437 141 70 <b>Bo
1004 437 157 70 Kârre/b>

581 479 218 74 Directeur
749 479 101 74 de
800 479 235 74 l’Institut
984 479 185 74 Suédois
1119 479 84 74 à
1136 479 134 74 Paris.

417 775 168 67 L’art
529 775 205 67 suédois
678 775 168 67 s’est
790 775 205 67 trouvé,
939 775 205 67 pendant
1088 775 112 67 de
1144 775 205 67 longues
1293 775 242 67 périodes,
1479 775 168 67 assez
1591 775 168 67 isolé
1684 775 93 67 des

384 843 223 50 courants
552 843 279 50 artistiques
775 843 112 50 du
831 843 260 50 continent.
1035 843 205 50 Certes,
1184 843 130 50 des
1258 843 260 50 mouvements
1463 843 167 50 comme
1574 843 112 50 le
1612 843 167 50 concré-

382 899 159 42 tisme
488 899 106 42 et
541 899 106 42 le
594 899 265 42 surréalisme
807 899 318 42 d’après-guerre
1072 899 177 42 firent
1196 899 230 42 irruption
1372 899 141 42 vers
1461 899 106 42 la
1514 899 124 42 fin
1585 899 124 42 des
1638 899 141 42 années

384 934 151 59 1940
478 934 151 59 dans
573 934 113 59 le
629 934 340 59 provincialisme
912 934 132 59 qui
988 934 226 59 dominait
1158 934 170 59 l’art
1271 934 207 59 suédois
1422 934 207 59 pendant
1573 934 113 59 la
1610 934 170 59 seconde

383 994 191 52 guerre
517 994 249 52 mondiale;
708 994 153 52 mais
804 994 172 52 l’art
918 994 115 52 en
976 994 172 52 Suède
1091 994 210 52 demeura
1244 994 249 52 longtemps
1435 994 134 52 une
1492 994 287 52 préoccupation

381 1046 97 52 à
419 1046 253 52 caractère
614 1046 175 52 local
730 1046 117 52 et
789 1046 214 52 confiné
944 1046 155 52 dans
1041 1046 136 52 les
1119 1046 272 52 frontières
1333 1046 330 52 géographiques
1605 1046 117 52 du
1644 1046 136 52 pays.

384 1088 236 61 Seulement
566 1088 145 61 vers
656 1088 109 61 la
711 1088 127 61 fin
784 1088 127 61 des
856 1088 182 61 années
983 1088 164 61 1950,
1092 1088 127 61 les
1165 1088 145 61 noms
1256 1088 109 61 de
1311 1088 164 61 Wols,
1420 1088 218 61 Dubuffet
1583 1088 109 61 et
1619 1088 164 61 Pollock

386 1146 185 53 prirent
521 1146 135 53 leur
605 1146 152 53 plein
706 1146 135 53 sens
790 1146 168 53 auprès
908 1146 101 53 de
959 1146 101 53 la
1009 1146 152 53 jeune
1110 1146 253 53 génération.
1312 1146 286 53 Actuellement,
1548 1146 152 53 l’art
1632 1146 152 53 suédois

383 1193 123 57 est
454 1193 193 57 surtout
594 1193 263 57 caractérisé
804 1193 123 57 par
874 1193 105 57 la
926 1193 175 57 vision
1049 1193 263 57 informelle,
1259 1193 175 57 malgré
1381 1193 263 57 l’existence
1591 1193 105 57 de
1626 1193 158 57 contre-

381 1240 213 52 courants
541 1240 231 52 fortement
719 1240 373 52 traditionalistes.
1038 1240 107 52 Il
1092 1240 124 52 est
1163 1240 160 52 assez
1269 1240 284 52 significatif
1500 1240 107 52 de
1553 1240 107 52 la
1589 1240 195 52 situation

380 1295 225 48 actuelle
549 1295 113 48 de
605 1295 169 48 l’art
718 1295 206 48 moderne
868 1295 113 48 en
924 1295 169 48 Suède
1037 1295 131 48 que
1112 1295 131 48 les
1187 1295 150 48 cinq
1281 1295 225 48 artistes
1449 1295 300 48 sélectionnés
1674 1295 113 48 pour

381 1343 114 64 la
438 1343 228 64 Deuxième
609 1343 228 64 Biennale
780 1343 133 64 des
856 1343 190 64 Jeunes
989 1343 95 64 à
1027 1343 171 64 Paris
1140 1343 114 64 et
1197 1343 133 64 qui
1273 1343 304 64 représentent
1520 1343 152 64 tous
1615 1343 133 64 des
1672 1343 114 64 ten-

382 1398 182 47 dances
509 1398 292 47 différentes,
747 1398 164 47 aient
856 1398 237 47 acheminé,
1038 1398 146 47 pour
1129 1398 201 47 arriver
1275 1398 91 47 à
1312 1398 164 47 leurs
1421 1398 182 47 formes
1531 1398 255 47 d’expression

379 1460 259 50 actuelles,
583 1460 130 50 sur
657 1460 130 50 les
731 1460 167 50 voies
842 1460 111 50 du
898 1460 296 50 concrétisme,
1139 1460 111 50 du
1194 1460 278 50 surréalisme
1417 1460 111 50 et
1472 1460 111 50 de
1509 1460 278 50 l’abstraction

381 1504 125 59 des
452 1504 178 59 objets
577 1504 232 59 naturels.
755 1504 249 59 Cependant,
951 1504 107 59 il
1004 1504 125 59 est
1076 1504 196 59 inutile
1218 1504 107 59 de
1272 1504 214 59 préciser
1432 1504 125 59 que
1503 1504 160 59 cette
1592 1504 196 59 sélection

381 1547 222 57 n’épuise
548 1547 130 57 pas
622 1547 111 57 la
678 1547 222 57 création
845 1547 259 57 artistique
1049 1547 111 57 de
1104 1547 111 57 la
1160 1547 167 57 Suède
1271 1547 334 57 d’aujourd’hui,
1549 1547 148 57 mais
1642 1547 111 57 ne
1679 1547 111 57 fait

381 1596 172 64 qu’en
496 1596 249 64 illustrer
687 1596 229 64 quelques
859 1596 249 64 tendances
1031 1596 325 64 prépondérantes.

410 1649 217 54 Torsten
568 1649 256 54 Andersson
765 1649 138 54 fut
844 1649 217 54 d’abord
1002 1649 217 54 inspiré
1160 1649 138 54 par
1239 1649 118 54 le
1298 1649 375 54 constructivisme
1594 1649 197 54 français

380 1701 117 45 et
439 1701 215 45 ensuite
596 1701 137 45 par
674 1701 117 45 le
733 1701 372 45 constructivisme
1046 1701 117 45 de
1105 1701 196 45 Paris,
1242 1701 255 45 notamment
1438 1701 137 45 par
1516 1701 235 45 Dewasne.
1673 1701 117 45 Vers

382 1746 104 55 la
434 1746 122 55 fin
503 1746 122 55 des
573 1746 174 55 années
695 1746 157 55 1950,
799 1746 122 55 les
869 1746 174 55 formes
991 1746 192 55 solides
1130 1746 104 55 de
1183 1746 122 55 son
1252 1746 122 55 art
1322 1746 296 55 s’atomisèrent
1566 1746 104 55 et
1618 1746 122 55 son
1670 1746 122 55 style

383 1808 143 59 prit
473 1808 125 59 une
544 1808 179 59 allure
669 1808 143 59 plus
759 1808 251 59 expressive
956 1808 107 59 et
1009 1808 197 59 dominée
1153 1808 125 59 par
1224 1808 107 59 la
1260 1808 179 59 matière.

415 1846 179 68 Oyvind
540 1846 250 68 Fahlstrôm,
737 1846 322 68 originellement
1005 1846 268 68 journaliste
1220 1846 107 68 et
1273 1846 179 68 poète,
1399 1846 89 68 a
1434 1846 107 68 de
1488 1846 197 68 solides
1613 1846 179 68 rapports

384 1895 139 72 avec
471 1895 157 72 l’art
575 1895 313 72 international,
836 1895 226 72 notamment
1010 1895 157 72 grâce
1114 1895 87 72 à
1149 1895 87 72 «
1184 1895 174 72 Phases
1306 1895 87 72 »
1341 1895 122 72 par
1410 1895 174 72 lequel
1532 1895 104 72 il
1584 1895 87 72 a
1602 1895 191 72 participé

382 1951 93 79 à
420 1951 112 79 de
475 1951 260 79 nombreuses
680 1951 297 79 expositions,
921 1951 149 79 dans
1014 1951 112 79 le
1070 1951 167 79 monde
1182 1951 204 79 entier.
1330 1951 242 79 Fahistrôm
1516 1951 130 79 est
1591 1951 112 79 un
1628 1951 167 79 peintre
