1818 2207
286 108 86 59 —
320 108 137 59 Prix
406 108 103 59 de
458 108 103 59 la
509 108 155 59 Ville
612 108 103 59 de
664 108 172 59 Paris:
784 108 206 59 médaille
938 108 103 59 de
990 108 189 59 Vermeil
1127 108 103 59 et
1179 108 240 59 exposition
1368 108 103 59 en
1419 108 223 59 1962-1963
1574 108 103 59 dans

331 141 110 49 une
394 141 142 49 salle
489 141 252 49 d’exposition
694 141 95 49 de
741 141 95 49 la
788 141 142 49 Ville
883 141 95 49 de
914 141 126 49 Paris.

283 183 84 50 —
317 183 134 50 Prix
401 183 101 50 du
451 183 151 50 Musée
552 183 168 50 Rodin:
670 183 84 50 1
703 183 118 50 000
771 183 202 50 nouveaux
922 183 185 50 francs,
1056 183 168 50 offert
1174 183 84 50 à
1207 183 101 50 un
1258 183 151 50 jeune
1359 183 218 50 sculpteur
1510 183 168 50 français

330 215 107 51 ou
366 215 195 51 étranger.

284 247 86 63 —
318 247 138 63 Prix
404 247 155 63 André
507 247 155 63 Susse
611 247 86 63 :
645 247 86 63 1
679 247 120 63 000
748 247 206 63 nouveaux
903 247 189 63 francs,
1041 247 172 63 offert
1161 247 86 63 à
1195 247 103 63 un
1247 247 155 63 jeune
1350 247 224 63 sculpteur
1505 247 172 63 français

330 294 97 55 ou
378 294 195 55 étranger
525 294 195 55 résidant
671 294 162 55 depuis
784 294 130 55 plus
865 294 97 55 de
914 294 81 55 5
947 294 162 55 années
1060 294 260 55 consécutives
1271 294 97 55 en
1320 294 179 55 France.
1450 294 97 55 Le
1498 294 130 55 Prix
1563 294 114 55 devra

328 326 142 66 être
417 326 231 66 attribué,
594 326 124 66 non
665 326 142 66 pour
754 326 124 66 une
825 326 160 66 seule
931 326 177 66 œuvre,
1055 326 142 66 mais
1144 326 142 66 pour
1233 326 248 66 l’ensemble
1428 326 124 66 des
1481 326 195 66 créations

329 360 101 48 de
380 360 101 48 ce
413 360 202 48 sculpteur.

799 469 241 62 <b>Illustration
1002 469 76 62 de
1028 469 152 62 livres</b>

255 542 191 55 Premier
393 542 191 55 groupe:
532 542 173 55 Projet
653 542 312 55 d’illustration
913 542 139 55 pour
1000 542 87 55 «
1035 542 104 55 Le
1087 542 277 55 Chef-d’œuvre
1312 542 191 55 inconnu
1451 542 87 55 »
1485 542 104 55 de
1520 542 156 55 Balzac.

288 578 97 61 Le
336 578 129 61 Jury
417 578 274 61 international
643 578 210 61 décernera
804 578 97 61 un
852 578 129 61 prix
933 578 145 61 entre
1030 578 113 61 les
1094 578 210 61 candidats
1256 578 210 61 étrangers
1417 578 97 61 et
1465 578 194 61 français
1594 578 81 61 qui

255 611 216 55 consistera
425 611 93 55 en
471 611 201 55 l’édition
625 611 93 55 du
672 611 155 55 projet
780 611 185 55 présenté
919 611 108 55 par
981 611 93 55 le
1027 611 185 55 lauréat.
1166 611 108 55 Les
1228 611 216 55 conditions
1398 611 201 55 d’édition
1537 611 139 55 devront

252 648 141 72 faire
346 648 172 72 l’objet
471 648 125 72 d’un
550 648 172 72 contrat
675 648 141 72 entre
769 648 203 72 l’éditeur
925 648 94 72 et
972 648 219 72 l’artiste,
1144 648 110 72 les
1207 648 188 72 planches
1347 648 172 72 restant
1473 648 94 72 la
1504 648 172 72 propriété

254 677 98 61 de
286 677 197 61 l’éditeur.

254 725 202 48 Deuxième
406 725 185 48 groupe:
540 725 269 48 Illustration
759 725 118 48 sur
826 725 101 48 un
876 725 151 48 thème
960 725 135 48 libre.

285 765 100 74 Le
335 765 134 74 Jury
419 765 285 74 international
654 765 218 74 décernera
821 765 134 74 deux
905 765 184 74 bourses
1039 765 100 74 de
1089 765 84 74 1
1122 765 117 74 000
1189 765 201 74 nouveaux
1340 765 167 74 francs
1457 765 184 74 chacune
1575 765 100 74 pour

253 802 133 59 deux
336 802 199 59 lauréats
486 802 216 59 étrangers
651 802 100 59 ou
685 802 182 59 français.

759 902 237 79 <b>Décoration
941 902 209 79 théâtrale</b>

284 970 99 68 Le
334 970 132 68 Jury
417 970 281 68 international
632 970 198 68 désignera:

283 1018 81 75 —
315 1018 145 75 parmi
412 1018 113 75 les
477 1018 291 75 participations
719 1018 242 75 étrangères,
913 1018 97 75 un
961 1018 178 75 lauréat
1090 1018 113 75 qui
1155 1018 178 75 recevra
1284 1018 113 75 une
1349 1018 162 75 bourse
1462 1018 97 75 de
1510 1018 162 75 séjour
1607 1018 65 75 de

251 1050 118 68 800
319 1050 203 68 nouveaux
471 1050 169 68 francs
589 1050 118 68 par
656 1050 152 68 mois,
758 1050 135 68 pour
842 1050 101 68 un
893 1050 169 68 séjour
1011 1050 203 68 effectif
1163 1050 101 68 de
1214 1050 152 68 trois
1315 1050 135 68 mois
1399 1050 101 68 en
1433 1050 152 68 France.

283 1102 80 81 —
315 1102 128 81 dans
395 1102 96 81 la
443 1102 271 81 participation
666 1102 224 81 française,
842 1102 96 81 un
890 1102 176 81 lauréat
1017 1102 112 81 qui
1081 1102 176 81 recevra
1209 1102 112 81 une
1273 1102 160 81 bourse
1385 1102 96 81 de
1433 1102 80 81 1
1464 1102 112 81 000
1512 1102 160 81 nouveaux

232 1121 157 55 francs.

737 1225 275 58 <b>Composition
951 1225 214 58 musicale</b>

284 1279 101 66 Le
335 1279 135 66 Jury
419 1279 287 66 international
639 1279 203 66 désignera:

328 1330 145 66 parmi
425 1330 113 66 les
489 1330 291 66 participations
732 1330 242 66 étrangères,
925 1330 129 66 deux
1006 1330 194 66 lauréats
1151 1330 113 66 qui
1216 1330 210 66 recevront
1377 1330 161 66 chacun
1490 1330 113 66 une
1539 1330 129 66 bourse

250 1363 101 85 de
301 1363 169 85 séjour
419 1363 101 85 de
470 1363 118 85 800
537 1363 203 85 nouveaux
689 1363 169 85 francs
807 1363 118 85 par
875 1363 152 85 mois,
976 1363 135 85 pour
1060 1363 101 85 un
1111 1363 169 85 séjour
1229 1363 203 85 effectif
1381 1363 101 85 de
1432 1363 152 85 trois
1533 1363 135 85 mois
1600 1363 68 85 en

232 1396 163 46 France.

249 1448 205 67 franogans
407 1448 95 67 la
454 1448 268 67 participation
675 1448 221 67 française,
848 1448 95 67 un
896 1448 173 67 lauréat
1022 1448 110 67 qui
1085 1448 173 67 recevra
1211 1448 110 67 une
1274 1448 158 67 bourse
1384 1448 95 67 de
1432 1448 79 67 2
1463 1448 110 67 000
1510 1448 158 67 nouveaux

283 1513 177 60 Pendant
412 1513 97 60 la
460 1513 145 60 durée
557 1513 97 60 de
605 1513 97 60 la
654 1513 210 60 Biennale,
815 1513 161 60 toutes
928 1513 113 60 les
992 1513 161 60 bandes
1105 1513 274 60 sélectionnées
1331 1513 193 60 pourront
1476 1513 129 60 être
1540 1513 129 60 enten-

250 1536 130 83 dues
331 1536 130 83 dans
413 1536 98 83 la
461 1536 147 83 salle
559 1536 98 83 de
608 1536 179 83 musique
738 1536 98 83 de
787 1536 98 83 la
836 1536 212 83 Biennale.
999 1536 98 83 En
1048 1536 163 83 outre,
1162 1536 114 83 des
1227 1536 163 83 œuvres
1341 1536 114 83 des
1406 1536 179 83 auteurs
1520 1536 147 83 primés,

251 1584 214 81 étrangers
415 1584 99 81 ou
464 1584 214 81 français,
629 1584 164 81 seront
744 1584 214 81 exécutées
908 1584 115 81 par
974 1584 115 81 les
1040 1584 148 81 soins
1139 1584 99 81 de
1188 1584 99 81 la
1221 1584 444 81 Radiodiffusion

248 1614 236 83 française,
434 1614 101 83 au
484 1614 152 83 cours
585 1614 101 83 de
636 1614 202 83 concerts
788 1614 186 83 publics
923 1614 186 83 pendant
1058 1614 186 83 l’hiver
1176 1614 202 83 1961

297 2064 98 71 XII
