1726 2207
1445 7 258 85 >GRÈCE</b>

323 478 240 57 Commissaire
515 478 176 57 Général
643 478 80 57 :
675 478 224 57 <b>Georges
834 478 256 57 Kournoutos</b>

326 521 220 66 Directeur
495 521 186 66 Général
631 521 119 66 des
699 521 135 66 Arts
783 521 102 66 et
834 521 119 66 des
885 521 169 66 Lettres.

159 785 186 76 L’art
284 785 331 76 contemporain
553 785 186 76 grec,
677 785 228 76 pendant
843 785 145 76 les
926 785 290 76 vingt-cinq
1154 785 269 76 dernières
1361 785 207 76 années
1485 785 83 76 du

128 848 152 71 XIXe
223 848 209 71 siècle,
375 848 285 71 fléchissait
603 848 190 71 encore
736 848 152 71 sous
831 848 114 71 le
887 848 171 71 poids
1001 848 114 71 du
1058 848 190 71 sujet.
1191 848 133 71 Les
1267 848 209 71 talents
1419 848 114 71 ne
1457 848 114 71 man-

129 882 206 74 quaient
279 882 187 74 point,
410 882 112 74 ni
466 882 225 74 certains
635 882 206 74 esprits
785 882 225 74 avancés,
953 882 169 74 fiers
1065 882 112 74 de
1122 882 150 74 leur
1215 882 318 74 indépendance,
1459 882 112 74 mais

129 936 167 73 dans
234 936 146 73 son
317 936 251 73 ensemble
506 936 188 73 l’art
631 936 167 73 grec
736 936 126 73 de
799 936 188 73 cette
924 936 209 73 époque
1071 936 230 73 s’était
1238 936 209 73 engagé
1385 936 167 73 dans
1468 936 105 73 les

133 983 257 77 contraintes
339 983 137 77 d’un
424 983 171 77 devoir
544 983 137 77 dont
630 983 223 77 l’origine
801 983 154 77 était
904 983 171 77 plutôt
1024 983 257 77 littéraire:
1230 983 154 77 créer
1333 983 103 77 un
1384 983 120 77 art
1453 983 86 77 «
1470 983 103 77 grec

131 1046 137 71 pur
210 1046 117 71 ».
268 1046 137 71 Une
346 1046 215 71 société
502 1046 156 71 qui,
600 1046 98 71 à
639 1046 176 71 cette
756 1046 215 71 époque,
912 1046 254 71 finissait
1107 1046 137 71 par
1185 1046 273 71 consolider
1399 1046 117 71 sa
1438 1046 137 71 forme

134 1106 259 58 bourgeoise
337 1106 240 58 soutenait
522 1106 166 58 cette
633 1106 240 58 exigence.
818 1106 277 58 D’ailleurs,
1040 1106 111 58 ce
1095 1106 166 58 n’est
1206 1106 129 58 pas
1280 1106 111 58 là
1336 1106 166 58 chose
1428 1106 148 58 excep-

132 1136 270 80 tionnelle;
344 1136 231 80 d’autres
517 1136 231 80 sociétés
691 1136 309 80 bourgeoises,
942 1136 116 80 un
999 1136 135 80 peu
1077 1136 154 80 plus
1173 1136 154 80 tôt,
1269 1136 212 80 avaient
1404 1136 174 80 projeté

135 1189 115 72 de
192 1189 212 72 pareils
346 1189 212 72 dogmes,
500 1189 135 72 non
577 1189 250 72 seulement
769 1189 154 72 dans
866 1189 115 72 le
923 1189 212 72 domaine
1077 1189 135 72 des
1154 1189 154 72 arts
1250 1189 288 72 plastiques,
1462 1189 115 72 mais

135 1244 167 79 aussi
247 1244 148 79 dans
339 1244 148 79 ceux
432 1244 111 79 de
487 1244 111 79 la
543 1244 204 79 musique
691 1244 111 79 et
746 1244 111 79 de
802 1244 111 79 la
857 1244 296 79 littérature.
1098 1244 111 79 De
1153 1244 241 79 pareilles
1320 1244 259 79 orientations

134 1290 273 68 attribuent
349 1290 254 68 cependant
544 1290 273 68 fatalement
759 1290 137 68 une
837 1290 195 68 énorme
974 1290 273 68 importance
1189 1290 117 68 au
1247 1290 176 68 sujet
1345 1290 234 68 (histoire,

135 1345 265 82 folklore)
338 1345 143 82 aux
420 1345 204 82 dépens
562 1345 143 82 des
644 1345 244 82 éléments
827 1345 285 82 plastiques
1051 1345 122 82 et
1112 1345 143 82 des
1194 1345 265 82 problèmes
1377 1345 204 82 purement

140 1413 276 55 artistiques
360 1413 110 55 de
415 1413 110 55 la
452 1413 147 55 forme.

174 1441 111 83 Le
230 1441 130 83 XXe
304 1441 185 83 siècle
434 1441 204 83 nettoya
582 1441 111 83 le
638 1441 204 83 terrain
786 1441 111 83 de
842 1441 130 83 ces
916 1441 278 83 agacements.
1138 1441 297 83 Aujourd’hui,
1379 1441 167 83 l’art
1472 1441 111 83 grec

141 1495 126 69 est
213 1495 144 69 tout
303 1495 90 69 à
339 1495 144 69 fait
430 1495 90 69 à
466 1495 108 69 la
520 1495 144 69 page
610 1495 108 69 et
664 1495 379 69 physiologiquement
989 1495 162 69 placé
1097 1495 144 69 dans
1187 1495 126 69 les
1259 1495 180 69 cadres
1368 1495 216 69 européens.

139 1541 124 73 Il
201 1541 227 73 connaît
367 1541 145 73 les
449 1541 186 73 mêmes
573 1541 289 73 problèmes,
800 1541 145 73 les
883 1541 186 73 mêmes
1007 1541 330 73 inquiétudes;
1275 1541 124 73 il
1337 1541 103 73 a
1378 1541 145 73 les
1440 1541 145 73 mêmes

139 1595 251 70 tendances
332 1595 135 70 que
409 1595 174 70 l’art
525 1595 116 70 de
583 1595 251 70 l’Europe.
776 1595 193 70 Depuis
911 1595 116 70 le
969 1595 174 70 début
1085 1595 116 70 du
1143 1595 135 70 XXe
1220 1595 212 70 siècle,
1375 1595 174 70 l’art
1471 1595 116 70 grec

142 1644 215 72 moderne
299 1644 98 72 a
338 1644 254 72 abandonné
533 1644 313 72 l’Académisme
788 1644 156 72 figé
885 1644 117 72 et
944 1644 235 72 officiel
1120 1644 117 72 de
1178 1644 195 72 Munich
1315 1644 176 72 qu’il
1413 1644 176 72 suivait

145 1694 104 71 et
197 1694 157 71 s’est
301 1694 191 71 orienté
440 1694 139 71 vers
527 1694 174 71 Paris,
649 1694 122 71 qui
718 1694 191 71 gardait
858 1694 139 71 très
945 1694 139 71 haut
1032 1694 104 71 la
1084 1694 243 71 conscience
1275 1694 209 71 éveillée
1431 1694 104 71 de
1466 1694 122 71 l’art

143 1754 113 62 de
200 1754 207 62 l’homme
350 1754 225 62 moderne.
519 1754 113 62 Ce
575 1754 188 62 détour
707 1754 94 62 a
744 1754 132 62 été
820 1754 225 62 vraiment
989 1754 282 62 libérateur.
1214 1754 169 62 L’art
1327 1754 94 62 «
1365 1754 244 62 bourgeois
1534 1754 56 62 »

144 1800 167 69 était
256 1800 241 69 déterminé
441 1800 130 69 par
515 1800 111 69 la
570 1800 278 69 sensibilité
792 1800 259 69 artistique
996 1800 296 69 particulière
1236 1800 93 69 à
1273 1800 111 69 un
1329 1800 185 69 peuple
1458 1800 111 69 et
1495 1800 93 69 non

149 1862 129 65 par
222 1862 129 65 les
296 1862 240 65 exigences
481 1862 148 65 d’un
573 1862 166 65 sujet
683 1862 148 65 fixé
757 1862 203 65 d’avance.

181 1901 111 65 Et
237 1901 111 65 la
293 1901 278 65 sensibilité
515 1901 260 65 artistique
719 1901 111 65 de
775 1901 167 65 l’art
886 1901 148 65 grec
979 1901 204 65 moderne
1127 1901 167 65 n’est
1239 1901 167 65 point
1331 1901 260 65 négligeable.

150 1957 123 76 Nos
221 1957 211 76 artistes
379 1957 264 76 s’efforcent
590 1957 88 76 à
625 1957 158 76 faire
731 1957 106 76 de
784 1957 158 76 l’art
889 1957 106 76 et
942 1957 123 76 non
1012 1957 106 76 de
1065 1957 106 76 la
1118 1957 281 76 littérature.
1347 1957 123 76 Ils
1417 1957 141 76 sont
1487 1957 106 76 très

1414 2099 104 69 47
