1818 2207
241 10 270 74 <b>HONGRIE</b>

397 92 107 83 et
451 92 125 83 une
522 92 250 83 conviction
718 92 250 83 profondes,
915 92 107 83 la
968 92 125 83 vie
1039 92 125 83 des
1111 92 214 83 ouvriers
1271 92 107 83 et
1325 92 125 83 des
1396 92 214 83 paysans.
1539 92 214 83 Plusieuirs

399 155 194 78 d’entre
540 155 123 78 eux
611 155 123 78 ont
681 155 141 78 même
769 155 176 78 assumé
892 155 106 78 le
945 155 141 78 sort
1033 155 211 78 miséreux
1192 155 106 78 de
1244 155 141 78 ceux
1332 155 176 78 qu’ils
1456 155 229 78 voulaient
1614 155 141 78 repré-

400 208 167 65 senter
517 208 117 65 par
584 208 134 65 leur
668 208 134 65 art.
752 208 134 65 Mais
835 208 100 65 ce
885 208 151 65 n’est
986 208 117 65 pas
1053 208 100 65 un
1103 208 117 65 art
1170 208 151 65 isolé
1270 208 100 65 et
1320 208 234 65 provincial
1504 208 201 65 hongrois
1638 208 117 65 quils

401 258 226 64 voulaient
574 258 174 64 créer;
696 258 122 64 ils
766 258 122 64 ont
835 258 191 64 élaboré
974 258 156 64 leurs
1078 258 174 64 formes
1200 258 278 64 d’expression
1426 258 104 64 en
1478 258 174 64 pleine
1582 258 174 64 connais-

403 307 145 71 sance
500 307 97 71 de
548 307 242 71 l’évolution
741 307 242 71 universelle
935 307 113 71 des
999 307 145 71 arts,
1096 307 97 71 et
1144 307 113 71 ces
1209 307 161 71 formes
1322 307 274 71 particulières
1547 307 97 71 et
1580 307 177 71 inédites,

401 361 139 67 tout
488 361 104 67 en
540 361 226 67 contenant
714 361 104 67 un
766 361 174 67 accent
888 361 243 67 dramatique
1079 361 191 67 suggéré
1218 361 122 67 par
1287 361 104 67 le
1340 361 157 67 sujet
1444 361 157 67 même,
1531 361 226 67 onttoujours

402 413 153 66 tendu
504 413 85 66 à
538 413 102 66 la
588 413 237 66 simplicité
775 413 102 66 et
826 413 85 66 à
860 413 102 66 la
911 413 237 66 concision.
1097 413 220 66 D’autres,
1266 413 102 66 en
1317 413 237 66 continuant
1504 413 119 66 les
1555 413 203 66 traditions

405 472 100 57 de
455 472 184 57 l’école
589 472 100 57 de
639 472 100 57 la
689 472 167 57 grande
806 472 167 57 plaine
923 472 234 57 hongroise,
1107 472 100 57 se
1157 472 134 57 sont
1240 472 184 57 tournés
1374 472 134 57 vers
1457 472 100 57 un
1508 472 150 57 style
1591 472 167 57 pictural

405 517 146 64 plus
496 517 220 64 dissous.
661 517 165 64 Leurs
771 517 183 64 œuvres
899 517 293 64 représentent
1137 517 183 64 autant
1265 517 110 64 de
1320 517 183 64 bornes
1448 517 146 64 dans
1521 517 238 64 l’évolutior

401 566 118 65 du
460 566 236 65 réalisme
638 566 118 65 et
697 566 138 65 des
775 566 197 65 moyens
913 566 315 65 d’expression
1169 566 217 65 moderne
1327 566 118 65 en
1386 566 236 65 Hongrie.
1543 566 217 65 L’exemple

403 629 275 53 convaincant
623 629 128 53 des
696 629 330 53 prédécesseurs,
971 629 110 53 le
1026 629 312 53 développement
1283 629 110 53 de
1338 629 147 53 leur
1430 629 257 53 conception
1613 629 147 53 artis-

403 666 165 62 tique
513 666 275 62 constituent
733 666 110 62 la
788 666 147 62 base
880 666 128 62 des
953 666 238 62 nouvelles
1136 666 238 62 tendances
1320 666 275 62 artistiques
1522 666 238 62 hongroises.

440 722 137 65 Tous
526 722 120 65 les
594 722 206 65 artistes
748 722 120 65 qui
817 722 103 65 se
868 722 240 65 présentent
1057 722 86 65 à
1091 722 154 65 cette
1194 722 206 65 deuxième
1349 722 206 65 Biennale
1503 722 103 65 de
1554 722 103 65 la
1589 722 171 65 Jeunesse

404 781 132 60 ont
480 781 188 60 quitté
611 781 151 60 tout
706 781 245 60 récemment
894 781 207 60 l’Ecole
1045 781 264 60 Supérieure
1252 781 132 60 des
1328 781 264 60 Beaux-Arts
1535 781 113 60 de
1573 781 188 60 Budapest

406 835 152 50 école
508 835 119 50 qui
575 835 135 50 leur
660 835 169 50 aurait
779 835 119 50 été
846 835 271 50 inaccessible
1067 835 152 50 avant
1168 835 102 50 la
1219 835 186 50 guerre.
1355 835 186 50 Presque
1490 835 135 50 sans
1558 835 203 50 exception,

408 879 114 69 ces
473 879 196 69 artistes
620 879 114 69 ont
685 879 163 69 connu,
800 879 114 69 dès
865 879 229 69 l’enfance,
1045 879 98 69 le
1094 879 114 69 dur
1159 879 180 69 travail
1289 879 180 69 manuel.
1420 879 131 69 Leur
1502 879 163 69 talent
1616 879 114 69 une
1665 879 98 69 fois

409 934 188 66 révélé,
546 934 120 66 ils
614 934 120 66 ont
683 934 171 66 quitté
803 934 206 66 l’usine,
957 934 103 66 la
1008 934 137 66 mine
1094 934 103 66 ou
1145 934 103 66 la
1197 934 120 66 vie
1265 934 223 66 paysanne,
1437 934 137 66 pour
1522 934 171 66 entrer
1625 934 137 66 d’aboï

407 988 83 58 à
441 988 198 58 l’école,
589 988 132 58 puis
672 988 83 58 à
705 988 182 58 l’Ecole
837 988 231 58 Supérieure
1019 988 116 58 des
1085 988 248 58 Beaux-Arts.
1284 988 165 58 Ainsi,
1399 988 132 58 leur
1482 988 198 58 attitude
1614 988 149 58 humaine

408 1042 102 59 et
459 1042 237 59 artistique
645 1042 102 59 se
696 1042 169 59 trouve
815 1042 237 59 déterminée
1001 1042 119 59 par
1069 1042 153 59 cette
1171 1042 254 59 possibilité
1374 1042 186 59 devenue
1510 1042 153 59 toute
1595 1042 169 59 naturele

408 1092 151 57 pour
502 1092 151 57 eux,
596 1092 113 57 de
653 1092 113 57 se
709 1092 320 57 perfectionner
973 1092 113 57 et
1030 1092 188 57 d’être
1161 1092 226 57 exempts,
1331 1092 151 57 même
1425 1092 169 57 après
1538 1092 169 57 avoir
1632 1092 132 57 quité

411 1137 214 52 l’école,
572 1137 125 52 des
643 1137 178 52 soucis
768 1137 107 52 du
821 1137 143 52 pain
910 1137 250 52 quotidien.
1106 1137 125 52 Une
1178 1137 178 52 grande
1303 1137 178 52 partie
1427 1137 107 52 de
1481 1137 125 52 ces
1552 1137 214 52 artistes
1695 1137 71 52 oi

413 1191 223 49 bénéficié
584 1191 103 49 de
636 1191 188 49 bourses
773 1191 206 49 assurant
927 1191 103 49 un
978 1191 188 49 travail
1115 1191 257 49 tranquille,
1321 1191 103 49 ou
1372 1191 137 49 bien
1458 1191 120 49 ils
1526 1191 120 49 ont
1578 1191 188 49 participé

412 1245 128 61 aux
485 1245 183 61 tâches
613 1245 275 61 artistiques
833 1245 293 61 accompagnant
1071 1245 128 61 les
1144 1245 238 61 nouvelles
1327 1245 311 61 constructions
1583 1245 110 61 de
1620 1245 146 61 grande

394 1299 230 58 envergure.

453 1345 104 56 Le
505 1345 190 56 contenu
643 1345 173 56 social
764 1345 104 56 de
816 1345 138 56 leur
903 1345 121 56 art
972 1345 138 56 est,
1058 1345 104 56 au
1110 1345 156 56 fond,
1214 1345 242 56 identique,
1405 1345 138 56 mais
1491 1345 138 56 pour
1560 1345 208 56 s’exprimet

418 1395 121 55 ils
487 1395 225 55 cherchent
660 1395 225 55 cependant
833 1395 121 55 les
902 1395 173 55 formes
1024 1395 104 55 et
1076 1395 121 55 les
1145 1395 225 55 solutions
1318 1395 121 55 qui
1387 1395 294 55 correspondent
1630 1395 104 55 le
1664 1395 104 55 mieu

421 1447 84 51 à
455 1447 135 51 leur
539 1447 287 51 personnalité.
775 1447 169 51 Ainsi,
893 1447 118 51 les
961 1447 169 51 œuvres
1079 1447 169 51 qu’ils
1197 1447 287 51 accomplissent
1433 1447 253 51 constituent
1618 1447 152 51 l’enfi-

421 1496 239 54 chissement
609 1496 119 54 des
677 1496 137 54 arts
762 1496 205 54 hongrois
916 1496 102 54 et
967 1496 256 54 universels.
1172 1496 205 54 Parfois,
1325 1496 256 54 l’influence
1530 1496 137 54 plus
1615 1496 102 54 ou
1650 1496 119 54 moins

424 1548 193 73 directe
564 1548 140 73 d’un
651 1548 158 73 grand
756 1548 193 73 artiste
896 1548 105 73 se
949 1548 140 73 fait
1036 1548 175 73 encore
1159 1548 175 73 sentir
1281 1548 123 73 sur
1351 1548 158 73 leurs
1456 1548 228 73 ouvrages,
1631 1548 140 73 mais
1701 1548 70 73 la

424 1598 200 67 plupart
569 1598 109 67 de
624 1598 200 67 ceux-ci
769 1598 200 67 parlent
915 1598 146 67 déjà
1006 1598 109 67 la
1061 1598 182 67 langue
1188 1598 291 67 particulière
1424 1598 109 67 de
1479 1598 164 67 leurs
1570 1598 200 67 créateurs

427 1650 269 69 respectifs.
642 1650 233 69 Pourtant,
821 1650 108 69 la
875 1650 197 69 volonté
1018 1650 161 69 ferme
1126 1650 108 69 de
1180 1650 251 69 s’exprimer
1377 1650 108 69 ne
1431 1650 215 69 coïncide
1592 1650 179 69 jamais
1699 1650 72 69 en

427 1698 203 80 Hongrie
574 1698 147 80 avec
666 1698 111 80 ce
721 1698 184 80 besoin
850 1698 313 80 d’ostentation
1109 1698 111 80 si
1164 1698 350 80 caractéristique
1459 1698 129 80 des
1532 1698 240 80 tendances
1698 1698 74 80 no

409 1747 238 64 figuratives.

468 1804 122 63 Les
537 1804 174 63 jeunes
659 1804 209 63 artistes
816 1804 139 63 sont
903 1804 174 63 animés
1025 1804 104 63 de
1077 1804 104 63 la
1129 1804 191 63 volonté
1268 1804 104 63 de
1320 1804 157 63 créer
1425 1804 104 63 un
1477 1804 122 63 art
1529 1804 244 63 intelligible

430 1857 251 57 accessible
627 1857 90 57 à
663 1857 161 57 tous,
771 1857 108 57 et
824 1857 108 57 de
878 1857 269 57 représenter
1093 1857 108 57 la
1147 1857 215 57 réalité.
1308 1857 143 57 Leur
1398 1857 215 57 tendance
1541 1857 233 57 correspond,

431 1903 159 50 d’une
537 1903 194 50 manière
679 1903 230 50 spontanée
856 1903 106 50 et
909 1903 283 50 harmonieuse,
1139 1903 124 50 aux
1209 1903 248 50 intentions
1404 1903 106 50 de
1457 1903 106 50 la
1510 1903 194 50 société
1634 1903 141 50 socia-

431 1953 158 77 liste
537 1953 176 77 envers
660 1953 123 77 les
731 1953 211 77 artistes
889 1953 106 77 et
942 1953 158 77 l’art
1048 1953 106 77 en
1083 1953 176 77 général.

477 2107 96 63 52
