<?xml version="1.0" encoding="UTF-8"?>
<alto xmlns:xsi="http://www.w3.org/2001/XMLSchema-instance"
      xmlns="http://www.loc.gov/standards/alto/ns-v2#"
      xmlns:page="http://schema.primaresearch.org/PAGE/gts/pagecontent/2013-07-15"
      xsi:schemaLocation="http://www.loc.gov/standards/alto/ns-v2# http://www.loc.gov/standards/alto/alto.xsd">
   <Description>
      <MeasurementUnit>pixel</MeasurementUnit>
      <OCRProcessing ID="IdOcr">
         <ocrProcessingStep>
            <processingDateTime>2020-07-01T20:53:27.405+02:00</processingDateTime>
            <processingSoftware>
               <softwareCreator>READ COOP</softwareCreator>
               <softwareName>Transkribus</softwareName>
            </processingSoftware>
         </ocrProcessingStep>
      </OCRProcessing>
   </Description>
   <Tags/>
   <Layout>
      <Page ID="Page1" PHYSICAL_IMG_NR="1" HEIGHT="2197" WIDTH="1886">
         <TopMargin HEIGHT="0" WIDTH="1886" VPOS="0" HPOS="0"/>
         <LeftMargin HEIGHT="2197" WIDTH="0" VPOS="0" HPOS="0"/>
         <RightMargin HEIGHT="2197" WIDTH="0" VPOS="0" HPOS="1886"/>
         <BottomMargin HEIGHT="0" WIDTH="1886" VPOS="2197" HPOS="0"/>
         <PrintSpace HEIGHT="2197" WIDTH="1886" VPOS="0" HPOS="0">
            <TextBlock ID="r_1_1" HEIGHT="41" WIDTH="565" VPOS="25" HPOS="1221">
               <Shape>
                  <Polygon POINTS="1221,25 1786,25 1786,66 1221,66"/>
               </Shape>
               <TextLine ID="tl_1"
                         BASELINE="79"
                         HEIGHT="62"
                         WIDTH="581"
                         VPOS="17"
                         HPOS="1213">
                  <String HEIGHT="62"
                          WIDTH="421"
                          VPOS="17"
                          HPOS="1193"
                          CONTENT="&lt;b&gt;MANIFESTATIONS"/>
                  <SP HEIGHT="62" WIDTH="20" VPOS="17" HPOS="1614"/>
                  <String HEIGHT="62"
                          WIDTH="260"
                          VPOS="17"
                          HPOS="1534"
                          CONTENT="ANNEXES&lt;/b&gt;"/>
               </TextLine>
            </TextBlock>
            <TextBlock ID="r_2_1" HEIGHT="181" WIDTH="1399" VPOS="502" HPOS="255">
               <Shape>
                  <Polygon POINTS="255,502 1654,502 1654,683 255,683"/>
               </Shape>
               <TextLine ID="tl_2"
                         BASELINE="572"
                         HEIGHT="82"
                         WIDTH="1372"
                         VPOS="490"
                         HPOS="285">
                  <String HEIGHT="82" WIDTH="106" VPOS="490" HPOS="267" CONTENT="De"/>
                  <SP HEIGHT="82" WIDTH="18" VPOS="490" HPOS="373"/>
                  <String HEIGHT="82"
                          WIDTH="246"
                          VPOS="490"
                          HPOS="320"
                          CONTENT="nombreuses"/>
                  <SP HEIGHT="82" WIDTH="18" VPOS="490" HPOS="566"/>
                  <String HEIGHT="82"
                          WIDTH="317"
                          VPOS="490"
                          HPOS="514"
                          CONTENT="manifestations"/>
                  <SP HEIGHT="82" WIDTH="18" VPOS="490" HPOS="830"/>
                  <String HEIGHT="82"
                          WIDTH="193"
                          VPOS="490"
                          HPOS="778"
                          CONTENT="annexes"/>
                  <SP HEIGHT="82" WIDTH="18" VPOS="490" HPOS="971"/>
                  <String HEIGHT="82"
                          WIDTH="176"
                          VPOS="490"
                          HPOS="918"
                          CONTENT="auront"/>
                  <SP HEIGHT="82" WIDTH="18" VPOS="490" HPOS="1094"/>
                  <String HEIGHT="82"
                          WIDTH="141"
                          VPOS="490"
                          HPOS="1041"
                          CONTENT="lieu"/>
                  <SP HEIGHT="82" WIDTH="18" VPOS="490" HPOS="1182"/>
                  <String HEIGHT="82" WIDTH="88" VPOS="490" HPOS="1129" CONTENT="à"/>
                  <SP HEIGHT="82" WIDTH="18" VPOS="490" HPOS="1217"/>
                  <String HEIGHT="82"
                          WIDTH="264"
                          VPOS="490"
                          HPOS="1164"
                          CONTENT="l’intérieur"/>
                  <SP HEIGHT="82" WIDTH="18" VPOS="490" HPOS="1428"/>
                  <String HEIGHT="82" WIDTH="106" VPOS="490" HPOS="1376" CONTENT="de"/>
                  <SP HEIGHT="82" WIDTH="18" VPOS="490" HPOS="1481"/>
                  <String HEIGHT="82" WIDTH="106" VPOS="490" HPOS="1428" CONTENT="la"/>
                  <SP HEIGHT="82" WIDTH="18" VPOS="490" HPOS="1534"/>
                  <String HEIGHT="82"
                          WIDTH="193"
                          VPOS="490"
                          HPOS="1464"
                          CONTENT="Biennale,"/>
               </TextLine>
               <TextLine ID="tl_3"
                         BASELINE="608"
                         HEIGHT="64"
                         WIDTH="1413"
                         VPOS="544"
                         HPOS="246">
                  <String HEIGHT="64"
                          WIDTH="239"
                          VPOS="544"
                          HPOS="228"
                          CONTENT="apportant"/>
                  <SP HEIGHT="64" WIDTH="18" VPOS="544" HPOS="466"/>
                  <String HEIGHT="64" WIDTH="128" VPOS="544" HPOS="411" CONTENT="une"/>
                  <SP HEIGHT="64" WIDTH="18" VPOS="544" HPOS="540"/>
                  <String HEIGHT="64"
                          WIDTH="165"
                          VPOS="544"
                          HPOS="485"
                          CONTENT="large"/>
                  <SP HEIGHT="64" WIDTH="18" VPOS="544" HPOS="650"/>
                  <String HEIGHT="64"
                          WIDTH="275"
                          VPOS="544"
                          HPOS="595"
                          CONTENT="information"/>
                  <SP HEIGHT="64" WIDTH="18" VPOS="544" HPOS="870"/>
                  <String HEIGHT="64" WIDTH="110" VPOS="544" HPOS="815" CONTENT="et"/>
                  <SP HEIGHT="64" WIDTH="18" VPOS="544" HPOS="925"/>
                  <String HEIGHT="64"
                          WIDTH="202"
                          VPOS="544"
                          HPOS="870"
                          CONTENT="ouvrant"/>
                  <SP HEIGHT="64" WIDTH="18" VPOS="544" HPOS="1072"/>
                  <String HEIGHT="64"
                          WIDTH="128"
                          VPOS="544"
                          HPOS="1017"
                          CONTENT="des"/>
                  <SP HEIGHT="64" WIDTH="18" VPOS="544" HPOS="1145"/>
                  <String HEIGHT="64"
                          WIDTH="184"
                          VPOS="544"
                          HPOS="1090"
                          CONTENT="débats"/>
                  <SP HEIGHT="64" WIDTH="18" VPOS="544" HPOS="1274"/>
                  <String HEIGHT="64"
                          WIDTH="128"
                          VPOS="544"
                          HPOS="1219"
                          CONTENT="sur"/>
                  <SP HEIGHT="64" WIDTH="18" VPOS="544" HPOS="1347"/>
                  <String HEIGHT="64" WIDTH="110" VPOS="544" HPOS="1292" CONTENT="le"/>
                  <SP HEIGHT="64" WIDTH="18" VPOS="544" HPOS="1402"/>
                  <String HEIGHT="64"
                          WIDTH="184"
                          VPOS="544"
                          HPOS="1347"
                          CONTENT="cinéma"/>
                  <SP HEIGHT="64" WIDTH="18" VPOS="544" HPOS="1531"/>
                  <String HEIGHT="64" WIDTH="110" VPOS="544" HPOS="1475" CONTENT="et"/>
                  <SP HEIGHT="64" WIDTH="18" VPOS="544" HPOS="1586"/>
                  <String HEIGHT="64"
                          WIDTH="147"
                          VPOS="544"
                          HPOS="1512"
                          CONTENT="l’art,"/>
               </TextLine>
               <TextLine ID="tl_4"
                         BASELINE="648"
                         HEIGHT="66"
                         WIDTH="1415"
                         VPOS="582"
                         HPOS="247">
                  <String HEIGHT="66" WIDTH="112" VPOS="582" HPOS="228" CONTENT="la"/>
                  <SP HEIGHT="66" WIDTH="19" VPOS="582" HPOS="340"/>
                  <String HEIGHT="66"
                          WIDTH="223"
                          VPOS="582"
                          HPOS="284"
                          CONTENT="musique,"/>
                  <SP HEIGHT="66" WIDTH="19" VPOS="582" HPOS="508"/>
                  <String HEIGHT="66" WIDTH="112" VPOS="582" HPOS="452" CONTENT="la"/>
                  <SP HEIGHT="66" WIDTH="19" VPOS="582" HPOS="564"/>
                  <String HEIGHT="66"
                          WIDTH="205"
                          VPOS="582"
                          HPOS="508"
                          CONTENT="poésie,"/>
                  <SP HEIGHT="66" WIDTH="19" VPOS="582" HPOS="712"/>
                  <String HEIGHT="66"
                          WIDTH="149"
                          VPOS="582"
                          HPOS="657"
                          CONTENT="etc."/>
                  <SP HEIGHT="66" WIDTH="19" VPOS="582" HPOS="806"/>
                  <String HEIGHT="66" WIDTH="130" VPOS="582" HPOS="750" CONTENT="Ces"/>
                  <SP HEIGHT="66" WIDTH="19" VPOS="582" HPOS="880"/>
                  <String HEIGHT="66"
                          WIDTH="335"
                          VPOS="582"
                          HPOS="824"
                          CONTENT="manifestations"/>
                  <SP HEIGHT="66" WIDTH="19" VPOS="582" HPOS="1159"/>
                  <String HEIGHT="66"
                          WIDTH="186"
                          VPOS="582"
                          HPOS="1103"
                          CONTENT="auront"/>
                  <SP HEIGHT="66" WIDTH="19" VPOS="582" HPOS="1290"/>
                  <String HEIGHT="66"
                          WIDTH="149"
                          VPOS="582"
                          HPOS="1234"
                          CONTENT="lieu"/>
                  <SP HEIGHT="66" WIDTH="19" VPOS="582" HPOS="1383"/>
                  <String HEIGHT="66"
                          WIDTH="149"
                          VPOS="582"
                          HPOS="1327"
                          CONTENT="tous"/>
                  <SP HEIGHT="66" WIDTH="19" VPOS="582" HPOS="1476"/>
                  <String HEIGHT="66"
                          WIDTH="130"
                          VPOS="582"
                          HPOS="1420"
                          CONTENT="les"/>
                  <SP HEIGHT="66" WIDTH="19" VPOS="582" HPOS="1550"/>
                  <String HEIGHT="66"
                          WIDTH="168"
                          VPOS="582"
                          HPOS="1494"
                          CONTENT="jours"/>
                  <SP HEIGHT="66" WIDTH="19" VPOS="582" HPOS="1662"/>
                  <String HEIGHT="66" WIDTH="74" VPOS="582" HPOS="1588" CONTENT="de"/>
               </TextLine>
               <TextLine ID="tl_5"
                         BASELINE="712"
                         HEIGHT="98"
                         WIDTH="1305"
                         VPOS="614"
                         HPOS="248">
                  <String HEIGHT="98" WIDTH="115" VPOS="614" HPOS="229" CONTENT="12"/>
                  <SP HEIGHT="98" WIDTH="19" VPOS="614" HPOS="344"/>
                  <String HEIGHT="98"
                          WIDTH="192"
                          VPOS="614"
                          HPOS="286"
                          CONTENT="heures"/>
                  <SP HEIGHT="98" WIDTH="19" VPOS="614" HPOS="478"/>
                  <String HEIGHT="98" WIDTH="96" VPOS="614" HPOS="421" CONTENT="à"/>
                  <SP HEIGHT="98" WIDTH="19" VPOS="614" HPOS="517"/>
                  <String HEIGHT="98" WIDTH="115" VPOS="614" HPOS="459" CONTENT="20"/>
                  <SP HEIGHT="98" WIDTH="19" VPOS="614" HPOS="574"/>
                  <String HEIGHT="98"
                          WIDTH="211"
                          VPOS="614"
                          HPOS="517"
                          CONTENT="heures,"/>
                  <SP HEIGHT="98" WIDTH="19" VPOS="614" HPOS="728"/>
                  <String HEIGHT="98" WIDTH="115" VPOS="614" HPOS="670" CONTENT="et"/>
                  <SP HEIGHT="98" WIDTH="19" VPOS="614" HPOS="785"/>
                  <String HEIGHT="98" WIDTH="134" VPOS="614" HPOS="728" CONTENT="les"/>
                  <SP HEIGHT="98" WIDTH="19" VPOS="614" HPOS="862"/>
                  <String HEIGHT="98"
                          WIDTH="192"
                          VPOS="614"
                          HPOS="805"
                          CONTENT="lundis"/>
                  <SP HEIGHT="98" WIDTH="19" VPOS="614" HPOS="996"/>
                  <String HEIGHT="98" WIDTH="115" VPOS="614" HPOS="939" CONTENT="et"/>
                  <SP HEIGHT="98" WIDTH="19" VPOS="614" HPOS="1054"/>
                  <String HEIGHT="98"
                          WIDTH="249"
                          VPOS="614"
                          HPOS="996"
                          CONTENT="mercredis"/>
                  <SP HEIGHT="98" WIDTH="19" VPOS="614" HPOS="1246"/>
                  <String HEIGHT="98"
                          WIDTH="211"
                          VPOS="614"
                          HPOS="1188"
                          CONTENT="jusqu’à"/>
                  <SP HEIGHT="98" WIDTH="19" VPOS="614" HPOS="1399"/>
                  <String HEIGHT="98" WIDTH="115" VPOS="614" HPOS="1342" CONTENT="23"/>
                  <SP HEIGHT="98" WIDTH="19" VPOS="614" HPOS="1457"/>
                  <String HEIGHT="98"
                          WIDTH="173"
                          VPOS="614"
                          HPOS="1380"
                          CONTENT="heures."/>
               </TextLine>
            </TextBlock>
            <TextBlock ID="r_3_1" HEIGHT="38" WIDTH="217" VPOS="758" HPOS="260">
               <Shape>
                  <Polygon POINTS="260,758 477,758 477,796 260,796"/>
               </Shape>
               <TextLine ID="tl_6"
                         BASELINE="810"
                         HEIGHT="66"
                         WIDTH="233"
                         VPOS="744"
                         HPOS="252">
                  <String HEIGHT="66"
                          WIDTH="262"
                          VPOS="744"
                          HPOS="223"
                          CONTENT="&lt;b&gt;Concerts:&lt;/b&gt;"/>
               </TextLine>
            </TextBlock>
            <TextBlock ID="r_3_2" HEIGHT="181" WIDTH="1400" VPOS="777" HPOS="258">
               <Shape>
                  <Polygon POINTS="258,777 1658,777 1658,958 258,958"/>
               </Shape>
               <TextLine ID="tl_7"
                         BASELINE="850"
                         HEIGHT="103"
                         WIDTH="1377"
                         VPOS="747"
                         HPOS="289">
                  <String HEIGHT="103"
                          WIDTH="132"
                          VPOS="747"
                          HPOS="270"
                          CONTENT="Les"/>
                  <SP HEIGHT="103" WIDTH="19" VPOS="747" HPOS="402"/>
                  <String HEIGHT="103"
                          WIDTH="358"
                          VPOS="747"
                          HPOS="346"
                          CONTENT="enregistrements"/>
                  <SP HEIGHT="103" WIDTH="19" VPOS="747" HPOS="704"/>
                  <String HEIGHT="103"
                          WIDTH="132"
                          VPOS="747"
                          HPOS="647"
                          CONTENT="des"/>
                  <SP HEIGHT="103" WIDTH="19" VPOS="747" HPOS="779"/>
                  <String HEIGHT="103"
                          WIDTH="189"
                          VPOS="747"
                          HPOS="723"
                          CONTENT="œuvres"/>
                  <SP HEIGHT="103" WIDTH="19" VPOS="747" HPOS="911"/>
                  <String HEIGHT="103"
                          WIDTH="245"
                          VPOS="747"
                          HPOS="855"
                          CONTENT="musicales"/>
                  <SP HEIGHT="103" WIDTH="19" VPOS="747" HPOS="1100"/>
                  <String HEIGHT="103"
                          WIDTH="264"
                          VPOS="747"
                          HPOS="1044"
                          CONTENT="étrangères"/>
                  <SP HEIGHT="103" WIDTH="19" VPOS="747" HPOS="1308"/>
                  <String HEIGHT="103"
                          WIDTH="113"
                          VPOS="747"
                          HPOS="1251"
                          CONTENT="et"/>
                  <SP HEIGHT="103" WIDTH="19" VPOS="747" HPOS="1364"/>
                  <String HEIGHT="103"
                          WIDTH="283"
                          VPOS="747"
                          HPOS="1308"
                          CONTENT="françaises,"/>
                  <SP HEIGHT="103" WIDTH="19" VPOS="747" HPOS="1591"/>
                  <String HEIGHT="103"
                          WIDTH="151"
                          VPOS="747"
                          HPOS="1515"
                          CONTENT="sélec"
                          SUBS_TYPE="HypPart1"
                          SUBS_CONTENT="sélectionnées"/>
                  <HYP CONTENT="-"/>
               </TextLine>
               <TextLine ID="tl_8"
                         BASELINE="884"
                         HEIGHT="75"
                         WIDTH="1415"
                         VPOS="809"
                         HPOS="249">
                  <String HEIGHT="75"
                          WIDTH="243"
                          VPOS="809"
                          HPOS="229"
                          CONTENT="tionnées"
                          SUBS_TYPE="HypPart2"
                          SUBS_CONTENT="sélectionnées"/>
                  <SP HEIGHT="75" WIDTH="20" VPOS="809" HPOS="471"/>
                  <String HEIGHT="75"
                          WIDTH="162"
                          VPOS="809"
                          HPOS="411"
                          CONTENT="pour"/>
                  <SP HEIGHT="75" WIDTH="20" VPOS="809" HPOS="572"/>
                  <String HEIGHT="75" WIDTH="121" VPOS="809" HPOS="512" CONTENT="la"/>
                  <SP HEIGHT="75" WIDTH="20" VPOS="809" HPOS="633"/>
                  <String HEIGHT="75"
                          WIDTH="263"
                          VPOS="809"
                          HPOS="572"
                          CONTENT="Biennale,"/>
                  <SP HEIGHT="75" WIDTH="20" VPOS="809" HPOS="835"/>
                  <String HEIGHT="75" WIDTH="121" VPOS="809" HPOS="775" CONTENT="et"/>
                  <SP HEIGHT="75" WIDTH="20" VPOS="809" HPOS="896"/>
                  <String HEIGHT="75"
                          WIDTH="162"
                          VPOS="809"
                          HPOS="835"
                          CONTENT="dues"/>
                  <SP HEIGHT="75" WIDTH="20" VPOS="809" HPOS="997"/>
                  <String HEIGHT="75" WIDTH="101" VPOS="809" HPOS="936" CONTENT="à"/>
                  <SP HEIGHT="75" WIDTH="20" VPOS="809" HPOS="1037"/>
                  <String HEIGHT="75" WIDTH="142" VPOS="809" HPOS="977" CONTENT="des"/>
                  <SP HEIGHT="75" WIDTH="20" VPOS="809" HPOS="1118"/>
                  <String HEIGHT="75"
                          WIDTH="323"
                          VPOS="809"
                          HPOS="1058"
                          CONTENT="compositeurs"/>
                  <SP HEIGHT="75" WIDTH="20" VPOS="809" HPOS="1381"/>
                  <String HEIGHT="75"
                          WIDTH="162"
                          VPOS="809"
                          HPOS="1320"
                          CONTENT="âgés"/>
                  <SP HEIGHT="75" WIDTH="20" VPOS="809" HPOS="1482"/>
                  <String HEIGHT="75" WIDTH="121" VPOS="809" HPOS="1421" CONTENT="de"/>
                  <SP HEIGHT="75" WIDTH="20" VPOS="809" HPOS="1543"/>
                  <String HEIGHT="75"
                          WIDTH="182"
                          VPOS="809"
                          HPOS="1482"
                          CONTENT="moins"/>
                  <SP HEIGHT="75" WIDTH="20" VPOS="809" HPOS="1664"/>
                  <String HEIGHT="75" WIDTH="81" VPOS="809" HPOS="1583" CONTENT="de"/>
               </TextLine>
               <TextLine ID="tl_9"
                         BASELINE="924"
                         HEIGHT="76"
                         WIDTH="1414"
                         VPOS="848"
                         HPOS="252">
                  <String HEIGHT="76"
                          WIDTH="291"
                          VPOS="848"
                          HPOS="233"
                          CONTENT="trente-cinq"/>
                  <SP HEIGHT="76" WIDTH="19" VPOS="848" HPOS="523"/>
                  <String HEIGHT="76"
                          WIDTH="155"
                          VPOS="848"
                          HPOS="465"
                          CONTENT="ans,"/>
                  <SP HEIGHT="76" WIDTH="19" VPOS="848" HPOS="620"/>
                  <String HEIGHT="76"
                          WIDTH="194"
                          VPOS="848"
                          HPOS="562"
                          CONTENT="seront"/>
                  <SP HEIGHT="76" WIDTH="19" VPOS="848" HPOS="756"/>
                  <String HEIGHT="76"
                          WIDTH="252"
                          VPOS="848"
                          HPOS="698"
                          CONTENT="présentés"/>
                  <SP HEIGHT="76" WIDTH="19" VPOS="848" HPOS="949"/>
                  <String HEIGHT="76"
                          WIDTH="155"
                          VPOS="848"
                          HPOS="891"
                          CONTENT="tous"/>
                  <SP HEIGHT="76" WIDTH="19" VPOS="848" HPOS="1046"/>
                  <String HEIGHT="76" WIDTH="136" VPOS="848" HPOS="988" CONTENT="les"/>
                  <SP HEIGHT="76" WIDTH="19" VPOS="848" HPOS="1124"/>
                  <String HEIGHT="76"
                          WIDTH="194"
                          VPOS="848"
                          HPOS="1066"
                          CONTENT="jours,"/>
                  <SP HEIGHT="76" WIDTH="19" VPOS="848" HPOS="1259"/>
                  <String HEIGHT="76"
                          WIDTH="155"
                          VPOS="848"
                          HPOS="1201"
                          CONTENT="dans"/>
                  <SP HEIGHT="76" WIDTH="19" VPOS="848" HPOS="1356"/>
                  <String HEIGHT="76"
                          WIDTH="310"
                          VPOS="848"
                          HPOS="1298"
                          CONTENT="l’auditorium"/>
                  <SP HEIGHT="76" WIDTH="19" VPOS="848" HPOS="1608"/>
                  <String HEIGHT="76" WIDTH="116" VPOS="848" HPOS="1550" CONTENT="de"/>
                  <SP HEIGHT="76" WIDTH="19" VPOS="848" HPOS="1666"/>
                  <String HEIGHT="76" WIDTH="77" VPOS="848" HPOS="1589" CONTENT="la"/>
               </TextLine>
               <TextLine ID="tl_10"
                         BASELINE="965"
                         HEIGHT="49"
                         WIDTH="755"
                         VPOS="916"
                         HPOS="255">
                  <String HEIGHT="49"
                          WIDTH="238"
                          VPOS="916"
                          HPOS="235"
                          CONTENT="Biennale"/>
                  <SP HEIGHT="49" WIDTH="20" VPOS="916" HPOS="474"/>
                  <String HEIGHT="49"
                          WIDTH="179"
                          VPOS="916"
                          HPOS="414"
                          CONTENT="entre"/>
                  <SP HEIGHT="49" WIDTH="20" VPOS="916" HPOS="593"/>
                  <String HEIGHT="49" WIDTH="119" VPOS="916" HPOS="533" CONTENT="12"/>
                  <SP HEIGHT="49" WIDTH="20" VPOS="916" HPOS="652"/>
                  <String HEIGHT="49"
                          WIDTH="199"
                          VPOS="916"
                          HPOS="593"
                          CONTENT="heures"/>
                  <SP HEIGHT="49" WIDTH="20" VPOS="916" HPOS="791"/>
                  <String HEIGHT="49" WIDTH="119" VPOS="916" HPOS="732" CONTENT="et"/>
                  <SP HEIGHT="49" WIDTH="20" VPOS="916" HPOS="851"/>
                  <String HEIGHT="49" WIDTH="119" VPOS="916" HPOS="791" CONTENT="18"/>
                  <SP HEIGHT="49" WIDTH="20" VPOS="916" HPOS="911"/>
                  <String HEIGHT="49"
                          WIDTH="179"
                          VPOS="916"
                          HPOS="831"
                          CONTENT="heures."/>
               </TextLine>
            </TextBlock>
            <TextBlock ID="r_3_3" HEIGHT="186" WIDTH="1398" VPOS="928" HPOS="264">
               <Shape>
                  <Polygon POINTS="264,928 1662,928 1662,1114 264,1114"/>
               </Shape>
               <TextLine ID="tl_11"
                         BASELINE="999"
                         HEIGHT="95"
                         WIDTH="1376"
                         VPOS="904"
                         HPOS="292">
                  <String HEIGHT="95" WIDTH="116" VPOS="904" HPOS="273" CONTENT="En"/>
                  <SP HEIGHT="95" WIDTH="19" VPOS="904" HPOS="389"/>
                  <String HEIGHT="95"
                          WIDTH="194"
                          VPOS="904"
                          HPOS="331"
                          CONTENT="outre,"/>
                  <SP HEIGHT="95" WIDTH="19" VPOS="904" HPOS="525"/>
                  <String HEIGHT="95" WIDTH="116" VPOS="904" HPOS="466" CONTENT="de"/>
                  <SP HEIGHT="95" WIDTH="19" VPOS="904" HPOS="583"/>
                  <String HEIGHT="95" WIDTH="116" VPOS="904" HPOS="525" CONTENT="18"/>
                  <SP HEIGHT="95" WIDTH="19" VPOS="904" HPOS="641"/>
                  <String HEIGHT="95"
                          WIDTH="194"
                          VPOS="904"
                          HPOS="583"
                          CONTENT="heures"/>
                  <SP HEIGHT="95" WIDTH="19" VPOS="904" HPOS="777"/>
                  <String HEIGHT="95" WIDTH="97" VPOS="904" HPOS="718" CONTENT="à"/>
                  <SP HEIGHT="95" WIDTH="19" VPOS="904" HPOS="815"/>
                  <String HEIGHT="95" WIDTH="116" VPOS="904" HPOS="757" CONTENT="20"/>
                  <SP HEIGHT="95" WIDTH="19" VPOS="904" HPOS="873"/>
                  <String HEIGHT="95"
                          WIDTH="213"
                          VPOS="904"
                          HPOS="815"
                          CONTENT="heures,"/>
                  <SP HEIGHT="95" WIDTH="19" VPOS="904" HPOS="1028"/>
                  <String HEIGHT="95" WIDTH="136" VPOS="904" HPOS="970" CONTENT="des"/>
                  <SP HEIGHT="95" WIDTH="19" VPOS="904" HPOS="1106"/>
                  <String HEIGHT="95"
                          WIDTH="252"
                          VPOS="904"
                          HPOS="1048"
                          CONTENT="émissions"/>
                  <SP HEIGHT="95" WIDTH="19" VPOS="904" HPOS="1300"/>
                  <String HEIGHT="95"
                          WIDTH="252"
                          VPOS="904"
                          HPOS="1242"
                          CONTENT="musicales"/>
                  <SP HEIGHT="95" WIDTH="19" VPOS="904" HPOS="1494"/>
                  <String HEIGHT="95"
                          WIDTH="194"
                          VPOS="904"
                          HPOS="1435"
                          CONTENT="seront"/>
                  <SP HEIGHT="95" WIDTH="19" VPOS="904" HPOS="1629"/>
                  <String HEIGHT="95"
                          WIDTH="116"
                          VPOS="904"
                          HPOS="1552"
                          CONTENT="éga"
                          SUBS_TYPE="HypPart1"
                          SUBS_CONTENT="également"/>
                  <HYP CONTENT="-"/>
               </TextLine>
               <TextLine ID="tl_12"
                         BASELINE="1036"
                         HEIGHT="76"
                         WIDTH="1410"
                         VPOS="960"
                         HPOS="256">
                  <String HEIGHT="76"
                          WIDTH="178"
                          VPOS="960"
                          HPOS="238"
                          CONTENT="lement"
                          SUBS_TYPE="HypPart2"
                          SUBS_CONTENT="également"/>
                  <SP HEIGHT="76" WIDTH="18" VPOS="960" HPOS="417"/>
                  <String HEIGHT="76"
                          WIDTH="250"
                          VPOS="960"
                          HPOS="363"
                          CONTENT="organisées"/>
                  <SP HEIGHT="76" WIDTH="18" VPOS="960" HPOS="613"/>
                  <String HEIGHT="76" WIDTH="107" VPOS="960" HPOS="559" CONTENT="et"/>
                  <SP HEIGHT="76" WIDTH="18" VPOS="960" HPOS="667"/>
                  <String HEIGHT="76"
                          WIDTH="286"
                          VPOS="960"
                          HPOS="613"
                          CONTENT="enregistrées"/>
                  <SP HEIGHT="76" WIDTH="18" VPOS="960" HPOS="899"/>
                  <String HEIGHT="76" WIDTH="125" VPOS="960" HPOS="845" CONTENT="par"/>
                  <SP HEIGHT="76" WIDTH="18" VPOS="960" HPOS="970"/>
                  <String HEIGHT="76" WIDTH="125" VPOS="960" HPOS="916" CONTENT="les"/>
                  <SP HEIGHT="76" WIDTH="18" VPOS="960" HPOS="1041"/>
                  <String HEIGHT="76"
                          WIDTH="161"
                          VPOS="960"
                          HPOS="988"
                          CONTENT="soins"/>
                  <SP HEIGHT="76" WIDTH="18" VPOS="960" HPOS="1148"/>
                  <String HEIGHT="76" WIDTH="107" VPOS="960" HPOS="1095" CONTENT="de"/>
                  <SP HEIGHT="76" WIDTH="18" VPOS="960" HPOS="1202"/>
                  <String HEIGHT="76" WIDTH="107" VPOS="960" HPOS="1148" CONTENT="la"/>
                  <SP HEIGHT="76" WIDTH="18" VPOS="960" HPOS="1255"/>
                  <String HEIGHT="76"
                          WIDTH="321"
                          VPOS="960"
                          HPOS="1202"
                          CONTENT="Radiodiffusion"/>
                  <SP HEIGHT="76" WIDTH="18" VPOS="960" HPOS="1523"/>
                  <String HEIGHT="76"
                          WIDTH="214"
                          VPOS="960"
                          HPOS="1452"
                          CONTENT="Télévision"/>
               </TextLine>
               <TextLine ID="tl_13"
                         BASELINE="1080"
                         HEIGHT="80"
                         WIDTH="1412"
                         VPOS="1000"
                         HPOS="258">
                  <String HEIGHT="80"
                          WIDTH="255"
                          VPOS="1000"
                          HPOS="238"
                          CONTENT="Française"/>
                  <SP HEIGHT="80" WIDTH="20" VPOS="1000" HPOS="493"/>
                  <String HEIGHT="80" WIDTH="118" VPOS="1000" HPOS="435" CONTENT="et"/>
                  <SP HEIGHT="80" WIDTH="20" VPOS="1000" HPOS="552"/>
                  <String HEIGHT="80"
                          WIDTH="333"
                          VPOS="1000"
                          HPOS="493"
                          CONTENT="constitueront"/>
                  <SP HEIGHT="80" WIDTH="20" VPOS="1000" HPOS="827"/>
                  <String HEIGHT="80"
                          WIDTH="137"
                          VPOS="1000"
                          HPOS="768"
                          CONTENT="une"/>
                  <SP HEIGHT="80" WIDTH="20" VPOS="1000" HPOS="905"/>
                  <String HEIGHT="80"
                          WIDTH="294"
                          VPOS="1000"
                          HPOS="846"
                          CONTENT="information"/>
                  <SP HEIGHT="80" WIDTH="20" VPOS="1000" HPOS="1141"/>
                  <String HEIGHT="80"
                          WIDTH="353"
                          VPOS="1000"
                          HPOS="1082"
                          CONTENT="complémentaire"/>
                  <SP HEIGHT="80" WIDTH="20" VPOS="1000" HPOS="1435"/>
                  <String HEIGHT="80"
                          WIDTH="137"
                          VPOS="1000"
                          HPOS="1376"
                          CONTENT="sur"/>
                  <SP HEIGHT="80" WIDTH="20" VPOS="1000" HPOS="1513"/>
                  <String HEIGHT="80"
                          WIDTH="137"
                          VPOS="1000"
                          HPOS="1454"
                          CONTENT="les"/>
                  <SP HEIGHT="80" WIDTH="20" VPOS="1000" HPOS="1592"/>
                  <String HEIGHT="80"
                          WIDTH="157"
                          VPOS="1000"
                          HPOS="1513"
                          CONTENT="jeunes"/>
               </TextLine>
               <TextLine ID="tl_14"
                         BASELINE="1114"
                         HEIGHT="59"
                         WIDTH="676"
                         VPOS="1055"
                         HPOS="257">
                  <String HEIGHT="59"
                          WIDTH="309"
                          VPOS="1055"
                          HPOS="238"
                          CONTENT="compositeurs"/>
                  <SP HEIGHT="59" WIDTH="19" VPOS="1055" HPOS="547"/>
                  <String HEIGHT="59"
                          WIDTH="251"
                          VPOS="1055"
                          HPOS="489"
                          CONTENT="étrangers"/>
                  <SP HEIGHT="59" WIDTH="19" VPOS="1055" HPOS="740"/>
                  <String HEIGHT="59" WIDTH="116" VPOS="1055" HPOS="682" CONTENT="et"/>
                  <SP HEIGHT="59" WIDTH="19" VPOS="1055" HPOS="798"/>
                  <String HEIGHT="59"
                          WIDTH="212"
                          VPOS="1055"
                          HPOS="721"
                          CONTENT="français."/>
               </TextLine>
            </TextBlock>
            <TextBlock ID="r_3_4" HEIGHT="113" WIDTH="1398" VPOS="1079" HPOS="266">
               <Shape>
                  <Polygon POINTS="266,1079 1664,1079 1664,1192 266,1192"/>
               </Shape>
               <TextLine ID="tl_15"
                         BASELINE="1156"
                         HEIGHT="87"
                         WIDTH="1377"
                         VPOS="1069"
                         HPOS="295">
                  <String HEIGHT="87"
                          WIDTH="132"
                          VPOS="1069"
                          HPOS="276"
                          CONTENT="Ces"/>
                  <SP HEIGHT="87" WIDTH="19" VPOS="1069" HPOS="408"/>
                  <String HEIGHT="87"
                          WIDTH="207"
                          VPOS="1069"
                          HPOS="352"
                          CONTENT="séances"/>
                  <SP HEIGHT="87" WIDTH="19" VPOS="1069" HPOS="559"/>
                  <String HEIGHT="87"
                          WIDTH="264"
                          VPOS="1069"
                          HPOS="502"
                          CONTENT="montreront"/>
                  <SP HEIGHT="87" WIDTH="19" VPOS="1069" HPOS="767"/>
                  <String HEIGHT="87"
                          WIDTH="132"
                          VPOS="1069"
                          HPOS="710"
                          CONTENT="les"/>
                  <SP HEIGHT="87" WIDTH="19" VPOS="1069" HPOS="842"/>
                  <String HEIGHT="87"
                          WIDTH="189"
                          VPOS="1069"
                          HPOS="785"
                          CONTENT="formes"/>
                  <SP HEIGHT="87" WIDTH="19" VPOS="1069" HPOS="974"/>
                  <String HEIGHT="87"
                          WIDTH="132"
                          VPOS="1069"
                          HPOS="917"
                          CONTENT="les"/>
                  <SP HEIGHT="87" WIDTH="19" VPOS="1069" HPOS="1050"/>
                  <String HEIGHT="87"
                          WIDTH="151"
                          VPOS="1069"
                          HPOS="993"
                          CONTENT="plus"/>
                  <SP HEIGHT="87" WIDTH="19" VPOS="1069" HPOS="1144"/>
                  <String HEIGHT="87"
                          WIDTH="226"
                          VPOS="1069"
                          HPOS="1087"
                          CONTENT="diverses"/>
                  <SP HEIGHT="87" WIDTH="19" VPOS="1069" HPOS="1314"/>
                  <String HEIGHT="87"
                          WIDTH="113"
                          VPOS="1069"
                          HPOS="1257"
                          CONTENT="de"/>
                  <SP HEIGHT="87" WIDTH="19" VPOS="1069" HPOS="1370"/>
                  <String HEIGHT="87"
                          WIDTH="113"
                          VPOS="1069"
                          HPOS="1314"
                          CONTENT="la"/>
                  <SP HEIGHT="87" WIDTH="19" VPOS="1069" HPOS="1427"/>
                  <String HEIGHT="87"
                          WIDTH="207"
                          VPOS="1069"
                          HPOS="1370"
                          CONTENT="musique"/>
                  <SP HEIGHT="87" WIDTH="19" VPOS="1069" HPOS="1578"/>
                  <String HEIGHT="87"
                          WIDTH="170"
                          VPOS="1069"
                          HPOS="1502"
                          CONTENT="jusques"/>
               </TextLine>
               <TextLine ID="tl_16"
                         BASELINE="1197"
                         HEIGHT="66"
                         WIDTH="788"
                         VPOS="1131"
                         HPOS="258">
                  <String HEIGHT="66" WIDTH="115" VPOS="1131" HPOS="239" CONTENT="et"/>
                  <SP HEIGHT="66" WIDTH="19" VPOS="1131" HPOS="354"/>
                  <String HEIGHT="66" WIDTH="96" VPOS="1131" HPOS="296" CONTENT="y"/>
                  <SP HEIGHT="66" WIDTH="19" VPOS="1131" HPOS="393"/>
                  <String HEIGHT="66"
                          WIDTH="211"
                          VPOS="1131"
                          HPOS="335"
                          CONTENT="compris"/>
                  <SP HEIGHT="66" WIDTH="19" VPOS="1131" HPOS="546"/>
                  <String HEIGHT="66" WIDTH="115" VPOS="1131" HPOS="489" CONTENT="le"/>
                  <SP HEIGHT="66" WIDTH="19" VPOS="1131" HPOS="604"/>
                  <String HEIGHT="66"
                          WIDTH="154"
                          VPOS="1131"
                          HPOS="546"
                          CONTENT="jazz"/>
                  <SP HEIGHT="66" WIDTH="19" VPOS="1131" HPOS="700"/>
                  <String HEIGHT="66" WIDTH="115" VPOS="1131" HPOS="642" CONTENT="et"/>
                  <SP HEIGHT="66" WIDTH="19" VPOS="1131" HPOS="758"/>
                  <String HEIGHT="66" WIDTH="115" VPOS="1131" HPOS="700" CONTENT="la"/>
                  <SP HEIGHT="66" WIDTH="19" VPOS="1131" HPOS="815"/>
                  <String HEIGHT="66"
                          WIDTH="173"
                          VPOS="1131"
                          HPOS="758"
                          CONTENT="jeune"/>
                  <SP HEIGHT="66" WIDTH="19" VPOS="1131" HPOS="931"/>
                  <String HEIGHT="66"
                          WIDTH="192"
                          VPOS="1131"
                          HPOS="854"
                          CONTENT="chanson."/>
               </TextLine>
            </TextBlock>
            <TextBlock ID="r_4_1" HEIGHT="45" WIDTH="264" VPOS="1263" HPOS="271">
               <Shape>
                  <Polygon POINTS="271,1263 535,1263 535,1308 271,1308"/>
               </Shape>
               <TextLine ID="tl_17"
                         BASELINE="1311"
                         HEIGHT="62"
                         WIDTH="279"
                         VPOS="1249"
                         HPOS="262">
                  <String HEIGHT="62"
                          WIDTH="308"
                          VPOS="1249"
                          HPOS="233"
                          CONTENT="&lt;b&gt;Projections:&lt;/b&gt;"/>
               </TextLine>
            </TextBlock>
            <TextBlock ID="r_4_2" HEIGHT="114" WIDTH="1399" VPOS="1282" HPOS="271">
               <Shape>
                  <Polygon POINTS="271,1282 1670,1282 1670,1396 271,1396"/>
               </Shape>
               <TextLine ID="tl_18"
                         BASELINE="1359"
                         HEIGHT="89"
                         WIDTH="1376"
                         VPOS="1270"
                         HPOS="300">
                  <String HEIGHT="89" WIDTH="106" VPOS="1270" HPOS="282" CONTENT="La"/>
                  <SP HEIGHT="89" WIDTH="18" VPOS="1270" HPOS="388"/>
                  <String HEIGHT="89"
                          WIDTH="247"
                          VPOS="1270"
                          HPOS="335"
                          CONTENT="projection"/>
                  <SP HEIGHT="89" WIDTH="18" VPOS="1270" HPOS="582"/>
                  <String HEIGHT="89" WIDTH="106" VPOS="1270" HPOS="529" CONTENT="de"/>
                  <SP HEIGHT="89" WIDTH="18" VPOS="1270" HPOS="635"/>
                  <String HEIGHT="89"
                          WIDTH="159"
                          VPOS="1270"
                          HPOS="582"
                          CONTENT="films"/>
                  <SP HEIGHT="89" WIDTH="18" VPOS="1270" HPOS="741"/>
                  <String HEIGHT="89"
                          WIDTH="123"
                          VPOS="1270"
                          HPOS="688"
                          CONTENT="sur"/>
                  <SP HEIGHT="89" WIDTH="18" VPOS="1270" HPOS="812"/>
                  <String HEIGHT="89"
                          WIDTH="176"
                          VPOS="1270"
                          HPOS="759"
                          CONTENT="l’art,"/>
                  <SP HEIGHT="89" WIDTH="18" VPOS="1270" HPOS="935"/>
                  <String HEIGHT="89"
                          WIDTH="212"
                          VPOS="1270"
                          HPOS="882"
                          CONTENT="réalisés"/>
                  <SP HEIGHT="89" WIDTH="18" VPOS="1270" HPOS="1094"/>
                  <String HEIGHT="89"
                          WIDTH="123"
                          VPOS="1270"
                          HPOS="1041"
                          CONTENT="par"/>
                  <SP HEIGHT="89" WIDTH="18" VPOS="1270" HPOS="1164"/>
                  <String HEIGHT="89"
                          WIDTH="123"
                          VPOS="1270"
                          HPOS="1111"
                          CONTENT="des"/>
                  <SP HEIGHT="89" WIDTH="18" VPOS="1270" HPOS="1235"/>
                  <String HEIGHT="89"
                          WIDTH="194"
                          VPOS="1270"
                          HPOS="1182"
                          CONTENT="auteurs"/>
                  <SP HEIGHT="89" WIDTH="18" VPOS="1270" HPOS="1376"/>
                  <String HEIGHT="89"
                          WIDTH="106"
                          VPOS="1270"
                          HPOS="1323"
                          CONTENT="de"/>
                  <SP HEIGHT="89" WIDTH="18" VPOS="1270" HPOS="1429"/>
                  <String HEIGHT="89"
                          WIDTH="159"
                          VPOS="1270"
                          HPOS="1376"
                          CONTENT="moins"/>
                  <SP HEIGHT="89" WIDTH="18" VPOS="1270" HPOS="1535"/>
                  <String HEIGHT="89"
                          WIDTH="106"
                          VPOS="1270"
                          HPOS="1482"
                          CONTENT="de"/>
                  <SP HEIGHT="89" WIDTH="18" VPOS="1270" HPOS="1588"/>
                  <String HEIGHT="89"
                          WIDTH="159"
                          VPOS="1270"
                          HPOS="1517"
                          CONTENT="trente"
                          SUBS_TYPE="HypPart1"
                          SUBS_CONTENT="trentecinq"/>
                  <HYP CONTENT="-"/>
               </TextLine>
               <TextLine ID="tl_19"
                         BASELINE="1402"
                         HEIGHT="79"
                         WIDTH="1132"
                         VPOS="1323"
                         HPOS="263">
                  <String HEIGHT="79"
                          WIDTH="153"
                          VPOS="1323"
                          HPOS="244"
                          CONTENT="cinq"
                          SUBS_TYPE="HypPart2"
                          SUBS_CONTENT="trentecinq"/>
                  <SP HEIGHT="79" WIDTH="19" VPOS="1323" HPOS="397"/>
                  <String HEIGHT="79"
                          WIDTH="153"
                          VPOS="1323"
                          HPOS="340"
                          CONTENT="ans,"/>
                  <SP HEIGHT="79" WIDTH="19" VPOS="1323" HPOS="493"/>
                  <String HEIGHT="79"
                          WIDTH="153"
                          VPOS="1323"
                          HPOS="436"
                          CONTENT="aura"/>
                  <SP HEIGHT="79" WIDTH="19" VPOS="1323" HPOS="589"/>
                  <String HEIGHT="79"
                          WIDTH="153"
                          VPOS="1323"
                          HPOS="532"
                          CONTENT="lieu"/>
                  <SP HEIGHT="79" WIDTH="19" VPOS="1323" HPOS="685"/>
                  <String HEIGHT="79"
                          WIDTH="249"
                          VPOS="1323"
                          HPOS="628"
                          CONTENT="également"/>
                  <SP HEIGHT="79" WIDTH="19" VPOS="1323" HPOS="877"/>
                  <String HEIGHT="79"
                          WIDTH="153"
                          VPOS="1323"
                          HPOS="819"
                          CONTENT="dans"/>
                  <SP HEIGHT="79" WIDTH="19" VPOS="1323" HPOS="973"/>
                  <String HEIGHT="79" WIDTH="115" VPOS="1323" HPOS="915" CONTENT="le"/>
                  <SP HEIGHT="79" WIDTH="19" VPOS="1323" HPOS="1030"/>
                  <String HEIGHT="79"
                          WIDTH="173"
                          VPOS="1323"
                          HPOS="973"
                          CONTENT="cadre"/>
                  <SP HEIGHT="79" WIDTH="19" VPOS="1323" HPOS="1146"/>
                  <String HEIGHT="79"
                          WIDTH="115"
                          VPOS="1323"
                          HPOS="1088"
                          CONTENT="de"/>
                  <SP HEIGHT="79" WIDTH="19" VPOS="1323" HPOS="1203"/>
                  <String HEIGHT="79"
                          WIDTH="115"
                          VPOS="1323"
                          HPOS="1146"
                          CONTENT="la"/>
                  <SP HEIGHT="79" WIDTH="19" VPOS="1323" HPOS="1261"/>
                  <String HEIGHT="79"
                          WIDTH="211"
                          VPOS="1323"
                          HPOS="1184"
                          CONTENT="Biennale."/>
               </TextLine>
            </TextBlock>
            <TextBlock ID="r_4_3" HEIGHT="112" WIDTH="1398" VPOS="1357" HPOS="273">
               <Shape>
                  <Polygon POINTS="273,1357 1671,1357 1671,1469 273,1469"/>
               </Shape>
               <TextLine ID="tl_20"
                         BASELINE="1426"
                         HEIGHT="80"
                         WIDTH="1376"
                         VPOS="1346"
                         HPOS="301">
                  <String HEIGHT="80"
                          WIDTH="132"
                          VPOS="1346"
                          HPOS="282"
                          CONTENT="Une"/>
                  <SP HEIGHT="80" WIDTH="19" VPOS="1346" HPOS="414"/>
                  <String HEIGHT="80"
                          WIDTH="188"
                          VPOS="1346"
                          HPOS="358"
                          CONTENT="soirée"/>
                  <SP HEIGHT="80" WIDTH="19" VPOS="1346" HPOS="546"/>
                  <String HEIGHT="80"
                          WIDTH="151"
                          VPOS="1346"
                          HPOS="489"
                          CONTENT="sera"/>
                  <SP HEIGHT="80" WIDTH="19" VPOS="1346" HPOS="640"/>
                  <String HEIGHT="80" WIDTH="113" VPOS="1346" HPOS="584" CONTENT="en"/>
                  <SP HEIGHT="80" WIDTH="19" VPOS="1346" HPOS="697"/>
                  <String HEIGHT="80"
                          WIDTH="170"
                          VPOS="1346"
                          HPOS="640"
                          CONTENT="outre"/>
                  <SP HEIGHT="80" WIDTH="19" VPOS="1346" HPOS="810"/>
                  <String HEIGHT="80"
                          WIDTH="226"
                          VPOS="1346"
                          HPOS="753"
                          CONTENT="réservée"/>
                  <SP HEIGHT="80" WIDTH="19" VPOS="1346" HPOS="980"/>
                  <String HEIGHT="80" WIDTH="113" VPOS="1346" HPOS="923" CONTENT="au"/>
                  <SP HEIGHT="80" WIDTH="19" VPOS="1346" HPOS="1036"/>
                  <String HEIGHT="80"
                          WIDTH="207"
                          VPOS="1346"
                          HPOS="980"
                          CONTENT="Service"/>
                  <SP HEIGHT="80" WIDTH="19" VPOS="1346" HPOS="1187"/>
                  <String HEIGHT="80"
                          WIDTH="113"
                          VPOS="1346"
                          HPOS="1130"
                          CONTENT="de"/>
                  <SP HEIGHT="80" WIDTH="19" VPOS="1346" HPOS="1243"/>
                  <String HEIGHT="80"
                          WIDTH="113"
                          VPOS="1346"
                          HPOS="1187"
                          CONTENT="la"/>
                  <SP HEIGHT="80" WIDTH="19" VPOS="1346" HPOS="1300"/>
                  <String HEIGHT="80"
                          WIDTH="245"
                          VPOS="1346"
                          HPOS="1243"
                          CONTENT="Recherche"/>
                  <SP HEIGHT="80" WIDTH="19" VPOS="1346" HPOS="1489"/>
                  <String HEIGHT="80"
                          WIDTH="113"
                          VPOS="1346"
                          HPOS="1432"
                          CONTENT="de"/>
                  <SP HEIGHT="80" WIDTH="19" VPOS="1346" HPOS="1545"/>
                  <String HEIGHT="80"
                          WIDTH="113"
                          VPOS="1346"
                          HPOS="1489"
                          CONTENT="la"/>
                  <SP HEIGHT="80" WIDTH="19" VPOS="1346" HPOS="1602"/>
                  <String HEIGHT="80"
                          WIDTH="151"
                          VPOS="1346"
                          HPOS="1526"
                          CONTENT="Radio"
                          SUBS_TYPE="HypPart1"
                          SUBS_CONTENT="Radiodiffusion"/>
                  <HYP CONTENT="-"/>
               </TextLine>
               <TextLine ID="tl_21"
                         BASELINE="1476"
                         HEIGHT="78"
                         WIDTH="1304"
                         VPOS="1398"
                         HPOS="263">
                  <String HEIGHT="78"
                          WIDTH="246"
                          VPOS="1398"
                          HPOS="244"
                          CONTENT="diffusion"
                          SUBS_TYPE="HypPart2"
                          SUBS_CONTENT="Radiodiffusion"/>
                  <SP HEIGHT="78" WIDTH="19" VPOS="1398" HPOS="490"/>
                  <String HEIGHT="78"
                          WIDTH="265"
                          VPOS="1398"
                          HPOS="433"
                          CONTENT="Télévision"/>
                  <SP HEIGHT="78" WIDTH="19" VPOS="1398" HPOS="698"/>
                  <String HEIGHT="78"
                          WIDTH="246"
                          VPOS="1398"
                          HPOS="641"
                          CONTENT="Française"/>
                  <SP HEIGHT="78" WIDTH="19" VPOS="1398" HPOS="887"/>
                  <String HEIGHT="78"
                          WIDTH="151"
                          VPOS="1398"
                          HPOS="830"
                          CONTENT="sous"/>
                  <SP HEIGHT="78" WIDTH="19" VPOS="1398" HPOS="981"/>
                  <String HEIGHT="78" WIDTH="113" VPOS="1398" HPOS="924" CONTENT="la"/>
                  <SP HEIGHT="78" WIDTH="19" VPOS="1398" HPOS="1038"/>
                  <String HEIGHT="78"
                          WIDTH="246"
                          VPOS="1398"
                          HPOS="981"
                          CONTENT="direction"/>
                  <SP HEIGHT="78" WIDTH="19" VPOS="1398" HPOS="1227"/>
                  <String HEIGHT="78"
                          WIDTH="113"
                          VPOS="1398"
                          HPOS="1170"
                          CONTENT="de"/>
                  <SP HEIGHT="78" WIDTH="19" VPOS="1398" HPOS="1284"/>
                  <String HEIGHT="78"
                          WIDTH="189"
                          VPOS="1398"
                          HPOS="1227"
                          CONTENT="Pierre"/>
                  <SP HEIGHT="78" WIDTH="19" VPOS="1398" HPOS="1416"/>
                  <String HEIGHT="78"
                          WIDTH="227"
                          VPOS="1398"
                          HPOS="1340"
                          CONTENT="Schaeffer."/>
               </TextLine>
            </TextBlock>
            <TextBlock ID="r_5_1" HEIGHT="36" WIDTH="170" VPOS="1542" HPOS="278">
               <Shape>
                  <Polygon POINTS="278,1542 448,1542 448,1578 278,1578"/>
               </Shape>
               <TextLine ID="tl_22"
                         BASELINE="1592"
                         HEIGHT="66"
                         WIDTH="186"
                         VPOS="1526"
                         HPOS="269">
                  <String HEIGHT="66"
                          WIDTH="213"
                          VPOS="1526"
                          HPOS="242"
                          CONTENT="&lt;b&gt;Poésie:&lt;/b&gt;"/>
               </TextLine>
            </TextBlock>
            <TextBlock ID="r_5_2" HEIGHT="115" WIDTH="1399" VPOS="1557" HPOS="277">
               <Shape>
                  <Polygon POINTS="277,1557 1676,1557 1676,1672 277,1672"/>
               </Shape>
               <TextLine ID="tl_23"
                         BASELINE="1644"
                         HEIGHT="90"
                         WIDTH="1376"
                         VPOS="1554"
                         HPOS="306">
                  <String HEIGHT="90"
                          WIDTH="239"
                          VPOS="1554"
                          HPOS="288"
                          CONTENT="Plusieurs"/>
                  <SP HEIGHT="90" WIDTH="18" VPOS="1554" HPOS="526"/>
                  <String HEIGHT="90"
                          WIDTH="239"
                          VPOS="1554"
                          HPOS="471"
                          CONTENT="émissions"/>
                  <SP HEIGHT="90" WIDTH="18" VPOS="1554" HPOS="710"/>
                  <String HEIGHT="90"
                          WIDTH="239"
                          VPOS="1554"
                          HPOS="655"
                          CONTENT="publiques"/>
                  <SP HEIGHT="90" WIDTH="18" VPOS="1554" HPOS="893"/>
                  <String HEIGHT="90"
                          WIDTH="183"
                          VPOS="1554"
                          HPOS="838"
                          CONTENT="seront"/>
                  <SP HEIGHT="90" WIDTH="18" VPOS="1554" HPOS="1022"/>
                  <String HEIGHT="90"
                          WIDTH="257"
                          VPOS="1554"
                          HPOS="966"
                          CONTENT="consacrées"/>
                  <SP HEIGHT="90" WIDTH="18" VPOS="1554" HPOS="1223"/>
                  <String HEIGHT="90" WIDTH="92" VPOS="1554" HPOS="1168" CONTENT="à"/>
                  <SP HEIGHT="90" WIDTH="18" VPOS="1554" HPOS="1260"/>
                  <String HEIGHT="90"
                          WIDTH="110"
                          VPOS="1554"
                          HPOS="1205"
                          CONTENT="la"/>
                  <SP HEIGHT="90" WIDTH="18" VPOS="1554" HPOS="1315"/>
                  <String HEIGHT="90"
                          WIDTH="165"
                          VPOS="1554"
                          HPOS="1260"
                          CONTENT="jeune"/>
                  <SP HEIGHT="90" WIDTH="18" VPOS="1554" HPOS="1425"/>
                  <String HEIGHT="90"
                          WIDTH="183"
                          VPOS="1554"
                          HPOS="1370"
                          CONTENT="poésie"/>
                  <SP HEIGHT="90" WIDTH="18" VPOS="1554" HPOS="1554"/>
                  <String HEIGHT="90"
                          WIDTH="202"
                          VPOS="1554"
                          HPOS="1480"
                          CONTENT="étrangère"/>
               </TextLine>
               <TextLine ID="tl_24"
                         BASELINE="1689"
                         HEIGHT="64"
                         WIDTH="257"
                         VPOS="1625"
                         HPOS="269">
                  <String HEIGHT="64" WIDTH="119" VPOS="1625" HPOS="249" CONTENT="et"/>
                  <SP HEIGHT="64" WIDTH="20" VPOS="1625" HPOS="368"/>
                  <String HEIGHT="64"
                          WIDTH="237"
                          VPOS="1625"
                          HPOS="289"
                          CONTENT="française."/>
               </TextLine>
            </TextBlock>
            <TextBlock ID="r_6_1" HEIGHT="43" WIDTH="241" VPOS="1742" HPOS="281">
               <Shape>
                  <Polygon POINTS="281,1742 522,1742 522,1785 281,1785"/>
               </Shape>
               <TextLine ID="tl_25"
                         BASELINE="1797"
                         HEIGHT="81"
                         WIDTH="257"
                         VPOS="1716"
                         HPOS="273">
                  <String HEIGHT="81"
                          WIDTH="228"
                          VPOS="1716"
                          HPOS="259"
                          CONTENT="&lt;b&gt;Colloques"/>
                  <SP HEIGHT="81" WIDTH="14" VPOS="1716" HPOS="487"/>
                  <String HEIGHT="81"
                          WIDTH="100"
                          VPOS="1716"
                          HPOS="430"
                          CONTENT=":&lt;/b&gt;"/>
               </TextLine>
            </TextBlock>
            <TextBlock ID="r_6_2" HEIGHT="191" WIDTH="1401" VPOS="1757" HPOS="282">
               <Shape>
                  <Polygon POINTS="282,1757 1683,1757 1683,1948 282,1948"/>
               </Shape>
               <TextLine ID="tl_26"
                         BASELINE="1831"
                         HEIGHT="88"
                         WIDTH="1377"
                         VPOS="1743"
                         HPOS="312">
                  <String HEIGHT="88" WIDTH="115" VPOS="1743" HPOS="293" CONTENT="La"/>
                  <SP HEIGHT="88" WIDTH="19" VPOS="1743" HPOS="408"/>
                  <String HEIGHT="88"
                          WIDTH="230"
                          VPOS="1743"
                          HPOS="350"
                          CONTENT="Biennale"/>
                  <SP HEIGHT="88" WIDTH="19" VPOS="1743" HPOS="580"/>
                  <String HEIGHT="88"
                          WIDTH="134"
                          VPOS="1743"
                          HPOS="522"
                          CONTENT="n’a"/>
                  <SP HEIGHT="88" WIDTH="19" VPOS="1743" HPOS="656"/>
                  <String HEIGHT="88"
                          WIDTH="134"
                          VPOS="1743"
                          HPOS="599"
                          CONTENT="pas"/>
                  <SP HEIGHT="88" WIDTH="19" VPOS="1743" HPOS="733"/>
                  <String HEIGHT="88"
                          WIDTH="249"
                          VPOS="1743"
                          HPOS="675"
                          CONTENT="seulement"/>
                  <SP HEIGHT="88" WIDTH="19" VPOS="1743" HPOS="924"/>
                  <String HEIGHT="88"
                          WIDTH="153"
                          VPOS="1743"
                          HPOS="867"
                          CONTENT="pour"/>
                  <SP HEIGHT="88" WIDTH="19" VPOS="1743" HPOS="1020"/>
                  <String HEIGHT="88"
                          WIDTH="134"
                          VPOS="1743"
                          HPOS="962"
                          CONTENT="but"/>
                  <SP HEIGHT="88" WIDTH="19" VPOS="1743" HPOS="1096"/>
                  <String HEIGHT="88"
                          WIDTH="115"
                          VPOS="1743"
                          HPOS="1039"
                          CONTENT="de"/>
                  <SP HEIGHT="88" WIDTH="19" VPOS="1743" HPOS="1154"/>
                  <String HEIGHT="88"
                          WIDTH="268"
                          VPOS="1743"
                          HPOS="1096"
                          CONTENT="confronter"/>
                  <SP HEIGHT="88" WIDTH="19" VPOS="1743" HPOS="1364"/>
                  <String HEIGHT="88"
                          WIDTH="134"
                          VPOS="1743"
                          HPOS="1307"
                          CONTENT="des"/>
                  <SP HEIGHT="88" WIDTH="19" VPOS="1743" HPOS="1440"/>
                  <String HEIGHT="88"
                          WIDTH="210"
                          VPOS="1743"
                          HPOS="1383"
                          CONTENT="œuvres,"/>
                  <SP HEIGHT="88" WIDTH="19" VPOS="1743" HPOS="1593"/>
                  <String HEIGHT="88"
                          WIDTH="153"
                          VPOS="1743"
                          HPOS="1536"
                          CONTENT="elle"/>
                  <SP HEIGHT="88" WIDTH="19" VPOS="1743" HPOS="1689"/>
                  <String HEIGHT="88" WIDTH="77" VPOS="1743" HPOS="1613" CONTENT="se"/>
               </TextLine>
               <TextLine ID="tl_27"
                         BASELINE="1878"
                         HEIGHT="79"
                         WIDTH="1413"
                         VPOS="1799"
                         HPOS="275">
                  <String HEIGHT="79"
                          WIDTH="202"
                          VPOS="1799"
                          HPOS="257"
                          CONTENT="propose"/>
                  <SP HEIGHT="79" WIDTH="18" VPOS="1799" HPOS="459"/>
                  <String HEIGHT="79"
                          WIDTH="239"
                          VPOS="1799"
                          HPOS="403"
                          CONTENT="également"/>
                  <SP HEIGHT="79" WIDTH="18" VPOS="1799" HPOS="642"/>
                  <String HEIGHT="79" WIDTH="110" VPOS="1799" HPOS="587" CONTENT="de"/>
                  <SP HEIGHT="79" WIDTH="18" VPOS="1799" HPOS="697"/>
                  <String HEIGHT="79"
                          WIDTH="184"
                          VPOS="1799"
                          HPOS="642"
                          CONTENT="réunir"/>
                  <SP HEIGHT="79" WIDTH="18" VPOS="1799" HPOS="826"/>
                  <String HEIGHT="79"
                          WIDTH="128"
                          VPOS="1799"
                          HPOS="770"
                          CONTENT="des"/>
                  <SP HEIGHT="79" WIDTH="18" VPOS="1799" HPOS="899"/>
                  <String HEIGHT="79"
                          WIDTH="220"
                          VPOS="1799"
                          HPOS="844"
                          CONTENT="artistes"/>
                  <SP HEIGHT="79" WIDTH="18" VPOS="1799" HPOS="1064"/>
                  <String HEIGHT="79"
                          WIDTH="110"
                          VPOS="1799"
                          HPOS="1009"
                          CONTENT="de"/>
                  <SP HEIGHT="79" WIDTH="18" VPOS="1799" HPOS="1119"/>
                  <String HEIGHT="79"
                          WIDTH="147"
                          VPOS="1799"
                          HPOS="1064"
                          CONTENT="tous"/>
                  <SP HEIGHT="79" WIDTH="18" VPOS="1799" HPOS="1211"/>
                  <String HEIGHT="79"
                          WIDTH="165"
                          VPOS="1799"
                          HPOS="1156"
                          CONTENT="pays,"/>
                  <SP HEIGHT="79" WIDTH="18" VPOS="1799" HPOS="1321"/>
                  <String HEIGHT="79"
                          WIDTH="147"
                          VPOS="1799"
                          HPOS="1266"
                          CONTENT="afin"/>
                  <SP HEIGHT="79" WIDTH="18" VPOS="1799" HPOS="1413"/>
                  <String HEIGHT="79"
                          WIDTH="128"
                          VPOS="1799"
                          HPOS="1358"
                          CONTENT="que"/>
                  <SP HEIGHT="79" WIDTH="18" VPOS="1799" HPOS="1486"/>
                  <String HEIGHT="79"
                          WIDTH="110"
                          VPOS="1799"
                          HPOS="1431"
                          CONTENT="de"/>
                  <SP HEIGHT="79" WIDTH="18" VPOS="1799" HPOS="1541"/>
                  <String HEIGHT="79"
                          WIDTH="220"
                          VPOS="1799"
                          HPOS="1468"
                          CONTENT="véritables"/>
               </TextLine>
               <TextLine ID="tl_28"
                         BASELINE="1915"
                         HEIGHT="86"
                         WIDTH="1416"
                         VPOS="1829"
                         HPOS="274">
                  <String HEIGHT="86"
                          WIDTH="221"
                          VPOS="1829"
                          HPOS="256"
                          CONTENT="échanges"/>
                  <SP HEIGHT="86" WIDTH="18" VPOS="1829" HPOS="476"/>
                  <String HEIGHT="86"
                          WIDTH="202"
                          VPOS="1829"
                          HPOS="421"
                          CONTENT="d’idées"/>
                  <SP HEIGHT="86" WIDTH="18" VPOS="1829" HPOS="623"/>
                  <String HEIGHT="86"
                          WIDTH="221"
                          VPOS="1829"
                          HPOS="568"
                          CONTENT="puissent"/>
                  <SP HEIGHT="86" WIDTH="18" VPOS="1829" HPOS="789"/>
                  <String HEIGHT="86"
                          WIDTH="184"
                          VPOS="1829"
                          HPOS="734"
                          CONTENT="naître"/>
                  <SP HEIGHT="86" WIDTH="18" VPOS="1829" HPOS="918"/>
                  <String HEIGHT="86" WIDTH="92" VPOS="1829" HPOS="862" CONTENT="à"/>
                  <SP HEIGHT="86" WIDTH="18" VPOS="1829" HPOS="954"/>
                  <String HEIGHT="86"
                          WIDTH="166"
                          VPOS="1829"
                          HPOS="899"
                          CONTENT="cette"/>
                  <SP HEIGHT="86" WIDTH="18" VPOS="1829" HPOS="1065"/>
                  <String HEIGHT="86"
                          WIDTH="239"
                          VPOS="1829"
                          HPOS="1010"
                          CONTENT="occasion."/>
                  <SP HEIGHT="86" WIDTH="18" VPOS="1829" HPOS="1249"/>
                  <String HEIGHT="86" WIDTH="92" VPOS="1829" HPOS="1193" CONTENT="A"/>
                  <SP HEIGHT="86" WIDTH="18" VPOS="1829" HPOS="1285"/>
                  <String HEIGHT="86"
                          WIDTH="110"
                          VPOS="1829"
                          HPOS="1230"
                          CONTENT="ce"/>
                  <SP HEIGHT="86" WIDTH="18" VPOS="1829" HPOS="1341"/>
                  <String HEIGHT="86"
                          WIDTH="202"
                          VPOS="1829"
                          HPOS="1285"
                          CONTENT="propos,"/>
                  <SP HEIGHT="86" WIDTH="18" VPOS="1829" HPOS="1488"/>
                  <String HEIGHT="86"
                          WIDTH="129"
                          VPOS="1829"
                          HPOS="1433"
                          CONTENT="des"/>
                  <SP HEIGHT="86" WIDTH="18" VPOS="1829" HPOS="1561"/>
                  <String HEIGHT="86"
                          WIDTH="202"
                          VPOS="1829"
                          HPOS="1488"
                          CONTENT="colloques"/>
               </TextLine>
               <TextLine ID="tl_29"
                         BASELINE="1953"
                         HEIGHT="83"
                         WIDTH="1413"
                         VPOS="1870"
                         HPOS="276">
                  <String HEIGHT="83"
                          WIDTH="191"
                          VPOS="1870"
                          HPOS="257"
                          CONTENT="seront"/>
                  <SP HEIGHT="83" WIDTH="19" VPOS="1870" HPOS="448"/>
                  <String HEIGHT="83"
                          WIDTH="248"
                          VPOS="1870"
                          HPOS="391"
                          CONTENT="organisés"/>
                  <SP HEIGHT="83" WIDTH="19" VPOS="1870" HPOS="639"/>
                  <String HEIGHT="83"
                          WIDTH="134"
                          VPOS="1870"
                          HPOS="582"
                          CONTENT="qui"/>
                  <SP HEIGHT="83" WIDTH="19" VPOS="1870" HPOS="715"/>
                  <String HEIGHT="83"
                          WIDTH="191"
                          VPOS="1870"
                          HPOS="658"
                          CONTENT="auront"/>
                  <SP HEIGHT="83" WIDTH="19" VPOS="1870" HPOS="849"/>
                  <String HEIGHT="83"
                          WIDTH="153"
                          VPOS="1870"
                          HPOS="792"
                          CONTENT="lieu"/>
                  <SP HEIGHT="83" WIDTH="19" VPOS="1870" HPOS="944"/>
                  <String HEIGHT="83"
                          WIDTH="153"
                          VPOS="1870"
                          HPOS="887"
                          CONTENT="tous"/>
                  <SP HEIGHT="83" WIDTH="19" VPOS="1870" HPOS="1040"/>
                  <String HEIGHT="83"
                          WIDTH="134"
                          VPOS="1870"
                          HPOS="982"
                          CONTENT="les"/>
                  <SP HEIGHT="83" WIDTH="19" VPOS="1870" HPOS="1116"/>
                  <String HEIGHT="83"
                          WIDTH="191"
                          VPOS="1870"
                          HPOS="1059"
                          CONTENT="lundis"/>
                  <SP HEIGHT="83" WIDTH="19" VPOS="1870" HPOS="1250"/>
                  <String HEIGHT="83"
                          WIDTH="115"
                          VPOS="1870"
                          HPOS="1193"
                          CONTENT="de"/>
                  <SP HEIGHT="83" WIDTH="19" VPOS="1870" HPOS="1307"/>
                  <String HEIGHT="83"
                          WIDTH="115"
                          VPOS="1870"
                          HPOS="1250"
                          CONTENT="21"/>
                  <SP HEIGHT="83" WIDTH="19" VPOS="1870" HPOS="1364"/>
                  <String HEIGHT="83"
                          WIDTH="191"
                          VPOS="1870"
                          HPOS="1307"
                          CONTENT="heures"/>
                  <SP HEIGHT="83" WIDTH="19" VPOS="1870" HPOS="1498"/>
                  <String HEIGHT="83" WIDTH="95" VPOS="1870" HPOS="1441" CONTENT="à"/>
                  <SP HEIGHT="83" WIDTH="19" VPOS="1870" HPOS="1536"/>
                  <String HEIGHT="83"
                          WIDTH="115"
                          VPOS="1870"
                          HPOS="1479"
                          CONTENT="23"/>
                  <SP HEIGHT="83" WIDTH="19" VPOS="1870" HPOS="1594"/>
                  <String HEIGHT="83"
                          WIDTH="172"
                          VPOS="1870"
                          HPOS="1517"
                          CONTENT="heures."/>
               </TextLine>
            </TextBlock>
            <TextBlock ID="r_6_3" HEIGHT="110" WIDTH="1397" VPOS="1907" HPOS="287">
               <Shape>
                  <Polygon POINTS="287,1907 1684,1907 1684,2017 287,2017"/>
               </Shape>
               <TextLine ID="tl_30"
                         BASELINE="1982"
                         HEIGHT="79"
                         WIDTH="1377"
                         VPOS="1903"
                         HPOS="315">
                  <String HEIGHT="79"
                          WIDTH="162"
                          VPOS="1903"
                          HPOS="295"
                          CONTENT="Pour"/>
                  <SP HEIGHT="79" WIDTH="20" VPOS="1903" HPOS="457"/>
                  <String HEIGHT="79" WIDTH="122" VPOS="1903" HPOS="396" CONTENT="le"/>
                  <SP HEIGHT="79" WIDTH="20" VPOS="1903" HPOS="518"/>
                  <String HEIGHT="79"
                          WIDTH="263"
                          VPOS="1903"
                          HPOS="457"
                          CONTENT="programme"/>
                  <SP HEIGHT="79" WIDTH="20" VPOS="1903" HPOS="720"/>
                  <String HEIGHT="79"
                          WIDTH="223"
                          VPOS="1903"
                          HPOS="659"
                          CONTENT="complet"/>
                  <SP HEIGHT="79" WIDTH="20" VPOS="1903" HPOS="882"/>
                  <String HEIGHT="79" WIDTH="122" VPOS="1903" HPOS="821" CONTENT="de"/>
                  <SP HEIGHT="79" WIDTH="20" VPOS="1903" HPOS="943"/>
                  <String HEIGHT="79"
                          WIDTH="203"
                          VPOS="1903"
                          HPOS="882"
                          CONTENT="toutes"/>
                  <SP HEIGHT="79" WIDTH="20" VPOS="1903" HPOS="1085"/>
                  <String HEIGHT="79"
                          WIDTH="142"
                          VPOS="1903"
                          HPOS="1024"
                          CONTENT="ces"/>
                  <SP HEIGHT="79" WIDTH="20" VPOS="1903" HPOS="1166"/>
                  <String HEIGHT="79"
                          WIDTH="385"
                          VPOS="1903"
                          HPOS="1105"
                          CONTENT="manifestations,"/>
                  <SP HEIGHT="79" WIDTH="20" VPOS="1903" HPOS="1490"/>
                  <String HEIGHT="79"
                          WIDTH="263"
                          VPOS="1903"
                          HPOS="1429"
                          CONTENT="consulter"/>
                  <SP HEIGHT="79" WIDTH="20" VPOS="1903" HPOS="1692"/>
                  <String HEIGHT="79" WIDTH="81" VPOS="1903" HPOS="1611" CONTENT="le"/>
               </TextLine>
               <TextLine ID="tl_31"
                         BASELINE="2028"
                         HEIGHT="61"
                         WIDTH="525"
                         VPOS="1967"
                         HPOS="278">
                  <String HEIGHT="61"
                          WIDTH="283"
                          VPOS="1967"
                          HPOS="258"
                          CONTENT="calendrier"/>
                  <SP HEIGHT="61" WIDTH="20" VPOS="1967" HPOS="540"/>
                  <String HEIGHT="61" WIDTH="121" VPOS="1967" HPOS="480" CONTENT="de"/>
                  <SP HEIGHT="61" WIDTH="20" VPOS="1967" HPOS="601"/>
                  <String HEIGHT="61" WIDTH="121" VPOS="1967" HPOS="541" CONTENT="la"/>
                  <SP HEIGHT="61" WIDTH="20" VPOS="1967" HPOS="662"/>
                  <String HEIGHT="61"
                          WIDTH="222"
                          VPOS="1967"
                          HPOS="581"
                          CONTENT="Biennale."/>
               </TextLine>
            </TextBlock>
            <TextBlock ID="r_7_1" HEIGHT="27" WIDTH="46" VPOS="2111" HPOS="1563">
               <Shape>
                  <Polygon POINTS="1563,2111 1609,2111 1609,2138 1563,2138"/>
               </Shape>
               <TextLine ID="tl_32"
                         BASELINE="2149"
                         HEIGHT="52"
                         WIDTH="63"
                         VPOS="2097"
                         HPOS="1555">
                  <String HEIGHT="52"
                          WIDTH="105"
                          VPOS="2097"
                          HPOS="1513"
                          CONTENT="141"/>
               </TextLine>
            </TextBlock>
            <GraphicalElement ID="r_8" HEIGHT="9" WIDTH="181" VPOS="0" HPOS="2"/>
            <GraphicalElement ID="r_9" HEIGHT="2" WIDTH="1178" VPOS="0" HPOS="183"/>
            <GraphicalElement ID="r_10" HEIGHT="3" WIDTH="414" VPOS="0" HPOS="1423"/>
            <GraphicalElement ID="r_11" HEIGHT="7" WIDTH="211" VPOS="2190" HPOS="0"/>
            <GraphicalElement ID="r_12" HEIGHT="8" WIDTH="323" VPOS="2189" HPOS="418"/>
            <GraphicalElement ID="r_13" HEIGHT="9" WIDTH="379" VPOS="2188" HPOS="905"/>
            <GraphicalElement ID="r_14" HEIGHT="9" WIDTH="379" VPOS="2188" HPOS="1295"/>
            <GraphicalElement ID="r_15" HEIGHT="5" WIDTH="184" VPOS="2192" HPOS="1685"/>
            <GraphicalElement ID="r_16" HEIGHT="238" WIDTH="7" VPOS="721" HPOS="133"/>
            <GraphicalElement ID="r_17" HEIGHT="1224" WIDTH="26" VPOS="0" HPOS="1835"/>
            <GraphicalElement ID="r_18" HEIGHT="487" WIDTH="8" VPOS="1541" HPOS="1878"/>
            <GraphicalElement ID="r_19" HEIGHT="665" WIDTH="12" VPOS="876" HPOS="1873"/>
            <GraphicalElement ID="r_20" HEIGHT="328" WIDTH="7" VPOS="598" HPOS="1879"/>
            <GraphicalElement ID="r_21" HEIGHT="164" WIDTH="5" VPOS="434" HPOS="1880"/>
            <GraphicalElement ID="r_22" HEIGHT="425" WIDTH="13" VPOS="7" HPOS="1872"/>
            <GraphicalElement ID="r_23" HEIGHT="36" WIDTH="2" VPOS="624" HPOS="1846"/>
         </PrintSpace>
      </Page>
   </Layout>
</alto>
