1889 2207
1168 -6 419 62 <b>MANIFESTATIONS
1507 -6 259 62 ANNEXES</b>

306 99 309 85 <b>AUTOUR
544 99 167 85 DES
639 99 262 85 TRAVAUX
830 99 286 85 D’ÉQUIPE
1044 99 143 85 DE
1115 99 143 85 LA
1163 99 333 85 BIENNALE</b>

333 162 261 80 l’Atelier
534 162 382 80 d’Henri-Georges
855 162 161 80 Adam
956 162 100 80 à
996 162 221 80 l’Ecole
1157 162 141 80 des
1217 162 261 80 Beaux

231 260 177 72 Trois
349 260 235 72 équipes,
526 260 255 72 composées
722 260 275 72 d’artistes
938 260 118 72 de
996 260 216 72 l’Ecole
1153 260 137 72 des
1232 260 294 72 Beaux-Arts,
1467 260 157 72 sous
1546 260 78 72 la

203 303 246 61 direction
393 303 114 61 de
450 303 152 61 leur
544 303 265 61 professeur
753 303 322 61 Henri-Georges
1018 303 171 61 Adam,
1132 303 133 61 ont
1208 303 209 61 réalisé
1360 303 95 61 à
1397 303 114 61 la
1435 303 190 61 Biennale

201 343 122 64 de
262 343 183 64 Paris
384 343 183 64 trois
506 343 264 64 ensembles
709 343 264 64 répondant
912 343 122 64 au
973 343 264 64 programme
1177 343 122 64 de
1238 343 244 64 synthèse
1421 343 142 64 des
1482 343 142 64 arts,

204 374 107 64 et
258 374 231 64 présentés
435 374 142 64 sous
524 374 107 64 le
577 374 160 64 titre
684 374 124 64 des
755 374 195 64 Travaux
897 374 231 64 d’équipes
1074 374 107 64 de
1128 374 107 64 la
1181 374 302 64 participation
1412 374 213 64 française.

204 406 125 70 Ces
275 406 160 70 trois
382 406 285 70 réalisations
614 406 125 70 ont
685 406 142 70 fait
774 406 196 70 l’objet
916 406 107 70 de
969 406 214 70 nombreux
1130 406 196 70 projets
1272 406 107 70 et
1325 406 231 70 maquettes
1486 406 142 70 prépa-

206 445 243 70 ratoires,
393 445 168 70 qu’il
506 445 150 70 nous
599 445 94 70 a
637 445 187 70 semblé
767 445 168 70 utile
880 445 112 70 de
936 445 206 70 montrer
1086 445 112 70 au
1142 445 206 70 public,
1291 445 318 70 parallèlement
1534 445 94 70 aux

204 493 235 56 créations
385 493 272 56 définitives
602 493 109 56 de
657 493 109 56 la
693 493 199 56 Biennale.

614 550 274 61 GALERIE
813 550 249 61 SIMONE
962 550 249 61 BADINIER

486 597 137 57 15,
565 597 137 57 rue
643 597 274 57 Guénégaud,
858 597 176 57 Paris
975 597 156 57 (6e)
1073 597 98 57 —
1112 597 156 57 MED.
1191 597 156 57 04

605 663 271 63 Exposition
817 663 116 63 du
875 663 97 63 6
914 663 116 63 au
972 663 116 63 24
1030 663 213 63 octobre
1166 663 135 63 1961.

469 702 272 69 Vernissage
682 702 117 69 le
741 702 233 69 vendredi
915 702 97 69 6
954 702 233 69 octobre,
1129 702 117 69 de
1187 702 117 69 18
1246 702 194 69 heures
1381 702 97 69 à
1420 702 117 69 22
1459 702 175 69 heures.

584 759 161 42 Tous
685 759 141 42 les
765 759 202 42 jours,
907 759 161 42 sauf
1008 759 121 42 le
1048 759 222 42 dimanche,

439 780 116 84 de
497 780 116 84 10
555 780 194 84 heures
691 780 97 84 à
729 780 116 84 12
788 780 194 84 heures
923 780 116 84 et
981 780 116 84 de
1040 780 116 84 14
1098 780 97 84 h
1137 780 116 84 30
1195 780 97 84 à
1234 780 116 84 18
1292 780 97 84 h
1311 780 97 84 30.

657 1130 518 69 <b>TOULOUSE

673 1183 280 91 DESSINS
876 1183 153 91 DE
927 1183 255 91 JEUNESSE

249 1267 326 72 Parallèlement
517 1267 96 72 à
555 1267 115 72 la
613 1267 230 72 Biennale
785 1267 115 72 de
843 1267 192 72 Paris,
977 1267 134 72 qui
1053 1267 153 72 tend
1149 1267 96 72 à
1187 1267 211 72 montrer
1341 1267 172 72 qu’un
1455 1267 211 72 artiste
1590 1267 57 72 à

219 1307 275 75 trente-cinq
439 1307 128 75 ans
512 1307 147 75 doit
604 1307 165 75 avoir
714 1307 147 75 déjà
805 1307 147 75 posé
897 1307 128 75 les
971 1307 165 75 bases
1081 1307 110 75 de
1136 1307 128 75 son
1209 1307 183 75 œuvre,
1337 1307 110 75 le
1374 1307 275 75 Bateau

217 1348 207 67 expose
362 1348 145 67 des
445 1348 228 67 dessins
611 1348 228 67 d’Henri
777 1348 124 67 de
839 1348 435 67 Toulouse-Lautrec.
1213 1348 145 67 Nul
1296 1348 187 67 autre
1420 1348 228 67 exemple
1565 1348 83 67 ne

222 1380 202 80 pouvait
368 1380 147 80 être
460 1380 165 80 mieux
570 1380 202 80 choisi,
716 1380 202 80 puisque
863 1380 128 80 cet
936 1380 202 80 artiste
1083 1380 128 80 est
1156 1380 147 80 mort
1248 1380 165 80 avant
1358 1380 202 80 d’avoir
1486 1380 165 80 atteint

219 1429 282 66 trente-sept
445 1429 150 66 ans,
539 1429 113 66 et
595 1429 132 66 que
670 1429 225 66 l’apogée
839 1429 113 66 de
896 1429 132 66 son
971 1429 188 66 talent
1102 1429 113 66 se
1159 1429 169 66 situe
1271 1429 169 66 entre
1384 1429 150 66 1892
1478 1429 113 66 et
1515 1429 132 66 1898,

222 1457 159 81 alors
328 1457 159 81 qu’il
434 1457 159 81 était
540 1457 123 81 âgé
610 1457 106 81 de
663 1457 247 81 vingt-huit
857 1457 88 81 à
892 1457 300 81 trente-quatre
1139 1457 141 81 ans.
1227 1457 159 81 Cette
1333 1457 247 81 exposition
1509 1457 141 81 montre

225 1499 125 69 une
297 1499 161 69 série
404 1499 107 69 de
457 1499 196 69 dessins
600 1499 214 69 exécutés
760 1499 143 69 pour
849 1499 107 69 la
903 1499 214 69 plupart,
1063 1499 161 69 alors
1170 1499 125 69 que
1242 1499 196 69 Lautrec
1384 1499 161 69 avait
1474 1499 178 69 dix

225 1530 128 84 ans
298 1530 110 84 et
353 1530 164 84 qu’il
462 1530 219 84 croquait
626 1530 329 84 inlassablement
900 1530 146 84 tout
992 1530 110 84 ce
1046 1530 164 84 qu’il
1156 1530 201 84 voyait,
1302 1530 219 84 sentait,
1448 1530 201 84 devinait,

225 1571 290 73 recherchant
456 1571 212 73 surtout
611 1571 116 73 le
669 1571 270 73 mouvement.
881 1571 154 73 Dans
977 1571 116 73 le
1035 1571 212 73 moindre
1190 1571 116 73 de
1248 1571 135 73 ces
1325 1571 212 73 croquis
1479 1571 116 73 le
1518 1571 135 73 trait

228 1620 122 69 est
297 1620 122 69 son
367 1620 157 69 trait
472 1620 157 69 qu’il
576 1620 192 69 gardera
715 1620 227 69 toujours,
890 1620 174 69 direct
1012 1620 105 69 et
1046 1620 105 69 pur.

714 1691 158 72 LE
766 1691 394 72 BATEAU

638 1725 132 73 16,
714 1725 132 73 rue
789 1725 113 73 de
846 1725 189 73 Seine,
978 1725 170 73 Paris
1092 1725 151 73 (6e)
1186 1725 95 73 —
1224 1725 151 73 ODE.
1300 1725 151 73 96

593 1807 272 74 Exposition
806 1807 116 74 du
864 1807 97 74 3
903 1807 116 74 au
961 1807 116 74 31
1019 1807 213 74 octobre
1155 1807 136 74 1961.

471 1854 294 57 Vernissage,
707 1854 176 57 mardi
824 1854 98 57 3
863 1854 235 57 octobre,
1040 1854 118 57 de
1098 1854 118 57 17
1157 1854 98 57 à
1196 1854 118 57 21
1236 1854 176 57 heures.

444 1886 153 69 Tous
540 1886 134 69 les
616 1886 192 69 jours,
750 1886 153 69 sauf
846 1886 115 69 le
904 1886 230 69 dimanche
1076 1886 115 69 et
1133 1886 115 69 le
1191 1886 172 69 lundi
1287 1886 153 69 matin,

471 1946 117 51 de
530 1946 117 51 10
589 1946 98 51 h
628 1946 117 51 30
687 1946 98 51 à
726 1946 117 51 12
784 1946 98 51 h
823 1946 117 51 30
882 1946 117 51 et
941 1946 117 51 de
999 1946 117 51 14
1058 1946 98 51 h
1097 1946 117 51 30
1156 1946 98 51 à
1195 1946 117 51 19
1234 1946 176 51 heures.

1479 2071 112 79 143
