1818 2197
250 11 409 60 <b>MANIFESTATIONS
581 11 253 60 ANNEXES</b>

849 97 222 65 <b>ÉCOLE
1015 97 111 65 DE
1070 97 166 65 PARIS
1162 97 185 65 1961</b>

432 178 110 69 La
487 178 220 69 Biennale
651 178 110 69 de
706 178 165 69 Paris
816 178 165 69 1961,
926 178 256 69 réunissant
1128 178 128 69 les
1201 178 183 69 œuvres
1329 178 256 69 d’artistes
1531 178 147 69 âgés
1622 178 110 69 de
1659 178 128 69 moins

395 225 107 56 de
449 225 268 56 trente-cinq
663 225 143 56 ans,
753 225 107 56 la
806 225 197 56 Galerie
949 225 286 56 Charpentier,
1181 225 107 56 en
1235 225 268 56 coopération
1449 225 143 56 avec
1539 225 125 56 ses
1592 225 197 56 organisa-

393 280 179 47 teurs,
518 280 89 47 a
554 280 179 47 décidé
679 280 232 47 d’exposer
858 280 89 47 à
894 280 197 47 l’Ecole
1037 280 107 47 de
1091 280 161 47 Paris
1198 280 143 47 1961
1287 280 125 47 les
1359 280 179 47 œuvres
1484 280 107 47 de
1538 280 215 47 peintres
1681 280 107 47 âgés

379 308 210 67 de
484 308 524 67 trente-cinq
903 308 175 67 à
973 308 594 67 quarante-cinq
1462 308 279 67 ans.

435 343 163 56 Parmi
543 343 145 56 eux,
634 343 108 56 on
688 343 145 56 peut
778 343 163 56 citer
887 343 90 56 :
923 343 181 56 Arbas,
1049 343 199 56 Castro,
1194 343 199 56 Cortot,
1338 343 199 56 Dufour,
1483 343 271 56 umitrienxo,
1682 343 108 56 Gas-

395 388 161 53 taud,
502 388 214 53 Germain,
663 388 196 53 Gillet,
806 388 179 53 Lersy,
931 388 214 53 Lesieur,
1092 388 232 53 Marfaing,
1270 388 250 53 Prassinos,
1467 388 232 53 Soulages,
1627 388 161 53 Thepot,

392 417 253 53 Zanartu,
582 417 148 53 Zao
666 417 148 53 Wou
730 417 106 53 Ki.

432 469 207 41 Environ
583 469 132 41 une
658 469 226 41 centaine
828 469 283 41 d’artistes,
1054 469 226 41 auxquels
1224 469 245 41 viendront
1412 469 113 41 se
1469 469 207 41 joindre
1619 469 151 41 dans
1695 469 94 41 une

397 504 184 44 section
531 504 201 44 spéciale
682 504 168 44 trente
800 504 201 44 peintres
951 504 218 44 polonais,
1118 504 184 44 invités
1252 504 117 44 par
1319 504 184 44 l’Ecole
1454 504 101 44 de
1504 504 151 44 Paris
1605 504 101 44 et
1638 504 151 44 choisis

397 543 128 48 par
470 543 128 48 les
543 543 238 48 autorités
726 543 275 48 compétentes
946 543 110 48 de
1001 543 110 48 la
1056 543 256 48 République
1258 543 238 48 Populaire
1441 543 110 48 de
1496 543 220 48 Pologne,
1661 543 110 48 et
1697 543 92 48 qui

393 579 305 47 apporteront
636 579 183 47 aussi
758 579 122 47 le
819 579 284 47 témoignage
1042 579 142 47 des
1124 579 284 47 recherches
1347 579 122 47 de
1408 579 162 47 leur
1489 579 142 47 pays.

432 618 113 45 Le
489 618 245 45 catalogue
677 618 151 45 sera
772 618 207 45 préfacé
922 618 132 45 par
998 618 132 45 MM.
1073 618 207 45 Raymond
1224 618 207 45 Nacenta
1375 618 113 45 et
1432 618 207 45 Jacques
1564 618 226 45 Lassaigne,

396 662 177 39 etpour
520 662 106 39 la
573 662 194 39 section
714 662 230 39 polonaise
891 662 124 39 par
961 662 106 39 M.
1014 662 230 39 Zulawski,
1191 662 247 39 Conseiller
1385 662 212 39 Culturel
1544 662 88 39 à
1562 662 230 39 l’Ambassade

395 691 118 45 de
454 691 118 45 la
513 691 276 45 République
730 691 256 45 Populaire
927 691 118 45 de
986 691 217 45 Pologne
1144 691 98 45 à
1163 691 158 45 Paris.

843 749 278 62 GALERIE
1020 749 329 62 CHARPENTIER

568 794 138 64 76,
647 794 511 64 Faubourg-Saint-Honoré,
1099 794 177 64 PARIS
1217 794 157 64 (8e)
1315 794 98 64 —
1354 794 157 64 Anj.
1433 794 157 64 92

730 871 260 52 Exposition
935 871 93 52 à
972 871 186 52 partir
1102 871 111 52 du
1157 871 111 52 12
1213 871 204 52 octobre
1343 871 130 52 1961.

550 910 254 53 Vernissage
749 910 109 53 le
804 910 163 53 jeudi
913 910 109 53 12
967 910 199 53 octobre
1112 910 91 53 à
1148 910 109 53 16
1203 910 181 53 heures
1330 910 145 53 (sur
1402 910 254 53 invitation).

395 945 141 56 Tous
484 945 124 56 les
554 945 177 56 jours,
678 945 141 56 sauf
766 945 106 56 le
819 945 177 56 lundi,
943 945 106 56 de
996 945 106 56 10
1049 945 88 56 h
1084 945 106 56 30
1137 945 88 56 à
1173 945 106 56 12
1226 945 88 56 h
1261 945 106 56 30
1314 945 106 56 et
1367 945 106 56 de
1420 945 106 56 13
1473 945 88 56 h
1508 945 106 56 30
1561 945 88 56 à
1597 945 106 56 18
1632 945 159 56 heures.

504 990 149 68 Prix
598 990 243 68 d’entrée:
785 990 93 68 5
822 990 112 68 NF
878 990 112 68 et
934 990 93 68 1
971 990 112 68 NF
1027 990 149 68 pour
1121 990 131 68 les
1196 990 243 68 étudiants
1382 990 112 68 et
1438 990 131 68 les
1494 990 206 68 artistes.

609 1334 225 79 <b>LES
767 1334 225 79 JEUNES
925 1334 135 79 DU
992 1334 270 79 RÉALISME
1195 1334 158 79 NON
1262 1334 338 79 FIGURATIE</b>

432 1421 153 58 Dans
528 1421 115 58 le
585 1421 172 58 cadre
700 1421 134 58 des
777 1421 345 58 manifestations
1064 1421 211 58 annexes
1217 1421 115 58 de
1275 1421 115 58 la
1332 1421 230 58 Biennale
1505 1421 115 58 de
1562 1421 172 58 Paris
1658 1421 134 58 1961,

394 1469 158 43 nous
493 1469 197 43 tenons
631 1469 99 43 à
670 1469 256 43 présenter
867 1469 158 43 cinq
966 1469 236 43 peintres
1143 1469 118 43 de
1202 1469 177 43 moins
1320 1469 118 43 de
1379 1469 296 43 trente-cinq
1616 1469 158 43 ans,
1695 1469 99 43 qui

394 1500 246 43 défendent
583 1500 359 43 authentiquement
886 1500 170 43 cette
999 1500 227 43 tendance
1169 1500 113 43 de
1226 1500 340 43 l’abstraction,
1509 1500 113 43 où
1566 1500 113 43 la
1604 1500 189 43 peinture

394 1546 173 41 n’est
509 1546 153 41 plus
605 1546 268 41 considérée
816 1546 173 41 comme
930 1546 134 41 une
1007 1546 249 41 invention
1199 1546 230 41 méconnue
1371 1546 115 41 ou
1429 1546 230 41 gratuite
1601 1546 115 41 de
1640 1546 153 41 formes

393 1578 114 43 et
450 1578 114 43 de
507 1578 246 43 couleurs,
696 1578 151 43 mais
791 1578 170 43 comme
904 1578 133 43 une
980 1578 341 43 représentation
1264 1578 114 43 de
1321 1578 114 43 la
1378 1578 189 43 nature
1510 1578 246 43 sensible,
1680 1578 114 43 plus

393 1622 290 43 essentielle
625 1622 135 43 que
702 1622 116 43 la
741 1622 251 43 figuration.

431 1643 271 77 Benanteur,
644 1643 213 77 Coulot,
799 1643 232 77 Fagniez,
973 1643 271 77 Franchini,
1166 1643 194 77 Olivier.

826 1718 279 65 GALERIE
1029 1718 254 65 PIERRE
1181 1718 178 65 DOMEC

675 1759 125 51 33,
746 1759 125 51 rue
818 1759 320 51 Saint-Placide,
1084 1759 160 51 Paris
1191 1759 142 51 (6e)
1280 1759 89 51 —
1316 1759 142 51 LIT.
1387 1759 142 51 34

663 1802 263 51 Exposition
870 1802 113 51 du
926 1802 113 51 27
983 1802 244 51 septembre
1170 1802 113 51 au
1227 1802 113 51 21
1283 1802 207 51 octobre
1415 1802 131 51 1961.

631 1839 270 66 Vernissage
843 1839 116 66 le
901 1839 231 66 mercredi
1074 1839 116 66 27
1132 1839 251 66 septembre
1324 1839 96 66 à
1363 1839 116 66 18
1402 1839 173 66 heures.

395 1912 140 57 Tous
483 1912 123 57 les
553 1912 175 57 jours,
676 1912 140 57 sauf
764 1912 105 57 le
816 1912 210 57 dimanche
974 1912 105 57 et
1027 1912 105 57 le
1079 1912 158 57 lundi
1184 1912 175 57 matin,
1307 1912 105 57 de
1360 1912 105 57 10
1412 1912 175 57 heures
1535 1912 88 57 à
1570 1912 105 57 12
1623 1912 175 57 heures
1728 1912 70 57 et

844 1968 128 55 de
908 1968 128 55 14
971 1968 106 55 h
1014 1968 128 55 30
1078 1968 106 55 à
1120 1968 128 55 19
1163 1968 191 55 heures.

445 2108 102 60 144
