1843 2197
1495 2 276 56 <b>SUISSE</b>

396 447 297 62 Commissaire
634 447 237 62 Général:
812 447 139 62 Luc
871 447 198 62 Bischoff

398 469 194 72 Attaché
540 469 212 72 Culturel
699 469 141 72 près
787 469 265 72 l’Ambassade
999 469 106 72 de
1052 469 177 72 Suisse
1176 469 88 72 à
1194 469 141 72 Paris.

239 754 123 83 La
301 754 288 83 commission
528 754 247 83 fédérale
713 754 144 83 des
795 754 288 83 Beaux-Arts
1022 754 103 83 a
1063 754 206 83 décidé
1207 754 144 83 que
1289 754 123 83 la
1351 754 206 83 Suisse
1474 754 165 83 serait

205 818 276 70 représentée
426 818 92 70 à
462 818 110 70 la
518 818 221 70 Biennale
683 818 129 70 des
757 818 184 70 jeunes
886 818 221 70 artistes
1052 818 129 70 par
1125 818 110 70 un
1181 818 147 70 seul
1273 818 221 70 peintre:
1438 818 147 70 Jean
1512 818 129 70 Baier

206 880 117 55 né
264 880 97 55 à
303 880 195 55 Genève
439 880 117 55 en
497 880 175 55 1932.
614 880 156 55 Cela
711 880 156 55 pour
809 880 136 55 des
887 880 214 55 raisons
1023 880 311 55 particulières.

241 930 151 66 Jean
336 930 170 66 Baier
449 930 265 66 représente
657 930 113 66 du
714 930 151 66 même
808 930 151 66 coup
903 930 132 66 une
978 930 265 66 génération
1186 930 227 66 nouvelle
1356 930 113 66 de
1413 930 113 66 la
1451 930 189 66 peinture

208 976 191 68 suisse
342 976 115 68 (à
399 976 229 68 laquelle
571 976 325 68 appartiennent
838 976 172 68 aussi
953 976 153 68 Karl
1048 976 248 68 Gerstner,
1239 976 191 68 Marcel
1373 976 172 68 Wyss,
1468 976 172 68 Andreas

208 1016 223 75 Christen
376 1016 112 75 et
432 1016 168 75 Diter
544 1016 168 75 Rot).
655 1016 168 75 Cette
767 1016 261 75 génération
972 1016 223 75 continue
1139 1016 112 75 le
1195 1016 205 75 travail
1344 1016 149 75 d’un
1437 1016 186 75 groupe
1549 1016 93 75 qui

210 1078 159 57 s’est
316 1078 159 57 formé
423 1078 142 57 vers
511 1078 106 57 la
564 1078 124 57 fin
635 1078 106 57 de
688 1078 106 57 la
741 1078 195 57 guerre:
882 1078 124 57 les
953 1078 212 57 Concrets
1112 1078 248 57 zurichois.
1307 1078 106 57 On
1360 1078 142 57 peut
1431 1078 212 57 considérer

208 1122 216 64 ceux-ci
366 1122 177 64 comme
484 1122 138 64 une
563 1122 236 64 tendance
740 1122 276 64 proprement
956 1122 118 64 et
1015 1122 295 64 typiquement
1251 1122 216 64 suisse,
1409 1122 177 64 voire
1507 1122 138 64 zuri-

209 1168 203 74 choise,
356 1168 147 74 dans
448 1168 166 74 l’art
558 1168 331 74 d’aujourd’hui.
835 1168 110 74 Ce
890 1168 129 74 qui
964 1168 129 74 les
1037 1168 258 74 distingue,
1240 1168 184 74 c’est,
1369 1168 166 74 d’une
1479 1168 166 74 part,
1571 1168 74 74 la

211 1226 189 72 pensée
343 1226 302 72 mathématique
589 1226 113 72 et
646 1226 113 72 de
702 1226 227 72 l’autre,
872 1226 132 72 une
948 1226 246 72 structure
1137 1226 283 72 géométrique
1364 1226 170 72 comme
1458 1226 189 72 principe

212 1285 239 55 créateur.
396 1285 147 55 Leur
487 1285 166 55 œuvre
598 1285 221 55 continue
763 1285 276 55 logiquement
984 1285 110 55 le
1039 1285 202 55 travail
1186 1285 110 55 de
1241 1285 221 55 pionnier
1407 1285 110 55 de
1444 1285 202 55 Mondrian,

209 1332 129 59 de
274 1332 367 59 Vantongerloo,
576 1332 129 59 de
619 1332 151 59 Klee.

251 1370 268 68 Longtemps,
462 1370 134 68 les
538 1370 230 68 Concrets
711 1370 249 68 zurichois
902 1370 192 68 furent
1036 1370 211 68 presque
1189 1370 172 68 seuls
1304 1370 96 68 à
1343 1370 192 68 tenter
1457 1370 192 68 d’intro-

214 1421 170 71 duire
327 1421 189 71 clarté
459 1421 113 71 et
516 1421 226 71 harmonie
686 1421 151 71 dans
780 1421 113 71 la
837 1421 264 71 conception
1044 1421 113 71 et
1101 1421 151 71 dans
1195 1421 340 71 l’organisation
1478 1421 113 71 de
1516 1421 132 71 leurs

214 1471 214 72 œuvres.
369 1471 117 72 La
427 1471 194 72 Suisse
563 1471 136 72 n’a
641 1471 136 72 pas
719 1471 136 72 été
797 1471 233 72 épargnée
972 1471 136 72 par
1049 1471 117 72 la
1108 1471 175 72 marée
1224 1471 233 72 montante
1399 1471 117 72 de
1438 1471 214 72 l’expres-

216 1520 243 81 sionnisme
403 1520 355 81 d’après-guerre,
701 1520 112 81 du
757 1520 243 81 tachisme,
944 1520 112 81 du
1000 1520 317 81 néo-dadaïsme,
1261 1520 131 81 qui
1336 1520 224 81 allèrent
1485 1520 168 81 jusqu’à

215 1569 158 76 vider
321 1569 105 76 la
373 1569 245 76 production
566 1569 245 76 artistique
759 1569 105 76 de
811 1569 140 76 tout
899 1569 193 76 contenu
1039 1569 280 76 intellectuel
1267 1569 105 76 et
1319 1569 245 76 spirituel.
1512 1569 105 76 En
1547 1569 105 76 même

214 1626 187 67 temps,
345 1626 280 67 l’influence
570 1626 131 67 des
644 1626 224 67 théories
813 1626 112 67 de
869 1626 168 67 l’art
981 1626 206 67 concret
1130 1626 262 67 s’étendait
1336 1626 150 67 bien
1430 1626 206 67 au-delà
1561 1626 93 67 des

217 1688 255 61 frontières
417 1688 218 61 suisses.
581 1688 109 61 En
635 1688 200 61 Italie,
781 1688 109 61 en
835 1688 218 61 Amérique
999 1688 109 61 du
1054 1688 146 61 Sud,
1145 1688 109 61 en
1199 1688 273 61 Angleterre,
1418 1688 109 61 en
1454 1688 200 61 Belgique,

217 1722 120 70 en
277 1722 280 70 Allemagne,
497 1722 140 70 aux
577 1722 260 70 Pays-Bas,
777 1722 120 70 en
837 1722 320 70 Scandinavie,
1097 1722 120 70 et
1157 1722 160 70 même
1257 1722 120 70 en
1317 1722 220 70 France,
1457 1722 200 70 pourtant

219 1779 323 62 commercialisée
488 1779 108 62 et
542 1779 323 62 commercialiste
812 1779 108 62 en
866 1779 198 62 matière
1009 1779 269 62 artistique,
1225 1779 108 62 se
1279 1779 216 62 créaient
1440 1779 126 62 des
1494 1779 162 62 groupes

219 1830 115 58 de
276 1830 192 58 jeunes
411 1830 230 58 peintres
583 1830 115 58 et
641 1830 288 58 sculpteurs,
871 1830 134 58 qui
948 1830 153 58 tous
1043 1830 288 58 cherchaient
1273 1830 96 58 à
1312 1830 230 58 dépasser
1484 1830 115 58 le
1523 1830 134 58 point

219 1874 276 67 qu’avaient
436 1874 118 67 pu
495 1874 256 67 atteindre
692 1874 138 67 les
771 1874 237 67 artistes
949 1874 118 67 du
1008 1874 197 67 groupe
1146 1874 473 67 Abstraction-Création
1540 1874 118 67 dans

222 1946 135 66 les
299 1946 193 66 années
415 1946 135 66 1930.
