1833 2197
178 128 329 53 l’académisme,
448 128 116 53 le
506 128 290 53 naturalisme
739 128 116 53 et
797 128 116 53 le
855 128 290 53 formalisme,
1087 128 135 53 les
1164 128 193 53 jeunes
1300 128 232 53 artistes
1454 128 155 53 créent

178 179 134 60 des
254 179 191 60 œuvres
388 179 134 60 qui
464 179 210 60 puisent
617 179 153 60 leur
712 179 286 60 inspiration
941 179 153 60 dans
1037 179 114 60 la
1094 179 229 60 réalité.
1266 179 172 60 Leurs
1380 179 191 60 succès
1495 179 114 60 sont

178 224 130 54 dus
253 224 93 54 à
290 224 111 54 la
345 224 315 54 compréhension
605 224 223 54 directe,
772 224 241 54 profonde,
958 224 111 54 de
1013 224 111 54 la
1069 224 204 54 réalité
1217 224 334 54 contemporaine,
1477 224 130 54 ainsi

177 269 149 66 qu’à
270 269 112 66 la
326 269 260 66 conscience
531 269 130 66 que
605 269 167 66 l’art
717 269 149 66 doit
810 269 149 66 être
903 269 130 66 mis
977 269 112 66 au
1033 269 205 66 service
1182 269 112 66 du
1238 269 205 66 progrès
1387 269 205 66 social.
1517 269 93 66 Les

178 334 226 57 lauréats
348 334 132 57 des
423 334 283 57 expositions
649 334 113 57 et
706 334 245 57 festivals
894 334 339 57 internationaux
1177 334 283 57 appartenant
1403 334 94 57 à
1440 334 113 57 la
1478 334 132 57 jeune

180 383 260 55 génération
385 383 260 55 d’artistes
589 383 223 55 roumains
756 383 130 55 ont
831 383 204 55 souvent
979 383 130 55 été
1054 383 242 55 remarqués
1239 383 130 55 par
1314 383 111 55 le
1369 383 186 55 public
1500 383 111 55 et
1537 383 74 55 la

176 427 201 66 presse
317 427 121 66 de
357 427 261 66 l’étranger.

220 480 163 49 Parmi
328 480 127 49 les
401 480 217 49 artistes
564 480 217 49 roumains
726 480 127 49 qui
799 480 253 49 présentent
998 480 127 49 des
1070 480 181 49 œuvres
1197 480 90 49 à
1233 480 109 49 la
1287 480 217 49 deuxième
1432 480 181 49 Biennale

182 532 334 50 Internationale
461 532 130 50 des
535 532 186 50 jeunes
665 532 223 50 artistes
832 532 93 50 à
869 532 186 50 Paris,
999 532 111 50 il
1054 532 93 50 y
1092 532 93 50 a
1129 532 223 50 quelques
1296 532 278 50 plasticiens
1500 532 111 50 qui,

180 568 145 65 tout
271 568 109 65 en
325 568 164 65 ayant
434 568 91 65 à
471 568 164 65 peine
579 568 200 65 terminé
725 568 127 65 les
798 568 164 65 cours
907 568 109 65 de
961 568 254 65 l’Institut
1161 568 164 65 d’Art
1270 568 254 65 plastique,
1470 568 109 65 se
1506 568 109 65 sont

183 635 147 53 déjà
274 635 202 53 imposés
421 635 92 53 à
458 635 275 53 l’attention
677 635 110 53 du
732 635 183 53 public
861 635 92 53 à
897 635 257 53 l’occasion
1099 635 128 53 des
1172 635 275 53 différentes
1374 635 238 53 expositions

180 681 298 47 organisées,
419 681 159 47 tant
518 681 119 47 en
578 681 239 47 Roumanie
757 681 159 47 qu’à
856 681 298 47 l’étranger.
1095 681 179 47 C’est
1214 681 119 47 le
1274 681 139 47 cas
1353 681 139 47 des
1413 681 199 47 graveurs

181 729 226 61 Cornelia
351 729 170 61 Danet
464 729 113 61 et
520 729 188 61 Traian
652 729 207 61 Vassai,
803 729 245 61 remarqués
991 729 113 61 au
1048 729 170 61 cours
1161 729 113 61 de
1217 729 245 61 certaines
1387 729 226 61 manifesta-

180 764 164 70 tions
289 764 363 70 internationales.
598 764 109 70 La
652 764 200 70 gravure
798 764 236 70 intitulée
979 764 91 70 «
1016 764 109 70 La
1070 764 145 70 Paix
1161 764 91 70 »
1197 764 109 70 et
1252 764 182 70 signée
1379 764 127 70 par
1433 764 182 70 Cornelia

185 833 172 48 Danet
299 833 95 48 a
337 833 133 48 été
414 833 153 48 mise
509 833 114 48 en
566 833 229 48 évidence
738 833 114 48 et
795 833 267 48 considérée
1005 833 172 48 comme
1119 833 133 48 une
1196 833 133 48 des
1272 833 153 48 plus
1348 833 267 48 remarquables

182 869 191 65 œuvres
316 869 211 65 dédiées
469 869 96 65 à
507 869 115 65 ce
565 869 191 65 sujet.
699 869 230 65 D’autres
871 869 249 65 artistes,
1063 869 134 65 les
1139 869 230 65 peintres
1312 869 172 65 Sabin
1427 869 191 65 Balasa
1541 869 77 65 et

183 932 271 59 Constantin
396 932 232 59 Blendea,
570 932 136 59 par
648 932 232 59 exemple,
822 932 136 59 ont
899 932 232 59 remporté
1074 932 194 59 divers
1209 932 155 59 prix
1306 932 97 59 à
1345 932 271 59 l’occasion
1539 932 77 59 de

184 988 220 53 certains
349 988 239 53 festivals
533 988 331 53 internationaux
808 988 110 53 de
863 988 110 53 la
900 988 202 53 jeunesse.

223 1024 122 65 Lia
292 1024 174 65 Szasz,
414 1024 122 65 qui
484 1024 157 65 s’est
589 1024 209 65 affirmée
745 1024 139 65 dans
833 1024 105 65 le
885 1024 192 65 domaine
1024 1024 105 65 du
1077 1024 209 65 portrait
1234 1024 105 65 et
1286 1024 105 65 de
1338 1024 105 65 la
1373 1024 244 65 composition,

185 1068 127 63 est
257 1068 199 63 attirée
402 1068 109 63 en
456 1068 145 63 même
547 1068 163 63 temps
656 1068 127 63 par
728 1068 109 63 la
782 1068 217 63 fresque,
945 1068 163 63 genre
1054 1068 145 63 dans
1144 1068 181 63 lequel
1271 1068 145 63 elle
1362 1068 91 63 a
1398 1068 145 63 déjà
1470 1068 145 63 obtenu

185 1138 106 50 de
238 1138 159 50 beaux
345 1138 248 50 résultats.
539 1138 124 50 Ion
610 1138 195 50 Nicodim
751 1138 124 50 est
822 1138 106 50 un
875 1138 195 50 artiste
1017 1138 301 50 multilatéral;
1264 1138 195 50 peintre
1406 1138 106 50 et
1441 1138 177 50 graveur,

185 1176 110 62 il
240 1176 110 62 se
295 1176 239 62 préoccupe
478 1176 257 62 également,
680 1176 147 62 dans
772 1176 128 62 une
845 1176 184 62 mesure
974 1176 220 62 toujours
1139 1176 275 62 croissante,
1359 1176 110 62 de
1396 1176 220 62 décoration

164 1235 184 56 murale.

222 1274 113 76 Le
279 1274 245 76 sculpteur
467 1274 189 76 Victor
599 1274 189 76 Roman,
731 1274 132 76 qui
807 1274 170 76 vient
920 1274 113 76 de
977 1274 170 76 finir
1090 1274 132 76 ses
1165 1274 189 76 études
1297 1274 151 76 dans
1392 1274 113 76 le
1448 1274 170 76 cadre
1543 1274 75 76 de

185 1324 242 72 l’Institut
375 1324 155 72 d’Art
478 1324 242 72 Plastique,
668 1324 86 72 a
703 1324 173 72 exposé
824 1324 138 72 pour
910 1324 104 72 la
962 1324 207 72 première
1117 1324 138 72 fois
1204 1324 121 72 ses
1273 1324 173 72 œuvres
1394 1324 86 72 à
1411 1324 207 72 l’occasion

185 1378 159 64 d’une
292 1378 248 64 exposition
486 1378 195 64 ouverte
628 1378 89 64 à
664 1378 213 64 Bucarest
823 1378 195 64 pendant
965 1378 177 64 l’été.
1089 1378 106 64 Il
1142 1378 159 64 s’est
1248 1378 142 64 fait
1337 1378 230 64 remarquer
1496 1378 124 64 grâce

182 1441 141 65 aux
262 1441 241 65 qualités
443 1441 281 65 plastiques
664 1441 121 65 de
725 1441 141 65 ses
785 1441 181 65 œuvres.

220 1487 154 50 Tout
316 1487 115 50 en
373 1487 173 50 étant
489 1487 192 50 encore
623 1487 96 50 à
662 1487 173 50 l’âge
777 1487 134 50 des
854 1487 327 50 tâtonnements,
1123 1487 134 50 les
1199 1487 192 50 jeunes
1334 1487 231 50 artistes
1507 1487 115 50 de
1545 1487 77 50 la

188 1525 268 71 République
398 1525 249 71 Populaire
590 1525 230 71 Roumaine
762 1525 115 71 se
820 1525 287 71 distinguent
1050 1525 134 71 par
1126 1525 115 71 le
1184 1525 230 71 contenu,
1356 1525 115 71 la
1413 1525 211 71 variété
1547 1525 77 71 et

186 1584 312 75 l’originalité
443 1584 110 75 de
498 1584 147 75 leur
571 1584 202 75 création.

1444 2096 102 57 101
