1875 2207
1416 7 336 75 <b>TURQUIE</b>

371 449 263 62 Commissaire
582 449 211 62 Général:
740 449 263 62 <b>Nurullah
933 449 158 62 Berk<b>

373 490 249 64 Professeur
569 490 89 64 à
604 490 249 64 l’Académie
799 490 124 64 des
871 490 249 64 Beaux-Arts
1048 490 231 64 d’Istanbul.

210 772 117 77 Il
268 772 117 77 ne
326 772 156 77 faut
424 772 136 77 pas
502 772 195 77 croire
638 772 136 77 que
716 772 136 77 les
794 772 351 77 préoccupations
1086 772 136 77 non
1164 772 292 77 figuratives
1398 772 136 77 des
1456 772 156 77 jeunes

181 837 226 60 artistes
351 837 189 60 turcs,
483 837 151 60 dont
577 837 151 60 nous
671 837 264 60 présentons
879 837 283 60 aujourd’hui
1105 837 113 60 un
1162 837 207 60 nouveau
1312 837 207 60 groupe,
1444 837 170 60 découle

181 886 283 55 uniquement
403 886 121 55 de
463 886 121 55 la
524 886 262 55 puissance
726 886 121 55 de
786 886 283 55 conviction
1008 886 141 55 des
1089 886 242 55 courants
1271 886 323 55 occidentaux.
1513 886 101 55 Car

183 921 159 72 c’est
289 921 124 72 une
360 921 177 72 vérité
484 921 124 72 que
555 921 265 72 l’Oriental,
767 921 141 72 dans
855 921 106 72 ce
908 921 194 72 domaine
1049 921 230 72 poétique,
1226 921 247 72 littéraire
1421 921 106 72 et
1456 921 159 72 surtout

184 981 256 61 plastique,
385 981 165 61 pense
477 981 201 61 abstrait.

215 1023 111 63 Ce
270 1023 166 63 n’est
381 1023 129 63 pas
454 1023 148 63 pour
546 1023 148 63 rien
639 1023 129 63 que
712 1023 129 63 les
786 1023 295 63 glossateurs,
1026 1023 184 63 jadis,
1155 1023 203 63 avaient
1303 1023 184 63 défini
1432 1023 111 63 la
1468 1023 148 63 repré-

182 1074 262 51 sentation
384 1074 222 51 humaine
545 1074 182 51 comme
666 1074 121 51 un
727 1074 161 51 défi
828 1074 121 51 au
888 1074 262 51 créateur.
1090 1074 242 51 «Dessine
1272 1074 141 51 des
1332 1074 283 51 personnages,

183 1114 168 56 avait
295 1114 130 56 dit
370 1114 242 56 Ibn-Abbas
556 1114 93 56 à
593 1114 112 56 un
649 1114 168 56 jeune
761 1114 205 56 peintre
910 1114 224 56 iranien,
1078 1114 149 56 mais
1171 1114 149 56 vois
1264 1114 186 56 qu’ils
1376 1114 242 56 ressemblent

184 1168 96 49 à
222 1168 134 49 des
299 1168 210 49 fleurs.
451 1168 96 49 »
490 1168 134 49 Les
566 1168 191 49 gloses
700 1168 134 49 ont
776 1168 248 49 forcément
967 1168 210 49 conduit
1120 1168 172 49 l’art
1235 1168 134 49 des
1311 1168 153 49 pays
1388 1168 229 49 islamiques

185 1206 93 60 à
223 1206 316 60 l’éloignement
483 1206 112 60 de
539 1206 112 60 la
595 1206 260 60 figuration
799 1206 242 60 intégrale
985 1206 112 60 au
1041 1206 186 60 profit
1171 1206 167 60 d’une
1283 1206 279 60 stylisation
1488 1206 130 60 quasi

185 1266 252 44 abstraite,
383 1266 108 44 où
437 1266 108 44 la
491 1266 180 44 ligne,
617 1266 162 44 selon
725 1266 108 44 la
779 1266 252 44 définition
976 1266 108 44 de
1030 1266 108 44 M.
1084 1266 198 44 Ingres,
1228 1266 180 44 devint
1336 1266 180 44 musique.

217 1291 168 66 C’est
330 1291 112 66 en
386 1291 206 66 pensant
535 1291 94 66 à
573 1291 168 66 cette
685 1291 187 66 vérité
816 1291 112 66 de
872 1291 168 66 l’art
985 1291 112 66 de
1041 1291 243 66 l’Orient,
1228 1291 131 66 que
1303 1291 150 66 nous
1396 1291 150 66 nous
1471 1291 150 66 expli-

187 1340 175 68 quons
303 1340 252 68 l’aisance
497 1340 116 68 et
555 1340 175 68 aussi
672 1340 116 68 la
730 1340 155 68 joie
827 1340 116 68 de
885 1340 116 68 la
944 1340 233 68 peinture
1118 1340 214 68 moderne
1274 1340 214 68 turque,
1429 1340 116 68 de
1468 1340 155 68 manier

185 1388 187 64 lignes
316 1388 112 64 et
372 1388 224 64 couleurs
540 1388 336 64 abstraitement,
820 1388 93 64 «
857 1388 112 64 en
913 1388 168 64 l’air
1025 1388 112 64 »,
1081 1388 168 64 selon
1193 1388 131 64 une
1268 1388 261 64 expression
1473 1388 112 64 de
1510 1388 112 64 chez

189 1429 157 69 nous,
293 1429 122 69 qui
363 1429 192 69 définit
503 1429 140 69 bien
591 1429 105 69 ce
643 1429 192 69 qu’elle
783 1429 140 69 veut
870 1429 157 69 dire:
975 1429 105 69 en
1028 1429 175 69 l’air,
1150 1429 280 69 c’est-à-dire
1377 1429 140 69 dans
1447 1429 175 69 l’espace

187 1489 249 50 abstrait,
378 1489 115 50 en
436 1489 192 50 dehors
570 1489 134 50 des
647 1489 307 50 contingences
896 1489 172 50 ayant
1011 1489 211 50 rapport
1164 1489 153 50 avec
1260 1489 287 50 l’équilibre
1471 1489 153 50 stable

189 1535 101 57 de
240 1535 101 57 la
290 1535 169 57 terre,
408 1535 101 57 où
459 1535 135 57 tout
543 1535 101 57 se
594 1535 185 57 dispose
729 1535 152 57 selon
830 1535 118 57 les
897 1535 135 57 lois
981 1535 101 57 de
1032 1535 101 57 la
1083 1535 253 57 perspective
1285 1535 101 57 et
1335 1535 101 57 de
1386 1535 101 57 la
1420 1535 202 57 pesanteur.

220 1569 114 63 La
277 1569 209 63 Turquie
429 1569 228 63 présente
599 1569 285 63 aujourd’hui
827 1569 95 63 à
865 1569 114 63 la
922 1569 209 63 seconde
1074 1569 228 63 Biennale
1245 1569 133 63 six
1320 1569 190 63 jeunes
1434 1569 190 63 peintres

190 1630 115 53 et
247 1630 153 53 deux
343 1630 287 53 sculpteurs,
573 1630 153 53 dont
668 1630 134 53 les
745 1630 230 53 talents,
917 1630 134 53 qui
994 1630 230 53 semblent
1166 1630 96 53 à
1204 1630 230 53 première
1376 1630 134 53 vue
1434 1630 191 53 modestes

190 1662 117 62 et
248 1662 253 62 réservés,
442 1662 155 62 n’en
539 1662 155 62 sont
636 1662 136 62 pas
714 1662 175 62 moins
831 1662 330 62 authentiques.
1103 1662 175 62 Leurs
1219 1662 233 62 travaux,
1394 1662 155 62 sans
1472 1662 155 62 éclats

189 1713 300 56 fulgurants,
429 1713 240 56 révèlent
608 1713 140 56 une
688 1713 340 56 introspection
968 1713 280 56 absolument
1188 1713 240 56 sincère,
1367 1713 140 56 une
1447 1713 180 56 sorte
1547 1713 80 56 de

190 1765 233 66 timidité,
370 1765 144 66 qui,
459 1765 108 66 si
513 1765 144 66 elle
603 1765 251 66 n’accroche
800 1765 179 66 l’œil,
926 1765 179 66 promet
1052 1765 126 66 des
1123 1765 323 66 développements
1393 1765 179 66 futurs
1500 1765 126 66 imbus

193 1816 114 59 de
231 1816 190 59 probité.

223 1839 152 70 Seul
318 1839 209 70 l’envoi
470 1839 114 70 de
527 1839 209 70 Mustafa
679 1839 190 70 Aslier
812 1839 152 70 fait
907 1839 247 70 exception
1096 1839 152 70 dans
1191 1839 323 70 l’abstraction
1438 1839 190 70 générale

193 1902 118 54 du
252 1902 197 54 groupe
390 1902 177 54 turc,
508 1902 138 54 car
587 1902 118 54 il
646 1902 275 54 représente
862 1902 177 54 cette
980 1902 236 54 tendance
1157 1902 118 54 de
1216 1902 236 54 quelques
1393 1902 236 54 artistes
1550 1902 79 54 de

194 1937 147 77 chez
286 1937 166 77 nous,
396 1937 184 77 jeunes
525 1937 110 77 et
580 1937 184 77 ainés,
709 1937 92 77 à
746 1937 221 77 réaliser
911 1937 110 77 un
967 1937 129 77 art
1040 1937 110 77 où
1095 1937 110 77 le
1151 1937 92 77 «
1187 1937 184 77 parfum
1316 1937 110 77 du
1371 1937 202 77 terroir
1519 1937 110 77 »,
1555 1937 74 77 du

1442 2082 113 76 113
