1818 2207
219 18 227 73 <b>SUISSE</b>

408 108 90 68 A
444 108 108 68 ce
498 108 181 68 groupe
625 108 108 68 de
679 108 181 68 jeunes
805 108 126 68 qui
878 108 253 68 approchent
1076 108 271 68 franchement
1293 108 108 68 et
1347 108 145 68 sans
1438 108 181 68 vaines
1546 108 217 68 subtilités

371 167 125 62 les
442 167 232 62 problèmes
621 167 107 62 de
674 167 107 62 la
728 167 232 62 peinture,
906 167 250 62 appartient
1102 167 143 62 Jean
1191 167 178 62 Baier.
1316 167 125 62 Ses
1388 167 214 62 ouvrages
1548 167 214 62 joignent
1691 167 71 62 la

374 210 184 63 netteté
508 210 218 63 technique
676 210 84 63 à
709 210 100 63 la
759 210 218 63 précision
927 210 100 63 de
977 210 100 63 la
1027 210 167 63 forme.
1144 210 100 63 Il
1195 210 84 63 a
1228 210 117 63 dit
1295 210 100 63 un
1345 210 134 63 jour
1429 210 151 63 qu’il
1530 210 184 63 voulait
1647 210 117 63 faire

373 262 133 71 les
449 262 171 71 Rolls
563 262 114 71 de
620 262 114 71 la
677 262 247 71 peinture.
868 262 152 71 Cela
963 262 228 71 signifie
1134 262 209 71 qualité
1286 262 209 71 maximum
1439 262 152 71 dans
1515 262 247 71 l’exécution

372 326 182 56 comme
493 326 161 56 dans
594 326 121 56 la
654 326 303 56 combinaison
896 326 282 56 d’éléments
1118 326 222 56 connus.
1280 326 121 56 Le
1340 326 242 56 principe
1502 326 262 56 fondamental

374 360 106 64 de
427 360 123 64 MM.
498 360 106 64 C.
550 360 106 64 S.
603 360 158 64 Rolls
709 360 106 64 et
761 360 158 64 Henry
867 360 158 64 Royce
972 360 193 64 n’était
1113 360 106 64 ni
1166 360 106 64 la
1219 360 246 64 nouveauté,
1412 360 106 64 ni
1465 360 106 64 la
1518 360 246 64 sensation,
1694 360 70 64 ni

373 408 109 66 la
427 408 163 66 mode.
536 408 109 66 Il
590 408 109 66 en
644 408 109 66 va
699 408 109 66 de
753 408 145 66 même
843 408 145 66 chez
934 408 145 66 Jean
1024 408 181 66 Baier.
1151 408 109 66 Il
1205 408 127 66 n’a
1278 408 127 66 pas
1350 408 145 66 créé
1440 408 217 66 lui-même
1603 408 145 66 tous
1676 408 90 66 ses

376 459 188 73 moyens
508 459 319 73 d’expression,
770 459 150 73 mais
864 459 113 73 il
920 459 131 73 les
995 459 94 73 a
1033 459 169 73 menés
1145 459 94 73 à
1183 459 131 73 une
1258 459 281 73 combinaison
1483 459 225 73 durable,
1633 459 131 73 d’une

377 512 151 69 haute
478 512 184 69 clarté,
612 512 117 69 qui
679 512 117 69 est
746 512 184 69 typique
880 512 101 69 de
930 512 117 69 son
997 512 134 69 art.
1081 512 184 69 Certes,
1215 512 101 69 il
1265 512 84 69 y
1299 512 84 69 a
1332 512 218 69 également
1500 512 101 69 là
1550 512 117 69 une
1600 512 168 69 attitude

372 581 283 51 typiquement
598 581 207 51 suisse:
749 581 245 51 s’engager
938 581 113 51 en
994 581 188 51 faveur
1126 581 170 51 d’une
1239 581 170 51 chose
1352 581 226 51 valable,
1522 581 113 51 en
1560 581 207 51 acceptant

377 634 104 46 le
429 634 174 46 risque
551 634 174 46 d’être
672 634 157 46 moins
777 634 296 46 sensationnel;
1020 634 243 46 poursuivre
1211 634 122 46 une
1281 634 226 46 tradition
1455 634 139 46 dont
1542 634 104 46 on
1577 634 191 46 reconnait

375 683 111 54 le
431 683 278 54 bien-fondé,
654 683 111 54 en
709 683 241 54 renonçant
895 683 93 54 à
932 683 130 54 une
1006 683 260 54 expression
1210 683 315 54 excessivement
1452 683 315 54 individualiste;

375 721 290 59 expérimenter
610 721 127 59 les
683 721 181 59 forces
809 721 290 59 silencieuses
1045 721 109 59 de
1099 721 272 59 l’harmonie,
1316 721 109 59 en
1371 721 253 59 s’opposant
1570 721 109 59 au
1606 721 163 59 vacarme

374 786 250 57 quotidien.
571 786 161 57 Voilà
678 786 107 57 ce
732 786 125 57 que
803 786 250 57 signifient
1000 786 125 57 les
1071 786 179 57 champs
1196 786 197 57 colorés
1339 786 125 57 que
1411 786 143 57 Jean
1500 786 161 57 Baier
1589 786 179 57 cultive.

1576 1896 137 61 Max
1634 1896 117 61 Bill

836 1953 192 58 Membre
970 1953 115 58 de
1028 1953 115 58 la
1085 1953 269 58 Commission
1296 1953 230 58 Fédérale
1469 1953 134 58 des
1527 1953 249 58 Beaux

421 2110 108 58 108
