<?xml version="1.0" encoding="UTF-8"?>
<alto xmlns:xsi="http://www.w3.org/2001/XMLSchema-instance"
      xmlns="http://www.loc.gov/standards/alto/ns-v2#"
      xmlns:page="http://schema.primaresearch.org/PAGE/gts/pagecontent/2013-07-15"
      xsi:schemaLocation="http://www.loc.gov/standards/alto/ns-v2# http://www.loc.gov/standards/alto/alto.xsd">
   <Description>
      <MeasurementUnit>pixel</MeasurementUnit>
      <OCRProcessing ID="IdOcr">
         <ocrProcessingStep>
            <processingDateTime>2020-07-01T20:53:13.891+02:00</processingDateTime>
            <processingSoftware>
               <softwareCreator>READ COOP</softwareCreator>
               <softwareName>Transkribus</softwareName>
            </processingSoftware>
         </ocrProcessingStep>
      </OCRProcessing>
   </Description>
   <Tags/>
   <Layout>
      <Page ID="Page1" PHYSICAL_IMG_NR="1" HEIGHT="2207" WIDTH="1818">
         <TopMargin HEIGHT="0" WIDTH="1818" VPOS="0" HPOS="0"/>
         <LeftMargin HEIGHT="2207" WIDTH="0" VPOS="0" HPOS="0"/>
         <RightMargin HEIGHT="2207" WIDTH="19" VPOS="0" HPOS="1799"/>
         <BottomMargin HEIGHT="0" WIDTH="1818" VPOS="2207" HPOS="0"/>
         <PrintSpace HEIGHT="2207" WIDTH="1799" VPOS="0" HPOS="0">
            <TextBlock ID="r_1_1" HEIGHT="46" WIDTH="284" VPOS="38" HPOS="292">
               <Shape>
                  <Polygon POINTS="292,38 576,38 576,84 292,84"/>
               </Shape>
               <TextLine ID="tl_1"
                         BASELINE="102"
                         HEIGHT="83"
                         WIDTH="300"
                         VPOS="19"
                         HPOS="283">
                  <String HEIGHT="83"
                          WIDTH="346"
                          VPOS="19"
                          HPOS="237"
                          CONTENT="&lt;b&gt;URUGUAV/b&gt;"/>
               </TextLine>
            </TextBlock>
            <TextBlock ID="r_2_1" HEIGHT="111" WIDTH="752" VPOS="726" HPOS="627">
               <Shape>
                  <Polygon POINTS="627,726 1379,726 1379,837 627,837"/>
               </Shape>
               <TextLine ID="tl_2"
                         BASELINE="772"
                         HEIGHT="54"
                         WIDTH="768"
                         VPOS="718"
                         HPOS="619">
                  <String HEIGHT="54"
                          WIDTH="250"
                          VPOS="718"
                          HPOS="602"
                          CONTENT="Commissaire"/>
                  <SP HEIGHT="54" WIDTH="17" VPOS="718" HPOS="853"/>
                  <String HEIGHT="54"
                          WIDTH="184"
                          VPOS="718"
                          HPOS="803"
                          CONTENT="Général"/>
                  <SP HEIGHT="54" WIDTH="17" VPOS="718" HPOS="986"/>
                  <String HEIGHT="54" WIDTH="83" VPOS="718" HPOS="936" CONTENT=":"/>
                  <SP HEIGHT="54" WIDTH="17" VPOS="718" HPOS="1020"/>
                  <String HEIGHT="54"
                          WIDTH="234"
                          VPOS="718"
                          HPOS="970"
                          CONTENT="&lt;b&gt;Alberto"/>
                  <SP HEIGHT="54" WIDTH="17" VPOS="718" HPOS="1203"/>
                  <String HEIGHT="54"
                          WIDTH="250"
                          VPOS="718"
                          HPOS="1137"
                          CONTENT="Vigouroux&lt;/b&gt;"/>
               </TextLine>
               <TextLine ID="tl_3"
                         BASELINE="805"
                         HEIGHT="44"
                         WIDTH="509"
                         VPOS="761"
                         HPOS="618">
                  <String HEIGHT="44"
                          WIDTH="255"
                          VPOS="761"
                          HPOS="598"
                          CONTENT="Président"/>
                  <SP HEIGHT="44" WIDTH="20" VPOS="761" HPOS="853"/>
                  <String HEIGHT="44" WIDTH="117" VPOS="761" HPOS="794" CONTENT="de"/>
                  <SP HEIGHT="44" WIDTH="20" VPOS="761" HPOS="912"/>
                  <String HEIGHT="44" WIDTH="117" VPOS="761" HPOS="853" CONTENT="la"/>
                  <SP HEIGHT="44" WIDTH="20" VPOS="761" HPOS="970"/>
                  <String HEIGHT="44"
                          WIDTH="235"
                          VPOS="761"
                          HPOS="892"
                          CONTENT="Commission"/>
               </TextLine>
               <TextLine ID="tl_4"
                         BASELINE="851"
                         HEIGHT="56"
                         WIDTH="437"
                         VPOS="795"
                         HPOS="620">
                  <String HEIGHT="56"
                          WIDTH="227"
                          VPOS="795"
                          HPOS="603"
                          CONTENT="Nationale"/>
                  <SP HEIGHT="56" WIDTH="17" VPOS="795" HPOS="830"/>
                  <String HEIGHT="56" WIDTH="122" VPOS="795" HPOS="777" CONTENT="des"/>
                  <SP HEIGHT="56" WIDTH="17" VPOS="795" HPOS="900"/>
                  <String HEIGHT="56"
                          WIDTH="227"
                          VPOS="795"
                          HPOS="830"
                          CONTENT="Beaux"/>
               </TextLine>
            </TextBlock>
            <TextBlock ID="r_3_1" HEIGHT="158" WIDTH="1347" VPOS="1191" HPOS="438">
               <Shape>
                  <Polygon POINTS="438,1191 1785,1191 1785,1349 438,1349"/>
               </Shape>
               <TextLine ID="tl_5"
                         BASELINE="1252"
                         HEIGHT="77"
                         WIDTH="1328"
                         VPOS="1175"
                         HPOS="464">
                  <String HEIGHT="77"
                          WIDTH="230"
                          VPOS="1175"
                          HPOS="446"
                          CONTENT="L’Uruguay"/>
                  <SP HEIGHT="77" WIDTH="18" VPOS="1175" HPOS="676"/>
                  <String HEIGHT="77"
                          WIDTH="159"
                          VPOS="1175"
                          HPOS="623"
                          CONTENT="vient"/>
                  <SP HEIGHT="77" WIDTH="18" VPOS="1175" HPOS="783"/>
                  <String HEIGHT="77"
                          WIDTH="142"
                          VPOS="1175"
                          HPOS="730"
                          CONTENT="pour"/>
                  <SP HEIGHT="77" WIDTH="18" VPOS="1175" HPOS="871"/>
                  <String HEIGHT="77" WIDTH="106" VPOS="1175" HPOS="818" CONTENT="la"/>
                  <SP HEIGHT="77" WIDTH="18" VPOS="1175" HPOS="924"/>
                  <String HEIGHT="77"
                          WIDTH="212"
                          VPOS="1175"
                          HPOS="871"
                          CONTENT="première"/>
                  <SP HEIGHT="77" WIDTH="18" VPOS="1175" HPOS="1084"/>
                  <String HEIGHT="77"
                          WIDTH="142"
                          VPOS="1175"
                          HPOS="1031"
                          CONTENT="fois"/>
                  <SP HEIGHT="77" WIDTH="18" VPOS="1175" HPOS="1172"/>
                  <String HEIGHT="77" WIDTH="89" VPOS="1175" HPOS="1119" CONTENT="à"/>
                  <SP HEIGHT="77" WIDTH="18" VPOS="1175" HPOS="1208"/>
                  <String HEIGHT="77"
                          WIDTH="106"
                          VPOS="1175"
                          HPOS="1155"
                          CONTENT="la"/>
                  <SP HEIGHT="77" WIDTH="18" VPOS="1175" HPOS="1261"/>
                  <String HEIGHT="77"
                          WIDTH="212"
                          VPOS="1175"
                          HPOS="1208"
                          CONTENT="Biennale"/>
                  <SP HEIGHT="77" WIDTH="18" VPOS="1175" HPOS="1420"/>
                  <String HEIGHT="77"
                          WIDTH="106"
                          VPOS="1175"
                          HPOS="1367"
                          CONTENT="de"/>
                  <SP HEIGHT="77" WIDTH="18" VPOS="1175" HPOS="1473"/>
                  <String HEIGHT="77"
                          WIDTH="159"
                          VPOS="1175"
                          HPOS="1420"
                          CONTENT="Paris"/>
                  <SP HEIGHT="77" WIDTH="18" VPOS="1175" HPOS="1580"/>
                  <String HEIGHT="77"
                          WIDTH="142"
                          VPOS="1175"
                          HPOS="1526"
                          CONTENT="pour"/>
                  <SP HEIGHT="77" WIDTH="18" VPOS="1175" HPOS="1668"/>
                  <String HEIGHT="77"
                          WIDTH="195"
                          VPOS="1175"
                          HPOS="1597"
                          CONTENT="présenter"/>
               </TextLine>
               <TextLine ID="tl_6"
                         BASELINE="1295"
                         HEIGHT="62"
                         WIDTH="1362"
                         VPOS="1233"
                         HPOS="431">
                  <String HEIGHT="62"
                          WIDTH="200"
                          VPOS="1233"
                          HPOS="413"
                          CONTENT="l’œuvre"/>
                  <SP HEIGHT="62" WIDTH="18" VPOS="1233" HPOS="613"/>
                  <String HEIGHT="62" WIDTH="109" VPOS="1233" HPOS="558" CONTENT="de"/>
                  <SP HEIGHT="62" WIDTH="18" VPOS="1233" HPOS="667"/>
                  <String HEIGHT="62"
                          WIDTH="145"
                          VPOS="1233"
                          HPOS="613"
                          CONTENT="deux"/>
                  <SP HEIGHT="62" WIDTH="18" VPOS="1233" HPOS="758"/>
                  <String HEIGHT="62" WIDTH="109" VPOS="1233" HPOS="703" CONTENT="de"/>
                  <SP HEIGHT="62" WIDTH="18" VPOS="1233" HPOS="812"/>
                  <String HEIGHT="62"
                          WIDTH="127"
                          VPOS="1233"
                          HPOS="758"
                          CONTENT="ses"/>
                  <SP HEIGHT="62" WIDTH="18" VPOS="1233" HPOS="885"/>
                  <String HEIGHT="62"
                          WIDTH="218"
                          VPOS="1233"
                          HPOS="831"
                          CONTENT="artistes"/>
                  <SP HEIGHT="62" WIDTH="18" VPOS="1233" HPOS="1048"/>
                  <String HEIGHT="62"
                          WIDTH="127"
                          VPOS="1233"
                          HPOS="994"
                          CONTENT="les"/>
                  <SP HEIGHT="62" WIDTH="18" VPOS="1233" HPOS="1121"/>
                  <String HEIGHT="62"
                          WIDTH="145"
                          VPOS="1233"
                          HPOS="1067"
                          CONTENT="plus"/>
                  <SP HEIGHT="62" WIDTH="18" VPOS="1233" HPOS="1212"/>
                  <String HEIGHT="62"
                          WIDTH="163"
                          VPOS="1233"
                          HPOS="1157"
                          CONTENT="doués"/>
                  <SP HEIGHT="62" WIDTH="18" VPOS="1233" HPOS="1321"/>
                  <String HEIGHT="62"
                          WIDTH="109"
                          VPOS="1233"
                          HPOS="1266"
                          CONTENT="de"/>
                  <SP HEIGHT="62" WIDTH="18" VPOS="1233" HPOS="1375"/>
                  <String HEIGHT="62"
                          WIDTH="109"
                          VPOS="1233"
                          HPOS="1321"
                          CONTENT="la"/>
                  <SP HEIGHT="62" WIDTH="18" VPOS="1233" HPOS="1430"/>
                  <String HEIGHT="62"
                          WIDTH="218"
                          VPOS="1233"
                          HPOS="1375"
                          CONTENT="dernière"/>
                  <SP HEIGHT="62" WIDTH="18" VPOS="1233" HPOS="1593"/>
                  <String HEIGHT="62"
                          WIDTH="254"
                          VPOS="1233"
                          HPOS="1539"
                          CONTENT="promotion,"/>
                  <SP HEIGHT="62" WIDTH="18" VPOS="1233" HPOS="1793"/>
                  <String HEIGHT="62" WIDTH="73" VPOS="1233" HPOS="1720" CONTENT="le"/>
               </TextLine>
               <TextLine ID="tl_7"
                         BASELINE="1361"
                         HEIGHT="73"
                         WIDTH="980"
                         VPOS="1288"
                         HPOS="432">
                  <String HEIGHT="73"
                          WIDTH="207"
                          VPOS="1288"
                          HPOS="413"
                          CONTENT="peintre"/>
                  <SP HEIGHT="73" WIDTH="19" VPOS="1288" HPOS="620"/>
                  <String HEIGHT="73"
                          WIDTH="151"
                          VPOS="1288"
                          HPOS="564"
                          CONTENT="José"/>
                  <SP HEIGHT="73" WIDTH="19" VPOS="1288" HPOS="715"/>
                  <String HEIGHT="73"
                          WIDTH="207"
                          VPOS="1288"
                          HPOS="658"
                          CONTENT="Gamarra"/>
                  <SP HEIGHT="73" WIDTH="19" VPOS="1288" HPOS="865"/>
                  <String HEIGHT="73" WIDTH="113" VPOS="1288" HPOS="809" CONTENT="et"/>
                  <SP HEIGHT="73" WIDTH="19" VPOS="1288" HPOS="922"/>
                  <String HEIGHT="73" WIDTH="113" VPOS="1288" HPOS="865" CONTENT="le"/>
                  <SP HEIGHT="73" WIDTH="19" VPOS="1288" HPOS="979"/>
                  <String HEIGHT="73"
                          WIDTH="207"
                          VPOS="1288"
                          HPOS="922"
                          CONTENT="graveur"/>
                  <SP HEIGHT="73" WIDTH="19" VPOS="1288" HPOS="1129"/>
                  <String HEIGHT="73"
                          WIDTH="188"
                          VPOS="1288"
                          HPOS="1073"
                          CONTENT="Glauco"/>
                  <SP HEIGHT="73" WIDTH="19" VPOS="1288" HPOS="1261"/>
                  <String HEIGHT="73"
                          WIDTH="226"
                          VPOS="1288"
                          HPOS="1186"
                          CONTENT="Capozzoli."/>
               </TextLine>
            </TextBlock>
            <TextBlock ID="r_3_2" HEIGHT="154" WIDTH="1346" VPOS="1345" HPOS="441">
               <Shape>
                  <Polygon POINTS="441,1345 1787,1345 1787,1499 441,1499"/>
               </Shape>
               <TextLine ID="tl_8"
                         BASELINE="1390"
                         HEIGHT="61"
                         WIDTH="1330"
                         VPOS="1329"
                         HPOS="462">
                  <String HEIGHT="61"
                          WIDTH="154"
                          VPOS="1329"
                          HPOS="443"
                          CONTENT="Tous"/>
                  <SP HEIGHT="61" WIDTH="19" VPOS="1329" HPOS="597"/>
                  <String HEIGHT="61"
                          WIDTH="154"
                          VPOS="1329"
                          HPOS="539"
                          CONTENT="deux"/>
                  <SP HEIGHT="61" WIDTH="19" VPOS="1329" HPOS="693"/>
                  <String HEIGHT="61"
                          WIDTH="135"
                          VPOS="1329"
                          HPOS="635"
                          CONTENT="ont"/>
                  <SP HEIGHT="61" WIDTH="19" VPOS="1329" HPOS="770"/>
                  <String HEIGHT="61"
                          WIDTH="135"
                          VPOS="1329"
                          HPOS="713"
                          CONTENT="été"/>
                  <SP HEIGHT="61" WIDTH="19" VPOS="1329" HPOS="848"/>
                  <String HEIGHT="61"
                          WIDTH="135"
                          VPOS="1329"
                          HPOS="790"
                          CONTENT="les"/>
                  <SP HEIGHT="61" WIDTH="19" VPOS="1329" HPOS="925"/>
                  <String HEIGHT="61"
                          WIDTH="231"
                          VPOS="1329"
                          HPOS="867"
                          CONTENT="lauréats"/>
                  <SP HEIGHT="61" WIDTH="19" VPOS="1329" HPOS="1098"/>
                  <String HEIGHT="61"
                          WIDTH="116"
                          VPOS="1329"
                          HPOS="1040"
                          CONTENT="du"/>
                  <SP HEIGHT="61" WIDTH="19" VPOS="1329" HPOS="1156"/>
                  <String HEIGHT="61"
                          WIDTH="231"
                          VPOS="1329"
                          HPOS="1098"
                          CONTENT="concours"/>
                  <SP HEIGHT="61" WIDTH="19" VPOS="1329" HPOS="1329"/>
                  <String HEIGHT="61"
                          WIDTH="231"
                          VPOS="1329"
                          HPOS="1272"
                          CONTENT="effectué"/>
                  <SP HEIGHT="61" WIDTH="19" VPOS="1329" HPOS="1503"/>
                  <String HEIGHT="61"
                          WIDTH="135"
                          VPOS="1329"
                          HPOS="1445"
                          CONTENT="par"/>
                  <SP HEIGHT="61" WIDTH="19" VPOS="1329" HPOS="1580"/>
                  <String HEIGHT="61"
                          WIDTH="116"
                          VPOS="1329"
                          HPOS="1522"
                          CONTENT="la"/>
                  <SP HEIGHT="61" WIDTH="19" VPOS="1329" HPOS="1638"/>
                  <String HEIGHT="61"
                          WIDTH="231"
                          VPOS="1329"
                          HPOS="1561"
                          CONTENT="Commission"/>
               </TextLine>
               <TextLine ID="tl_9"
                         BASELINE="1452"
                         HEIGHT="66"
                         WIDTH="1360"
                         VPOS="1386"
                         HPOS="435">
                  <String HEIGHT="66"
                          WIDTH="239"
                          VPOS="1386"
                          HPOS="417"
                          CONTENT="Nationale"/>
                  <SP HEIGHT="66" WIDTH="18" VPOS="1386" HPOS="656"/>
                  <String HEIGHT="66"
                          WIDTH="129"
                          VPOS="1386"
                          HPOS="600"
                          CONTENT="des"/>
                  <SP HEIGHT="66" WIDTH="18" VPOS="1386" HPOS="729"/>
                  <String HEIGHT="66"
                          WIDTH="276"
                          VPOS="1386"
                          HPOS="674"
                          CONTENT="Beaux-Arts,"/>
                  <SP HEIGHT="66" WIDTH="18" VPOS="1386" HPOS="950"/>
                  <String HEIGHT="66"
                          WIDTH="147"
                          VPOS="1386"
                          HPOS="894"
                          CONTENT="pour"/>
                  <SP HEIGHT="66" WIDTH="18" VPOS="1386" HPOS="1041"/>
                  <String HEIGHT="66"
                          WIDTH="294"
                          VPOS="1386"
                          HPOS="986"
                          CONTENT="sélectionner"/>
                  <SP HEIGHT="66" WIDTH="18" VPOS="1386" HPOS="1280"/>
                  <String HEIGHT="66"
                          WIDTH="129"
                          VPOS="1386"
                          HPOS="1225"
                          CONTENT="les"/>
                  <SP HEIGHT="66" WIDTH="18" VPOS="1386" HPOS="1354"/>
                  <String HEIGHT="66"
                          WIDTH="202"
                          VPOS="1386"
                          HPOS="1299"
                          CONTENT="auteurs"/>
                  <SP HEIGHT="66" WIDTH="18" VPOS="1386" HPOS="1501"/>
                  <String HEIGHT="66"
                          WIDTH="221"
                          VPOS="1386"
                          HPOS="1446"
                          CONTENT="destinés"/>
                  <SP HEIGHT="66" WIDTH="18" VPOS="1386" HPOS="1666"/>
                  <String HEIGHT="66" WIDTH="92" VPOS="1386" HPOS="1611" CONTENT="à"/>
                  <SP HEIGHT="66" WIDTH="18" VPOS="1386" HPOS="1703"/>
                  <String HEIGHT="66"
                          WIDTH="165"
                          VPOS="1386"
                          HPOS="1630"
                          CONTENT="figurer"/>
               </TextLine>
               <TextLine ID="tl_10"
                         BASELINE="1501"
                         HEIGHT="59"
                         WIDTH="919"
                         VPOS="1442"
                         HPOS="433">
                  <String HEIGHT="59"
                          WIDTH="144"
                          VPOS="1442"
                          HPOS="415"
                          CONTENT="dans"/>
                  <SP HEIGHT="59" WIDTH="18" VPOS="1442" HPOS="559"/>
                  <String HEIGHT="59"
                          WIDTH="162"
                          VPOS="1442"
                          HPOS="505"
                          CONTENT="cette"/>
                  <SP HEIGHT="59" WIDTH="18" VPOS="1442" HPOS="667"/>
                  <String HEIGHT="59"
                          WIDTH="252"
                          VPOS="1442"
                          HPOS="613"
                          CONTENT="importante"/>
                  <SP HEIGHT="59" WIDTH="18" VPOS="1442" HPOS="865"/>
                  <String HEIGHT="59"
                          WIDTH="306"
                          VPOS="1442"
                          HPOS="811"
                          CONTENT="manifestation"/>
                  <SP HEIGHT="59" WIDTH="18" VPOS="1442" HPOS="1118"/>
                  <String HEIGHT="59"
                          WIDTH="306"
                          VPOS="1442"
                          HPOS="1046"
                          CONTENT="internationale."/>
               </TextLine>
            </TextBlock>
            <TextBlock ID="r_3_3" HEIGHT="357" WIDTH="1349" VPOS="1498" HPOS="442">
               <Shape>
                  <Polygon POINTS="442,1498 1791,1498 1791,1855 442,1855"/>
               </Shape>
               <TextLine ID="tl_11"
                         BASELINE="1556"
                         HEIGHT="78"
                         WIDTH="1329"
                         VPOS="1478"
                         HPOS="467">
                  <String HEIGHT="78"
                          WIDTH="247"
                          VPOS="1478"
                          HPOS="448"
                          CONTENT="Capozzoli"/>
                  <SP HEIGHT="78" WIDTH="19" VPOS="1478" HPOS="695"/>
                  <String HEIGHT="78"
                          WIDTH="133"
                          VPOS="1478"
                          HPOS="638"
                          CONTENT="est"/>
                  <SP HEIGHT="78" WIDTH="19" VPOS="1478" HPOS="771"/>
                  <String HEIGHT="78" WIDTH="114" VPOS="1478" HPOS="714" CONTENT="un"/>
                  <SP HEIGHT="78" WIDTH="19" VPOS="1478" HPOS="828"/>
                  <String HEIGHT="78"
                          WIDTH="285"
                          VPOS="1478"
                          HPOS="771"
                          CONTENT="infatigable"/>
                  <SP HEIGHT="78" WIDTH="19" VPOS="1478" HPOS="1056"/>
                  <String HEIGHT="78"
                          WIDTH="247"
                          VPOS="1478"
                          HPOS="999"
                          CONTENT="chercheur"/>
                  <SP HEIGHT="78" WIDTH="19" VPOS="1478" HPOS="1245"/>
                  <String HEIGHT="78"
                          WIDTH="114"
                          VPOS="1478"
                          HPOS="1188"
                          CONTENT="de"/>
                  <SP HEIGHT="78" WIDTH="19" VPOS="1478" HPOS="1302"/>
                  <String HEIGHT="78"
                          WIDTH="266"
                          VPOS="1478"
                          HPOS="1245"
                          CONTENT="vocations,"/>
                  <SP HEIGHT="78" WIDTH="19" VPOS="1478" HPOS="1511"/>
                  <String HEIGHT="78"
                          WIDTH="114"
                          VPOS="1478"
                          HPOS="1454"
                          CONTENT="de"/>
                  <SP HEIGHT="78" WIDTH="19" VPOS="1478" HPOS="1568"/>
                  <String HEIGHT="78"
                          WIDTH="228"
                          VPOS="1478"
                          HPOS="1511"
                          CONTENT="matières"/>
                  <SP HEIGHT="78" WIDTH="19" VPOS="1478" HPOS="1739"/>
                  <String HEIGHT="78"
                          WIDTH="114"
                          VPOS="1478"
                          HPOS="1682"
                          CONTENT="et"/>
                  <SP HEIGHT="78" WIDTH="19" VPOS="1478" HPOS="1796"/>
                  <String HEIGHT="78" WIDTH="76" VPOS="1478" HPOS="1720" CONTENT="de"/>
               </TextLine>
               <TextLine ID="tl_12"
                         BASELINE="1609"
                         HEIGHT="61"
                         WIDTH="1361"
                         VPOS="1548"
                         HPOS="435">
                  <String HEIGHT="61"
                          WIDTH="304"
                          VPOS="1548"
                          HPOS="417"
                          CONTENT="possibilités."/>
                  <SP HEIGHT="61" WIDTH="18" VPOS="1548" HPOS="722"/>
                  <String HEIGHT="61" WIDTH="107" VPOS="1548" HPOS="668" CONTENT="Il"/>
                  <SP HEIGHT="61" WIDTH="18" VPOS="1548" HPOS="775"/>
                  <String HEIGHT="61"
                          WIDTH="251"
                          VPOS="1548"
                          HPOS="722"
                          CONTENT="renouvelle"/>
                  <SP HEIGHT="61" WIDTH="18" VPOS="1548" HPOS="972"/>
                  <String HEIGHT="61" WIDTH="107" VPOS="1548" HPOS="919" CONTENT="ou"/>
                  <SP HEIGHT="61" WIDTH="18" VPOS="1548" HPOS="1026"/>
                  <String HEIGHT="61" WIDTH="107" VPOS="1548" HPOS="972" CONTENT="il"/>
                  <SP HEIGHT="61" WIDTH="18" VPOS="1548" HPOS="1080"/>
                  <String HEIGHT="61"
                          WIDTH="143"
                          VPOS="1548"
                          HPOS="1026"
                          CONTENT="crée"/>
                  <SP HEIGHT="61" WIDTH="18" VPOS="1548" HPOS="1169"/>
                  <String HEIGHT="61"
                          WIDTH="125"
                          VPOS="1548"
                          HPOS="1116"
                          CONTENT="des"/>
                  <SP HEIGHT="61" WIDTH="18" VPOS="1548" HPOS="1241"/>
                  <String HEIGHT="61"
                          WIDTH="269"
                          VPOS="1548"
                          HPOS="1187"
                          CONTENT="techniques,"/>
                  <SP HEIGHT="61" WIDTH="18" VPOS="1548" HPOS="1456"/>
                  <String HEIGHT="61"
                          WIDTH="107"
                          VPOS="1548"
                          HPOS="1402"
                          CONTENT="ou"/>
                  <SP HEIGHT="61" WIDTH="18" VPOS="1548" HPOS="1509"/>
                  <String HEIGHT="61"
                          WIDTH="179"
                          VPOS="1548"
                          HPOS="1456"
                          CONTENT="encore"/>
                  <SP HEIGHT="61" WIDTH="18" VPOS="1548" HPOS="1635"/>
                  <String HEIGHT="61"
                          WIDTH="125"
                          VPOS="1548"
                          HPOS="1581"
                          CONTENT="ses"/>
                  <SP HEIGHT="61" WIDTH="18" VPOS="1548" HPOS="1706"/>
                  <String HEIGHT="61"
                          WIDTH="161"
                          VPOS="1548"
                          HPOS="1635"
                          CONTENT="propres"/>
               </TextLine>
               <TextLine ID="tl_13"
                         BASELINE="1652"
                         HEIGHT="65"
                         WIDTH="1361"
                         VPOS="1587"
                         HPOS="436">
                  <String HEIGHT="65"
                          WIDTH="249"
                          VPOS="1587"
                          HPOS="417"
                          CONTENT="méthodes,"/>
                  <SP HEIGHT="65" WIDTH="19" VPOS="1587" HPOS="666"/>
                  <String HEIGHT="65"
                          WIDTH="153"
                          VPOS="1587"
                          HPOS="609"
                          CONTENT="dans"/>
                  <SP HEIGHT="65" WIDTH="19" VPOS="1587" HPOS="762"/>
                  <String HEIGHT="65" WIDTH="115" VPOS="1587" HPOS="704" CONTENT="le"/>
                  <SP HEIGHT="65" WIDTH="19" VPOS="1587" HPOS="819"/>
                  <String HEIGHT="65"
                          WIDTH="134"
                          VPOS="1587"
                          HPOS="762"
                          CONTENT="but"/>
                  <SP HEIGHT="65" WIDTH="19" VPOS="1587" HPOS="896"/>
                  <String HEIGHT="65" WIDTH="115" VPOS="1587" HPOS="839" CONTENT="de"/>
                  <SP HEIGHT="65" WIDTH="19" VPOS="1587" HPOS="954"/>
                  <String HEIGHT="65"
                          WIDTH="192"
                          VPOS="1587"
                          HPOS="896"
                          CONTENT="donner"/>
                  <SP HEIGHT="65" WIDTH="19" VPOS="1587" HPOS="1088"/>
                  <String HEIGHT="65" WIDTH="96" VPOS="1587" HPOS="1030" CONTENT="à"/>
                  <SP HEIGHT="65" WIDTH="19" VPOS="1587" HPOS="1126"/>
                  <String HEIGHT="65"
                          WIDTH="134"
                          VPOS="1587"
                          HPOS="1069"
                          CONTENT="ses"/>
                  <SP HEIGHT="65" WIDTH="19" VPOS="1587" HPOS="1203"/>
                  <String HEIGHT="65"
                          WIDTH="230"
                          VPOS="1587"
                          HPOS="1145"
                          CONTENT="gravures"/>
                  <SP HEIGHT="65" WIDTH="19" VPOS="1587" HPOS="1375"/>
                  <String HEIGHT="65"
                          WIDTH="115"
                          VPOS="1587"
                          HPOS="1318"
                          CONTENT="ou"/>
                  <SP HEIGHT="65" WIDTH="19" VPOS="1587" HPOS="1433"/>
                  <String HEIGHT="65" WIDTH="96" VPOS="1587" HPOS="1375" CONTENT="à"/>
                  <SP HEIGHT="65" WIDTH="19" VPOS="1587" HPOS="1471"/>
                  <String HEIGHT="65"
                          WIDTH="134"
                          VPOS="1587"
                          HPOS="1414"
                          CONTENT="ses"/>
                  <SP HEIGHT="65" WIDTH="19" VPOS="1587" HPOS="1548"/>
                  <String HEIGHT="65"
                          WIDTH="307"
                          VPOS="1587"
                          HPOS="1490"
                          CONTENT="impressions,"/>
                  <SP HEIGHT="65" WIDTH="19" VPOS="1587" HPOS="1797"/>
                  <String HEIGHT="65" WIDTH="77" VPOS="1587" HPOS="1720" CONTENT="le"/>
               </TextLine>
               <TextLine ID="tl_14"
                         BASELINE="1700"
                         HEIGHT="50"
                         WIDTH="1361"
                         VPOS="1650"
                         HPOS="437">
                  <String HEIGHT="50"
                          WIDTH="197"
                          VPOS="1650"
                          HPOS="419"
                          CONTENT="maximum"/>
                  <SP HEIGHT="50" WIDTH="18" VPOS="1650" HPOS="616"/>
                  <String HEIGHT="50" WIDTH="107" VPOS="1650" HPOS="562" CONTENT="de"/>
                  <SP HEIGHT="50" WIDTH="18" VPOS="1650" HPOS="670"/>
                  <String HEIGHT="50"
                          WIDTH="197"
                          VPOS="1650"
                          HPOS="616"
                          CONTENT="qualité"/>
                  <SP HEIGHT="50" WIDTH="18" VPOS="1650" HPOS="813"/>
                  <String HEIGHT="50"
                          WIDTH="143"
                          VPOS="1650"
                          HPOS="759"
                          CONTENT="dans"/>
                  <SP HEIGHT="50" WIDTH="18" VPOS="1650" HPOS="903"/>
                  <String HEIGHT="50"
                          WIDTH="287"
                          VPOS="1650"
                          HPOS="849"
                          CONTENT="l’exécution,"/>
                  <SP HEIGHT="50" WIDTH="18" VPOS="1650" HPOS="1135"/>
                  <String HEIGHT="50"
                          WIDTH="107"
                          VPOS="1650"
                          HPOS="1082"
                          CONTENT="en"/>
                  <SP HEIGHT="50" WIDTH="18" VPOS="1650" HPOS="1189"/>
                  <String HEIGHT="50"
                          WIDTH="215"
                          VPOS="1650"
                          HPOS="1135"
                          CONTENT="essayant"/>
                  <SP HEIGHT="50" WIDTH="18" VPOS="1650" HPOS="1350"/>
                  <String HEIGHT="50"
                          WIDTH="107"
                          VPOS="1650"
                          HPOS="1297"
                          CONTENT="de"/>
                  <SP HEIGHT="50" WIDTH="18" VPOS="1650" HPOS="1404"/>
                  <String HEIGHT="50"
                          WIDTH="197"
                          VPOS="1650"
                          HPOS="1350"
                          CONTENT="trouver"/>
                  <SP HEIGHT="50" WIDTH="18" VPOS="1650" HPOS="1547"/>
                  <String HEIGHT="50"
                          WIDTH="215"
                          VPOS="1650"
                          HPOS="1494"
                          CONTENT="toujours"/>
                  <SP HEIGHT="50" WIDTH="18" VPOS="1650" HPOS="1708"/>
                  <String HEIGHT="50"
                          WIDTH="107"
                          VPOS="1650"
                          HPOS="1655"
                          CONTENT="le"/>
                  <SP HEIGHT="50" WIDTH="18" VPOS="1650" HPOS="1762"/>
                  <String HEIGHT="50"
                          WIDTH="107"
                          VPOS="1650"
                          HPOS="1691"
                          CONTENT="pro"
                          SUBS_TYPE="HypPart1"
                          SUBS_CONTENT="processus"/>
                  <HYP CONTENT="-"/>
               </TextLine>
               <TextLine ID="tl_15"
                         BASELINE="1759"
                         HEIGHT="74"
                         WIDTH="1363"
                         VPOS="1685"
                         HPOS="435">
                  <String HEIGHT="74"
                          WIDTH="175"
                          VPOS="1685"
                          HPOS="418"
                          CONTENT="cessus"
                          SUBS_TYPE="HypPart2"
                          SUBS_CONTENT="processus"/>
                  <SP HEIGHT="74" WIDTH="17" VPOS="1685" HPOS="592"/>
                  <String HEIGHT="74"
                          WIDTH="122"
                          VPOS="1685"
                          HPOS="540"
                          CONTENT="qui"/>
                  <SP HEIGHT="74" WIDTH="17" VPOS="1685" HPOS="662"/>
                  <String HEIGHT="74"
                          WIDTH="227"
                          VPOS="1685"
                          HPOS="610"
                          CONTENT="convienne"/>
                  <SP HEIGHT="74" WIDTH="17" VPOS="1685" HPOS="837"/>
                  <String HEIGHT="74" WIDTH="105" VPOS="1685" HPOS="784" CONTENT="le"/>
                  <SP HEIGHT="74" WIDTH="17" VPOS="1685" HPOS="889"/>
                  <String HEIGHT="74"
                          WIDTH="157"
                          VPOS="1685"
                          HPOS="837"
                          CONTENT="mieux"/>
                  <SP HEIGHT="74" WIDTH="17" VPOS="1685" HPOS="994"/>
                  <String HEIGHT="74" WIDTH="87" VPOS="1685" HPOS="942" CONTENT="à"/>
                  <SP HEIGHT="74" WIDTH="17" VPOS="1685" HPOS="1029"/>
                  <String HEIGHT="74"
                          WIDTH="297"
                          VPOS="1685"
                          HPOS="977"
                          CONTENT="l’orientation"/>
                  <SP HEIGHT="74" WIDTH="17" VPOS="1685" HPOS="1274"/>
                  <String HEIGHT="74"
                          WIDTH="105"
                          VPOS="1685"
                          HPOS="1221"
                          CONTENT="de"/>
                  <SP HEIGHT="74" WIDTH="17" VPOS="1685" HPOS="1326"/>
                  <String HEIGHT="74"
                          WIDTH="122"
                          VPOS="1685"
                          HPOS="1274"
                          CONTENT="son"/>
                  <SP HEIGHT="74" WIDTH="17" VPOS="1685" HPOS="1396"/>
                  <String HEIGHT="74"
                          WIDTH="175"
                          VPOS="1685"
                          HPOS="1344"
                          CONTENT="œuvre."/>
                  <SP HEIGHT="74" WIDTH="17" VPOS="1685" HPOS="1518"/>
                  <String HEIGHT="74"
                          WIDTH="157"
                          VPOS="1685"
                          HPOS="1466"
                          CONTENT="C’est"/>
                  <SP HEIGHT="74" WIDTH="17" VPOS="1685" HPOS="1623"/>
                  <String HEIGHT="74"
                          WIDTH="105"
                          VPOS="1685"
                          HPOS="1571"
                          CONTENT="un"/>
                  <SP HEIGHT="74" WIDTH="17" VPOS="1685" HPOS="1676"/>
                  <String HEIGHT="74"
                          WIDTH="192"
                          VPOS="1685"
                          HPOS="1606"
                          CONTENT="excellent"/>
               </TextLine>
               <TextLine ID="tl_16"
                         BASELINE="1809"
                         HEIGHT="70"
                         WIDTH="1361"
                         VPOS="1739"
                         HPOS="437">
                  <String HEIGHT="70"
                          WIDTH="280"
                          VPOS="1739"
                          HPOS="418"
                          CONTENT="dessinateur"/>
                  <SP HEIGHT="70" WIDTH="19" VPOS="1739" HPOS="698"/>
                  <String HEIGHT="70"
                          WIDTH="131"
                          VPOS="1739"
                          HPOS="642"
                          CONTENT="qui"/>
                  <SP HEIGHT="70" WIDTH="19" VPOS="1739" HPOS="773"/>
                  <String HEIGHT="70"
                          WIDTH="149"
                          VPOS="1739"
                          HPOS="717"
                          CONTENT="rend"/>
                  <SP HEIGHT="70" WIDTH="19" VPOS="1739" HPOS="866"/>
                  <String HEIGHT="70" WIDTH="112" VPOS="1739" HPOS="810" CONTENT="la"/>
                  <SP HEIGHT="70" WIDTH="19" VPOS="1739" HPOS="922"/>
                  <String HEIGHT="70"
                          WIDTH="205"
                          VPOS="1739"
                          HPOS="866"
                          CONTENT="réalité"/>
                  <SP HEIGHT="70" WIDTH="19" VPOS="1739" HPOS="1071"/>
                  <String HEIGHT="70"
                          WIDTH="149"
                          VPOS="1739"
                          HPOS="1015"
                          CONTENT="dans"/>
                  <SP HEIGHT="70" WIDTH="19" VPOS="1739" HPOS="1164"/>
                  <String HEIGHT="70"
                          WIDTH="131"
                          VPOS="1739"
                          HPOS="1108"
                          CONTENT="des"/>
                  <SP HEIGHT="70" WIDTH="19" VPOS="1739" HPOS="1239"/>
                  <String HEIGHT="70"
                          WIDTH="261"
                          VPOS="1739"
                          HPOS="1183"
                          CONTENT="dimensions"/>
                  <SP HEIGHT="70" WIDTH="19" VPOS="1739" HPOS="1444"/>
                  <String HEIGHT="70"
                          WIDTH="261"
                          VPOS="1739"
                          HPOS="1388"
                          CONTENT="poétiques,"/>
                  <SP HEIGHT="70" WIDTH="19" VPOS="1739" HPOS="1649"/>
                  <String HEIGHT="70"
                          WIDTH="112"
                          VPOS="1739"
                          HPOS="1593"
                          CONTENT="en"/>
                  <SP HEIGHT="70" WIDTH="19" VPOS="1739" HPOS="1705"/>
                  <String HEIGHT="70"
                          WIDTH="168"
                          VPOS="1739"
                          HPOS="1630"
                          CONTENT="animant"/>
               </TextLine>
               <TextLine ID="tl_17"
                         BASELINE="1868"
                         HEIGHT="63"
                         WIDTH="590"
                         VPOS="1805"
                         HPOS="438">
                  <String HEIGHT="63"
                          WIDTH="313"
                          VPOS="1805"
                          HPOS="420"
                          CONTENT="d’expressives"/>
                  <SP HEIGHT="63" WIDTH="18" VPOS="1805" HPOS="733"/>
                  <String HEIGHT="63"
                          WIDTH="221"
                          VPOS="1805"
                          HPOS="678"
                          CONTENT="estampes"/>
                  <SP HEIGHT="63" WIDTH="18" VPOS="1805" HPOS="899"/>
                  <String HEIGHT="63"
                          WIDTH="203"
                          VPOS="1805"
                          HPOS="825"
                          CONTENT="lyriques."/>
               </TextLine>
            </TextBlock>
            <TextBlock ID="r_3_4" HEIGHT="153" WIDTH="1349" VPOS="1853" HPOS="444">
               <Shape>
                  <Polygon POINTS="444,1853 1793,1853 1793,2006 444,2006"/>
               </Shape>
               <TextLine ID="tl_18"
                         BASELINE="1908"
                         HEIGHT="68"
                         WIDTH="1330"
                         VPOS="1840"
                         HPOS="469">
                  <String HEIGHT="68"
                          WIDTH="195"
                          VPOS="1840"
                          HPOS="451"
                          CONTENT="Gamarra"/>
                  <SP HEIGHT="68" WIDTH="18" VPOS="1840" HPOS="646"/>
                  <String HEIGHT="68"
                          WIDTH="124"
                          VPOS="1840"
                          HPOS="593"
                          CONTENT="est"/>
                  <SP HEIGHT="68" WIDTH="18" VPOS="1840" HPOS="717"/>
                  <String HEIGHT="68" WIDTH="106" VPOS="1840" HPOS="664" CONTENT="la"/>
                  <SP HEIGHT="68" WIDTH="18" VPOS="1840" HPOS="770"/>
                  <String HEIGHT="68"
                          WIDTH="142"
                          VPOS="1840"
                          HPOS="717"
                          CONTENT="plus"/>
                  <SP HEIGHT="68" WIDTH="18" VPOS="1840" HPOS="859"/>
                  <String HEIGHT="68"
                          WIDTH="195"
                          VPOS="1840"
                          HPOS="806"
                          CONTENT="récente"/>
                  <SP HEIGHT="68" WIDTH="18" VPOS="1840" HPOS="1001"/>
                  <String HEIGHT="68"
                          WIDTH="248"
                          VPOS="1840"
                          HPOS="948"
                          CONTENT="révélation"/>
                  <SP HEIGHT="68" WIDTH="18" VPOS="1840" HPOS="1196"/>
                  <String HEIGHT="68"
                          WIDTH="106"
                          VPOS="1840"
                          HPOS="1143"
                          CONTENT="de"/>
                  <SP HEIGHT="68" WIDTH="18" VPOS="1840" HPOS="1249"/>
                  <String HEIGHT="68"
                          WIDTH="160"
                          VPOS="1840"
                          HPOS="1196"
                          CONTENT="cette"/>
                  <SP HEIGHT="68" WIDTH="18" VPOS="1840" HPOS="1356"/>
                  <String HEIGHT="68"
                          WIDTH="231"
                          VPOS="1840"
                          HPOS="1302"
                          CONTENT="nombreuse"/>
                  <SP HEIGHT="68" WIDTH="18" VPOS="1840" HPOS="1533"/>
                  <String HEIGHT="68"
                          WIDTH="195"
                          VPOS="1840"
                          HPOS="1480"
                          CONTENT="pléiade"/>
                  <SP HEIGHT="68" WIDTH="18" VPOS="1840" HPOS="1675"/>
                  <String HEIGHT="68"
                          WIDTH="124"
                          VPOS="1840"
                          HPOS="1622"
                          CONTENT="qui"/>
                  <SP HEIGHT="68" WIDTH="18" VPOS="1840" HPOS="1746"/>
                  <String HEIGHT="68"
                          WIDTH="124"
                          VPOS="1840"
                          HPOS="1675"
                          CONTENT="écrit"/>
               </TextLine>
               <TextLine ID="tl_19"
                         BASELINE="1951"
                         HEIGHT="58"
                         WIDTH="1362"
                         VPOS="1893"
                         HPOS="436">
                  <String HEIGHT="58" WIDTH="110" VPOS="1893" HPOS="418" CONTENT="la"/>
                  <SP HEIGHT="58" WIDTH="18" VPOS="1893" HPOS="528"/>
                  <String HEIGHT="58"
                          WIDTH="147"
                          VPOS="1893"
                          HPOS="473"
                          CONTENT="plus"/>
                  <SP HEIGHT="58" WIDTH="18" VPOS="1893" HPOS="620"/>
                  <String HEIGHT="58"
                          WIDTH="166"
                          VPOS="1893"
                          HPOS="565"
                          CONTENT="jeune"/>
                  <SP HEIGHT="58" WIDTH="18" VPOS="1893" HPOS="730"/>
                  <String HEIGHT="58"
                          WIDTH="147"
                          VPOS="1893"
                          HPOS="675"
                          CONTENT="page"/>
                  <SP HEIGHT="58" WIDTH="18" VPOS="1893" HPOS="823"/>
                  <String HEIGHT="58" WIDTH="110" VPOS="1893" HPOS="767" CONTENT="de"/>
                  <SP HEIGHT="58" WIDTH="18" VPOS="1893" HPOS="878"/>
                  <String HEIGHT="58" WIDTH="110" VPOS="1893" HPOS="823" CONTENT="la"/>
                  <SP HEIGHT="58" WIDTH="18" VPOS="1893" HPOS="933"/>
                  <String HEIGHT="58"
                          WIDTH="221"
                          VPOS="1893"
                          HPOS="878"
                          CONTENT="peinture"/>
                  <SP HEIGHT="58" WIDTH="18" VPOS="1893" HPOS="1099"/>
                  <String HEIGHT="58"
                          WIDTH="294"
                          VPOS="1893"
                          HPOS="1043"
                          CONTENT="uruguayenne."/>
                  <SP HEIGHT="58" WIDTH="18" VPOS="1893" HPOS="1338"/>
                  <String HEIGHT="58"
                          WIDTH="202"
                          VPOS="1893"
                          HPOS="1283"
                          CONTENT="Peintre"/>
                  <SP HEIGHT="58" WIDTH="18" VPOS="1893" HPOS="1485"/>
                  <String HEIGHT="58"
                          WIDTH="221"
                          VPOS="1893"
                          HPOS="1430"
                          CONTENT="sérieux,"/>
                  <SP HEIGHT="58" WIDTH="18" VPOS="1893" HPOS="1651"/>
                  <String HEIGHT="58"
                          WIDTH="110"
                          VPOS="1893"
                          HPOS="1596"
                          CONTENT="il"/>
                  <SP HEIGHT="58" WIDTH="18" VPOS="1893" HPOS="1706"/>
                  <String HEIGHT="58"
                          WIDTH="166"
                          VPOS="1893"
                          HPOS="1632"
                          CONTENT="insiste"/>
               </TextLine>
               <TextLine ID="tl_20"
                         BASELINE="2022"
                         HEIGHT="70"
                         WIDTH="1361"
                         VPOS="1952"
                         HPOS="439">
                  <String HEIGHT="70"
                          WIDTH="197"
                          VPOS="1952"
                          HPOS="419"
                          CONTENT="depuis"/>
                  <SP HEIGHT="70" WIDTH="20" VPOS="1952" HPOS="617"/>
                  <String HEIGHT="70"
                          WIDTH="237"
                          VPOS="1952"
                          HPOS="557"
                          CONTENT="quelques"/>
                  <SP HEIGHT="70" WIDTH="20" VPOS="1952" HPOS="794"/>
                  <String HEIGHT="70"
                          WIDTH="197"
                          VPOS="1952"
                          HPOS="735"
                          CONTENT="années"/>
                  <SP HEIGHT="70" WIDTH="20" VPOS="1952" HPOS="932"/>
                  <String HEIGHT="70"
                          WIDTH="158"
                          VPOS="1952"
                          HPOS="873"
                          CONTENT="dans"/>
                  <SP HEIGHT="70" WIDTH="20" VPOS="1952" HPOS="1031"/>
                  <String HEIGHT="70" WIDTH="118" VPOS="1952" HPOS="972" CONTENT="la"/>
                  <SP HEIGHT="70" WIDTH="20" VPOS="1952" HPOS="1090"/>
                  <String HEIGHT="70"
                          WIDTH="335"
                          VPOS="1952"
                          HPOS="1031"
                          CONTENT="consolidation"/>
                  <SP HEIGHT="70" WIDTH="20" VPOS="1952" HPOS="1366"/>
                  <String HEIGHT="70"
                          WIDTH="178"
                          VPOS="1952"
                          HPOS="1307"
                          CONTENT="d’une"/>
                  <SP HEIGHT="70" WIDTH="20" VPOS="1952" HPOS="1484"/>
                  <String HEIGHT="70"
                          WIDTH="276"
                          VPOS="1952"
                          HPOS="1425"
                          CONTENT="expression"/>
                  <SP HEIGHT="70" WIDTH="20" VPOS="1952" HPOS="1701"/>
                  <String HEIGHT="70"
                          WIDTH="178"
                          VPOS="1952"
                          HPOS="1622"
                          CONTENT="pouvant"/>
               </TextLine>
            </TextBlock>
            <TextBlock ID="r_4_1" HEIGHT="29" WIDTH="50" VPOS="2131" HPOS="515">
               <Shape>
                  <Polygon POINTS="515,2131 565,2131 565,2160 515,2160"/>
               </Shape>
               <TextLine ID="tl_21"
                         BASELINE="2184"
                         HEIGHT="64"
                         WIDTH="64"
                         VPOS="2120"
                         HPOS="508">
                  <String HEIGHT="64"
                          WIDTH="107"
                          VPOS="2120"
                          HPOS="465"
                          CONTENT="116"/>
               </TextLine>
            </TextBlock>
            <GraphicalElement ID="r_5" HEIGHT="6" WIDTH="210" VPOS="0" HPOS="131"/>
            <GraphicalElement ID="r_6" HEIGHT="2" WIDTH="161" VPOS="0" HPOS="368"/>
            <GraphicalElement ID="r_7" HEIGHT="3" WIDTH="164" VPOS="0" HPOS="552"/>
            <GraphicalElement ID="r_8" HEIGHT="3" WIDTH="168" VPOS="0" HPOS="735"/>
            <GraphicalElement ID="r_9" HEIGHT="2" WIDTH="163" VPOS="0" HPOS="927"/>
            <GraphicalElement ID="r_10" HEIGHT="2" WIDTH="163" VPOS="0" HPOS="1114"/>
            <GraphicalElement ID="r_11" HEIGHT="2" WIDTH="167" VPOS="0" HPOS="1298"/>
            <GraphicalElement ID="r_12" HEIGHT="2" WIDTH="162" VPOS="0" HPOS="1490"/>
            <GraphicalElement ID="r_13" HEIGHT="3" WIDTH="125" VPOS="0" HPOS="1674"/>
            <GraphicalElement ID="r_14" HEIGHT="1473" WIDTH="4" VPOS="734" HPOS="0"/>
            <GraphicalElement ID="r_15" HEIGHT="733" WIDTH="8" VPOS="1" HPOS="0"/>
            <GraphicalElement ID="r_16" HEIGHT="103" WIDTH="6" VPOS="2102" HPOS="23"/>
         </PrintSpace>
      </Page>
   </Layout>
</alto>
