1768 2207
1454 25 261 76 b>ITALIE</b>

334 490 232 42 Commissaire
519 490 170 42 Général
643 490 77 42 :
674 490 247 42 <b>Fortunato
859 490 217 42 Bellonzi</b>

330 521 252 74 Secrétaire
528 521 198 74 Général
672 521 108 74 de
726 521 108 74 la
780 521 288 74 Quadriennale
1014 521 162 74 d’Art
1122 521 108 74 de
1158 521 126 74 Rome.

166 803 105 56 Le
219 803 176 56 Comité
342 803 193 56 Italien
482 803 316 56 d’Organisation
746 803 88 56 a
781 803 211 56 préféré,
939 803 158 56 cette
1044 803 158 56 fois,
1150 803 193 56 inviter
1290 803 105 56 un
1343 803 158 56 petit
1431 803 140 56 nombre

132 857 284 50 d’artistes;
360 857 190 50 chacun
492 857 190 50 d’eux,
625 857 171 50 étant
739 857 95 50 à
777 857 114 50 la
834 857 190 50 pointe
966 857 133 50 des
1042 857 303 50 orientations
1289 857 265 50 actuelles,
1478 857 95 50 est

132 899 280 59 représenté
352 899 140 59 par
432 899 120 59 un
492 899 200 59 nombre
632 899 240 59 d’œuvres
812 899 260 59 suffisant
1012 899 160 59 pour
1112 899 200 59 donner
1252 899 120 59 la
1312 899 260 59 dimension
1492 899 80 59 de

133 951 107 60 sa
187 951 179 60 valeur
294 951 161 60 réelle.

166 999 117 58 Un
225 999 156 58 seul
323 999 273 58 sculpteur,
538 999 254 58 Francesco
733 999 234 58 Somaini,
909 999 137 58 qui
987 999 98 58 a
1026 999 234 58 remporté
1202 999 117 58 il
1260 999 98 58 y
1300 999 98 58 a
1339 999 156 58 deux
1436 999 137 58 ans
1495 999 78 58 le

134 1051 154 65 prix
230 1051 115 65 du
287 1051 230 65 meilleur
460 1051 249 65 sculpteur
652 1051 230 65 étranger
825 1051 96 65 à
863 1051 115 65 la
921 1051 249 65 cinquième
1112 1051 230 65 Biennale
1266 1051 307 65 Internationale

132 1104 118 69 de
191 1104 138 69 São
270 1104 197 69 Paulo.
409 1104 217 69 Somaini
566 1104 138 69 est
645 1104 158 69 loin
744 1104 197 69 d’être
882 1104 118 69 un
941 1104 217 69 inconnu
1099 1104 118 69 en
1159 1104 217 69 France;
1316 1104 158 69 Léon
1395 1104 178 69 Degand,

135 1155 182 55 Marcel
262 1155 200 55 Seuphor
408 1155 109 55 et
462 1155 182 55 Michel
590 1155 182 55 Tapié,
717 1155 164 55 entre
827 1155 200 55 autres,
972 1155 127 55 ont
1045 1155 218 55 consacré
1209 1155 255 55 différents
1391 1155 182 55 articles

130 1209 105 49 à
172 1209 147 49 son
256 1209 209 49 œuvre.
402 1209 105 49 A
444 1209 209 49 propos
591 1209 168 49 d’un
695 1209 209 49 groupe
842 1209 126 49 de
905 1209 293 49 sculptures
1135 1209 251 49 exposées
1324 1209 105 49 à
1366 1209 126 49 la
1407 1209 168 49 vingt-

132 1257 247 54 neuvième
318 1257 247 54 Biennale
503 1257 123 54 de
565 1257 206 54 Venise
709 1257 123 54 en
770 1257 185 54 1958,
894 1257 185 54 Tapié
1017 1257 309 54 s’exprimait
1264 1257 123 54 en
1326 1257 144 54 ces
1388 1257 185 54 termes:

134 1310 208 45 «D’ores
286 1310 114 45 et
342 1310 170 45 déjà,
456 1310 208 45 Somaini
607 1310 114 45 se
664 1310 170 45 place
778 1310 151 45 dans
872 1310 133 45 les
948 1310 246 45 possibles
1138 1310 189 45 grands
1270 1310 265 45 sculpteurs
1459 1310 114 45 d’un

133 1359 203 49 demain
275 1359 122 49 où
336 1359 122 49 la
397 1359 264 49 recherche
600 1359 163 49 d’un
701 1359 183 49 ordre
823 1359 183 49 autre
945 1359 163 49 aura
1047 1359 284 49 énormément
1270 1359 102 49 à
1311 1359 244 49 attendre
1473 1359 102 49 des

135 1408 249 51 sculpteurs
331 1408 107 51 et
384 1408 125 51 des
456 1408 285 51 architectes,
687 1408 142 51 face
776 1408 89 51 à
812 1408 125 51 une
883 1408 249 51 saturation
1079 1408 107 51 de
1132 1408 142 51 trop
1221 1408 178 51 totale
1346 1408 196 51 liberté
1470 1408 107 51 dans

135 1459 216 53 laquelle
297 1459 162 53 s’est
405 1459 198 53 souvent
550 1459 216 53 fatiguée
712 1459 108 53 la
766 1459 234 53 peinture,
946 1459 90 53 à
982 1459 180 53 l’aube
1108 1459 108 53 de
1162 1459 162 53 l’une
1271 1459 126 53 des
1343 1459 144 53 plus
1415 1459 162 53 grandes

133 1510 253 65 aventures
327 1510 117 65 du
386 1510 234 65 possible
541 1510 273 65 artistique.»

169 1559 114 53 Un
226 1559 152 53 seul
321 1559 210 53 graveur
474 1559 267 53 également,
683 1559 133 53 lui
760 1559 171 53 aussi
874 1559 114 53 de
931 1559 229 53 renommée
1103 1559 362 53 internationale,
1388 1559 191 53 Giuseppe

136 1607 285 65 Guerreschi,
364 1607 133 65 que
440 1607 114 65 la
497 1607 228 65 Première
667 1607 228 65 Biennale
838 1607 114 65 de
895 1607 171 65 Paris
1009 1607 171 65 avait
1123 1607 152 65 déjà
1218 1607 190 65 invité
1350 1607 114 65 en
1407 1607 152 65 tant
1483 1607 95 65 que

136 1669 206 58 peintre
286 1669 112 58 et
342 1669 150 58 dont
436 1669 244 58 plusieurs
623 1669 187 58 œuvres
755 1669 112 58 se
811 1669 225 58 trouvent
979 1669 150 58 dans
1073 1669 131 58 les
1148 1669 187 58 musées
1279 1669 131 58 les
1354 1669 150 58 plus
1429 1669 150 58 impor-

133 1722 181 52 tants
253 1722 140 52 des
334 1722 120 52 U.
394 1722 120 52 S.
454 1722 120 52 A.
514 1722 120 52 Le
574 1722 221 52 langage
735 1722 261 52 figuratif
935 1722 120 52 de
995 1722 281 52 Guerreschi
1216 1722 140 52 qui
1296 1722 241 52 dénonce,
1457 1722 120 52 avec

138 1767 131 51 une
213 1767 337 51 exceptionnelle
494 1767 225 51 vigueur,
662 1767 112 51 la
718 1767 225 51 violence
887 1767 112 51 et
943 1767 356 51 l’irrationalité
1242 1767 131 51 qui
1298 1767 281 51 caractérisent

137 1814 211 52 l’homme
291 1814 346 52 d’aujourd’hui,
579 1814 192 52 trouve
713 1814 115 52 sa
771 1814 192 52 source
905 1814 154 52 dans
1002 1814 115 52 un
1059 1814 250 52 impératif
1251 1814 173 52 moral
1367 1814 115 52 de
1405 1814 173 52 défense

138 1864 112 61 de
194 1864 281 61 l’intégrité
419 1864 225 61 humaine,
587 1864 112 61 et
643 1864 112 61 sa
700 1864 318 61 justification
962 1864 150 61 dans
1055 1864 112 61 la
1111 1864 243 61 nécessité
1298 1864 112 61 où
1354 1864 150 61 nous
1429 1864 150 61 sommes

139 1915 104 53 de
191 1915 156 53 juger
295 1915 104 53 la
347 1915 208 53 réalité;
503 1915 104 53 il
555 1915 191 53 apporte
694 1915 121 53 une
763 1915 87 53 «
798 1915 208 53 solution
954 1915 87 53 »
988 1915 87 53 à
1023 1915 104 53 la
1075 1915 139 53 fois
1162 1915 208 53 formelle
1318 1915 104 53 et
1353 1915 225 53 historique.

170 1965 163 68 Cinq
272 1965 245 68 peintres
456 1965 163 68 sont
558 1965 123 68 en
619 1965 184 68 outre
742 1965 266 68 présents,
946 1965 204 68 Sergio
1089 1965 245 68 Dangelo,
1273 1965 184 68 Piero
1375 1965 204 68 Dorazio,

1403 2124 102 57 67
