1818 2197
259 7 330 75 <b>POLOGNE</b>

617 439 94 68 Commissaire
692 439 75 68 Général:
748 439 81 68 <b>Halina
811 439 125 68 Chrostowska</b>,
911 439 63 68 Peintre.

448 736 108 73 La
502 736 217 73 présente
665 736 217 73 Biennale
827 736 325 73 Internationale
1098 736 108 73 de
1153 736 163 73 Paris
1261 736 199 73 suscite
1406 736 145 73 chez
1496 736 145 73 nous
1586 736 108 73 un
1622 736 163 73 intérét

410 788 134 68 tout
494 788 269 68 particulier,
712 788 151 68 grâce
813 788 84 68 à
847 788 101 68 la
897 788 252 68 possibilité
1099 788 185 68 qu’elle
1233 788 151 68 offre
1334 788 101 68 de
1384 788 235 68 confronter
1569 788 118 68 les
1619 788 168 68 diverses

409 827 159 76 idées
515 827 247 76 créatrices
709 827 123 76 des
780 827 176 76 jeunes
903 827 229 76 artistes.
1080 827 106 76 Le
1132 827 176 76 rythme
1256 827 212 76 accéléré
1415 827 106 76 de
1468 827 106 76 la
1520 827 123 76 vie
1573 827 212 76 polonaise,

409 884 265 63 conséquence
621 884 106 63 de
674 884 247 63 l’histoire
869 884 212 63 récente,
1028 884 106 63 si
1081 884 265 63 dramatique,
1292 884 106 63 et
1345 884 124 63 des
1416 884 212 63 violents
1557 884 230 63 changements

409 930 197 64 qu’elle
552 930 107 64 ne
606 930 161 64 cesse
713 930 286 64 d’engendrer,
946 930 161 64 offre
1053 930 89 64 à
1089 930 107 64 la
1143 930 161 64 jeune
1250 930 251 64 génération
1447 930 89 64 —
1483 930 215 64 toujours
1644 930 107 64 la
1680 930 107 64 plus

407 982 212 65 sensible
567 982 106 65 et
620 982 106 65 la
673 982 142 65 plus
761 982 230 65 novatrice
938 982 89 65 —
974 982 124 65 des
1045 982 248 65 conditions
1239 982 142 65 très
1328 982 248 65 favorables
1522 982 106 65 au
1558 982 230 65 mûrissement

407 1021 142 56 d’un
496 1021 125 56 art
567 1021 160 56 riche
674 1021 107 56 et
710 1021 231 56 hétérogène.

440 1060 133 70 Les
516 1060 304 70 propositions
763 1060 133 70 que
839 1060 133 70 les
915 1060 190 70 jeunes
1048 1060 228 70 Polonais
1218 1060 247 70 formulent
1408 1060 152 70 dans
1503 1060 133 70 les
1560 1060 228 70 différents

405 1092 228 96 domaines
576 1092 114 96 de
633 1092 171 96 l’art
746 1092 114 96 ne
803 1092 209 96 peuvent
955 1092 190 96 rester
1088 1092 152 96 sans
1182 1092 171 96 échos
1296 1092 152 96 dans
1391 1092 284 96 l’abondance
1618 1092 133 96 des
1675 1092 114 96 évé-

406 1160 190 67 nements
544 1160 104 67 de
596 1160 156 67 l’art
700 1160 208 67 moderne.
856 1160 156 67 Elles
959 1160 225 67 jouissent
1132 1160 190 67 souvent
1271 1160 156 67 d’une
1375 1160 138 67 très
1461 1160 156 67 haute
1548 1160 242 67 appréciation

403 1209 164 66 comme
512 1209 109 66 ce
567 1209 128 66 fut
640 1209 128 66 par
713 1209 201 66 exemple
859 1209 109 66 le
913 1209 128 66 cas
986 1209 109 66 de
1041 1209 128 66 Jan
1114 1209 292 66 Lebensztein,
1351 1209 146 66 dont
1442 1209 128 66 les
1515 1209 182 66 œuvres
1625 1209 164 66 pleines

404 1246 109 71 de
458 1246 201 71 vigueur
604 1246 109 71 et
659 1246 109 71 de
714 1246 201 71 gravité
860 1246 128 71 ont
933 1246 182 71 obtenu
1060 1246 109 71 le
1115 1246 164 71 Grand
1225 1246 146 71 Prix
1316 1246 109 71 de
1370 1246 109 71 la
1425 1246 164 71 Ville
1535 1246 109 71 de
1589 1246 164 71 Paris
1699 1246 91 71 à
1717 1246 73 71 la

401 1294 270 53 précédente
594 1294 212 53 Biennale.

438 1341 164 76 Comme
547 1341 110 76 il
602 1341 91 76 y
639 1341 91 76 a
675 1341 146 76 deux
767 1341 146 76 ans,
858 1341 128 76 les
931 1341 183 76 œuvres
1059 1341 219 76 exposées
1224 1341 164 76 n’ont
1333 1341 256 76 aucunement
1534 1341 110 76 la
1571 1341 219 76 prétention

404 1393 102 79 de
455 1393 254 79 représenter
658 1393 102 79 la
709 1393 203 79 totalité
861 1393 119 79 des
929 1393 220 79 tendances
1099 1393 254 79 artistiques
1302 1393 119 79 qui
1370 1393 102 79 se
1420 1393 136 79 font
1505 1393 136 79 jour
1590 1393 102 79 en
1624 1393 169 79 Pologne.

401 1434 107 68 Il
455 1434 89 68 y
490 1434 178 68 manque
615 1434 107 68 de
669 1434 214 68 nombreux
829 1434 178 68 jeunes
954 1434 214 68 artistes
1114 1434 107 68 de
1168 1434 178 68 talent
1293 1434 143 68 dont
1382 1434 196 68 l’œuvre
1525 1434 125 68 est
1596 1434 125 68 une
1649 1434 143 68 conti-

403 1485 191 59 nuation
542 1485 104 59 de
594 1485 104 59 la
646 1485 243 59 tradition.
837 1485 104 59 Il
889 1485 87 59 y
924 1485 174 59 manque
1046 1485 156 59 aussi
1150 1485 209 59 beaucoup
1306 1485 104 59 de
1359 1485 139 59 ceux
1445 1485 139 59 dont
1532 1485 122 59 les
1584 1485 209 59 recherches

401 1526 202 80 hardies
547 1526 110 80 de
602 1526 220 80 nouveaux
767 1526 183 80 moyens
895 1526 293 80 d’expression
1133 1526 220 80 auraient
1298 1526 110 80 pu
1353 1526 183 80 rendre
1482 1526 165 80 cette
1573 1526 220 80 exposition

400 1577 179 76 encore
525 1577 143 76 plus
615 1577 304 76 intéressante,
865 1577 179 76 encore
990 1577 143 76 plus
1080 1577 268 76 attrayante.
1294 1577 107 76 Il
1348 1577 125 76 est
1419 1577 232 76 toutefois
1580 1577 215 76 impossible

401 1629 247 72 d’englober
595 1629 141 72 dans
684 1629 106 72 un
737 1629 159 72 cadre
842 1629 106 72 si
895 1629 176 72 étroit
1019 1629 159 72 toute
1125 1629 106 72 la
1178 1629 212 72 richesse
1336 1629 123 72 des
1407 1629 282 72 propositions
1619 1629 176 72 offertes

399 1674 127 73 par
471 1674 218 73 diverses
635 1674 326 73 individualités
907 1674 272 73 créatrices,
1124 1674 145 73 dont
1215 1674 254 73 l’adhésion
1414 1674 91 73 à
1451 1674 109 73 la
1487 1674 308 73 contemporanéité

400 1718 109 63 se
454 1718 235 63 manifeste
635 1718 109 63 en
690 1718 127 63 une
762 1718 326 63 interprétation
1034 1718 272 63 personnelle
1251 1718 109 63 de
1305 1718 109 63 la
1359 1718 217 63 réalité,
1522 1718 109 63 en
1577 1718 127 63 une
1631 1718 163 63 volonté

400 1758 103 81 de
451 1758 259 81 transmettre
658 1758 224 81 l’échelle
831 1758 103 81 la
882 1758 138 81 plus
969 1758 155 81 large
1072 1758 224 81 possible,
1244 1758 138 81 mais
1331 1758 207 81 toujours
1486 1758 138 81 très
1555 1758 241 81 personnelle,

400 1798 132 91 des
476 1798 283 91 sentiments,
702 1798 132 91 des
777 1798 264 91 ambiances,
985 1798 132 91 des
1060 1798 245 91 émotions,
1249 1798 113 91 en
1306 1798 113 91 un
1362 1798 132 91 mot
1438 1798 170 91 toute
1532 1798 264 91 l’atmosphère

399 1850 279 56 spécifique
618 1850 119 56 de
678 1850 119 56 la
718 1850 119 56 vie.

436 1891 138 89 Les
515 1891 197 89 œuvres
653 1891 237 89 exposées
831 1891 118 89 ne
890 1891 158 89 sont
988 1891 177 89 qu’un
1107 1891 237 89 exemple,
1284 1891 118 89 un
1343 1891 217 89 exemple
1501 1891 197 89 choisi
1639 1891 158 89 avec
1718 1891 79 89 le

401 1947 147 68 plus
493 1947 165 68 grand
603 1947 165 68 soin,
713 1947 147 68 afin
805 1947 110 68 de
860 1947 202 68 montrer
1007 1947 147 68 tout
1099 1947 110 68 le
1154 1947 165 68 poids
1265 1947 276 68 quantitatif
1485 1947 110 68 de
1541 1947 110 68 la
1577 1947 221 68 discussion

443 2098 98 56 94
