1818 2197
250 7 297 64 <b>MEXIQUE</b>

552 442 222 58 Commissaire
730 442 178 58 Général:
863 442 193 58 <b>Victor
1011 442 89 58 M.
1041 442 163 58 Reyes</b>

549 481 289 69 Sous-Directeur
790 481 80 69 à
822 481 225 69 l’Institut
999 481 193 69 National
1144 481 113 69 des
1192 481 193 69 Beaux

439 766 104 77 La
491 766 226 77 sélection
665 766 122 77 des
735 766 174 77 œuvres
856 766 104 77 de
909 766 174 77 jeunes
1030 766 104 77 en
1083 766 122 77 vue
1152 766 104 77 de
1205 766 139 77 leur
1292 766 296 77 participation
1535 766 87 77 à
1570 766 104 77 la
1605 766 174 77 deuxième

401 818 217 67 Biennale
564 818 109 67 de
618 818 163 67 Paris
727 818 91 67 a
763 818 127 67 été
835 818 235 67 effectuée
1017 818 127 67 par
1089 818 109 67 le
1143 818 272 67 Département
1361 818 127 67 des
1433 818 145 67 Arts
1524 818 253 67 Plastiques
1705 818 72 67 de

400 873 247 66 l’Institut
595 873 212 66 National
754 873 124 66 des
824 873 265 66 Beaux-Arts,
1036 873 177 66 compte
1160 873 141 66 tenu
1248 873 124 66 des
1319 873 230 66 critiques
1495 873 247 66 élogieuses
1672 873 106 66 dont

400 926 122 61 ont
469 926 139 61 fait
556 926 192 61 l’objet
696 926 122 61 les
766 926 209 61 artistes
923 926 174 61 sortis
1045 926 122 61 des
1114 926 174 61 Ecoles
1236 926 157 61 d’art
1341 926 105 61 du
1393 926 209 61 Mexique,
1550 926 87 61 à
1568 926 209 61 l’occasion

398 974 301 67 d’expositions
646 974 301 67 individuelles
894 974 106 67 ou
947 974 283 67 collectives.
1177 974 124 67 Sur
1248 974 159 67 trois
1354 974 106 67 ou
1407 974 177 67 quatre
1531 974 212 67 tableaux
1673 974 106 67 pré-

397 1022 187 80 sentés
528 1022 131 80 par
603 1022 187 80 chacun
734 1022 112 80 de
790 1022 131 80 ces
865 1022 243 80 artistes,
1052 1022 112 80 le
1108 1022 280 80 Département
1332 1022 112 80 en
1388 1022 93 80 a
1426 1022 187 80 choisi
1557 1022 112 80 un
1613 1022 112 80 ou
1650 1022 131 80 deux,

433 1069 109 79 Il
487 1069 146 79 nous
579 1069 91 79 a
615 1069 146 79 paru
706 1069 237 79 pertinent
889 1069 109 79 de
944 1069 164 79 faire
1053 1069 274 79 représenter
1272 1069 182 79 toutes
1400 1069 128 79 les
1473 1069 237 79 tendances
1655 1069 128 79 qui
1710 1069 73 79 se

398 1128 270 75 manifestent
614 1128 288 75 actuellement
847 1128 108 75 au
901 1128 216 75 Mexique,
1063 1128 108 75 et
1117 1128 126 75 que
1189 1128 126 75 les
1261 1128 180 75 jeunes
1387 1128 216 75 artistes
1548 1128 234 75 reflètent
1710 1128 72 75 ou

398 1176 222 65 initient.
569 1176 154 65 Outre
671 1176 103 65 la
723 1176 222 65 tradition
894 1176 103 65 de
945 1176 103 65 ce
996 1176 120 65 que
1065 1176 137 65 l’on
1150 1176 188 65 connaît
1287 1176 137 65 sous
1373 1176 103 65 le
1424 1176 120 65 nom
1492 1176 188 65 d’Ecole
1612 1176 171 65 Réaliste

396 1227 259 66 Mexicaine,
599 1227 111 66 un
654 1227 222 66 réalisme
821 1227 351 66 expressionniste
1116 1227 111 66 de
1172 1227 222 66 tendance
1338 1227 166 66 libre
1449 1227 129 66 s’y
1523 1227 185 66 trouve
1634 1227 148 66 repré-

394 1286 197 56 senté,
532 1286 98 56 à
571 1286 157 56 côté
670 1286 118 56 de
729 1286 236 56 diverses
905 1286 216 56 nuances
1063 1286 138 56 des
1141 1286 256 56 tendances
1338 1286 138 56 non
1397 1286 275 56 figuratives.

434 1323 176 69 Plusie
557 1323 123 69 urs
628 1323 105 69 de
680 1323 123 69 ces
750 1323 211 69 artistes
908 1323 123 69 ont
979 1323 140 69 déjà
1066 1323 228 69 participé
1242 1323 88 69 à
1277 1323 123 69 des
1347 1323 263 69 expositions
1558 1323 88 69 à
1575 1323 211 69 l’étranger

397 1380 214 61 D’autres
557 1380 89 61 y
593 1380 231 61 prendront
771 1380 142 61 part
860 1380 142 61 pour
949 1380 107 61 la
1002 1380 214 61 première
1162 1380 160 61 fois.
1269 1380 107 61 Il
1322 1380 178 61 semble
1447 1380 125 61 que
1518 1380 249 61 l’ensemble
1696 1380 89 61 des

395 1424 174 79 œuvres
516 1424 209 79 reflète,
673 1424 157 79 d’une
777 1424 191 79 manière
916 1424 191 79 fidèle,
1056 1424 174 79 l’état
1177 1424 191 79 général
1316 1424 174 79 actuel
1438 1424 122 79 des
1508 1424 139 79 arts
1577 1424 209 79 plastiques

389 1471 129 66 au
433 1471 215 66 Mexique.

433 2100 98 58 80
