1818 2207
238 39 285 74 <b>FRANCE</b>

447 1017 101 97 La
498 1017 285 97 participation
732 1017 218 97 française
900 1017 101 97 se
950 1017 185 97 devait,
1085 1017 134 97 plus
1169 1017 218 97 qu’aucune
1336 1017 168 97 autre,
1454 1017 101 97 de
1504 1017 168 97 servir
1605 1017 201 97 d’exemple,

412 1101 105 67 au
464 1101 157 67 moins
569 1101 140 67 dans
656 1101 105 67 le
708 1101 192 67 respect
848 1101 122 67 des
918 1101 227 67 principes
1092 1101 122 67 qui
1162 1101 140 67 sont
1249 1101 87 67 à
1284 1101 105 67 la
1337 1101 140 67 base
1424 1101 105 67 de
1476 1101 105 67 la
1529 1101 227 67 Biennale.
1686 1101 122 67 Ainsi

409 1150 162 66 nous
510 1150 304 66 sommes-nous
753 1150 243 66 efforcés
935 1150 304 66 d’appliquer
1178 1150 385 66 scrupuleusement
1502 1150 142 66 ces
1563 1150 243 66 principes.

448 1203 129 68 Les
521 1203 166 68 jurys
632 1203 110 68 de
687 1203 239 68 sélection
871 1203 129 68 ont
945 1203 129 68 été
1018 1203 221 68 composés
1184 1203 258 68 d’artistes
1387 1203 110 68 ou
1442 1203 110 68 de
1497 1203 239 68 critiques
1663 1203 147 68 d’art,

410 1257 146 58 tous
501 1257 146 58 âgés
592 1257 109 58 de
646 1257 164 58 moins
756 1257 109 58 de
810 1257 273 58 trente-cinq
1029 1257 146 58 ans.
1120 1257 109 58 En
1174 1257 182 58 outre,
1301 1257 109 58 le
1356 1257 200 58 Conseil
1483 1257 328 58 d’Administration

413 1312 86 71 a
447 1312 156 71 tenté
551 1312 104 71 de
603 1312 225 71 compléter
776 1312 121 71 ces
845 1312 156 71 choix
949 1312 138 71 afin
1035 1312 207 71 d’éviter
1191 1312 207 71 quelques
1346 1312 190 71 erreurs
1485 1312 104 71 ou
1536 1312 173 71 oublis
1640 1312 173 71 toujours

392 1367 229 63 possibles.

448 1387 150 83 Tous
542 1387 131 83 les
617 1387 262 83 exposants,
823 1387 150 83 même
917 1387 150 83 ceux
1010 1387 169 83 ayant
1123 1387 150 83 déjà
1216 1387 187 83 acquis
1348 1387 131 83 une
1423 1387 225 83 certaine
1572 1387 244 83 réputation,

415 1464 131 57 ont
490 1464 205 57 accepté
639 1464 112 57 de
695 1464 243 57 soumettre
882 1464 168 57 leurs
994 1464 187 57 œuvres
1125 1464 112 57 au
1180 1464 224 57 jugement
1348 1464 112 57 de
1404 1464 131 57 ces
1479 1464 261 57 différents
1666 1464 149 57 jurys.

455 1506 135 64 Nous
539 1506 152 64 avons
640 1506 135 64 fait
725 1506 101 64 un
775 1506 168 64 effort
893 1506 253 64 particulier
1095 1506 101 64 en
1146 1506 168 64 faveur
1263 1506 118 64 des
1331 1506 185 64 travaux
1465 1506 236 64 collectifs
1634 1506 185 64 (groupant

418 1564 280 58 architectes,
646 1564 228 58 peintres,
821 1564 280 58 sculpteurs),
1049 1564 140 58 afin
1137 1564 105 58 de
1189 1564 175 58 tenter
1312 1564 158 58 cette
1417 1564 210 58 synthèse
1575 1564 123 58 des
1645 1564 140 58 arts
1715 1564 105 58 dont

419 1604 120 62 on
479 1604 180 62 parle
599 1604 240 62 beaucoup
779 1604 200 62 depuis
920 1604 220 62 quelque
1080 1604 200 62 temps,
1220 1604 160 62 mais
1320 1604 140 62 qui
1400 1604 200 62 semble
1541 1604 180 62 avoir
1641 1604 180 62 quelque

423 1666 164 68 peine
532 1666 91 68 à
568 1666 109 68 se
605 1666 273 68 matérialiser.

459 1707 135 62 Ces
536 1707 211 62 travaux
689 1707 135 62 ont
766 1707 250 62 nécessité
958 1707 115 62 de
1016 1707 269 62 nombreuses
1227 1707 192 62 études
1362 1707 115 62 et
1420 1707 135 62 les
1496 1707 269 62 intéressés
1689 1707 135 62 n’ont

425 1773 132 53 pas
501 1773 189 53 ménagé
633 1773 170 53 leurs
747 1773 208 53 efforts
898 1773 151 53 pour
993 1773 189 53 donner
1125 1773 132 53 une
1201 1773 208 53 réalité
1352 1773 95 53 à
1390 1773 170 53 leurs
1503 1773 227 53 projets.
1674 1773 151 53 Nous
1749 1773 76 53 ne

425 1815 227 61 saurions
595 1815 95 61 à
633 1815 170 61 cette
747 1815 227 61 occasion
917 1815 151 61 trop
1012 1815 246 61 remercier
1201 1815 303 61 spécialement
1447 1815 114 61 M.
1504 1815 114 61 H.
1561 1815 208 61 Georges
1693 1815 133 61 Adam,

428 1867 257 60 professeur
630 1867 110 60 de
685 1867 239 60 sculpture
869 1867 92 60 à
906 1867 202 60 l’Ecole
1053 1867 257 60 Supérieure
1255 1867 129 60 des
1329 1867 257 60 Beaux-Arts
1531 1867 147 60 qui,
1604 1867 221 60 témoignant

429 1924 147 44 d’un
521 1924 165 44 grand
631 1924 202 44 intérêt
778 1924 147 44 pour
870 1924 110 44 ce
925 1924 257 44 programme,
1127 1924 92 44 a
1164 1924 221 44 apporté,
1330 1924 110 44 en
1385 1924 239 44 plusieurs
1550 1924 276 44 circonstances

433 1967 125 51 une
505 1967 143 51 aide
594 1967 357 51 particulièrement
898 1967 214 51 efficace
1059 1967 143 51 pour
1148 1967 107 51 en
1201 1967 232 51 faciliter
1380 1967 107 51 la
1416 1967 250 51 réalisation.

481 2125 110 61 122
