1818 2207
250 12 155 66 <b>IRAN</b>

426 99 265 76 L’évolution
638 99 106 76 de
691 99 159 76 l’art
797 99 106 76 de
850 99 177 76 Zendeh
974 99 159 76 Roudi
1080 99 124 76 est
1150 99 230 76 étonnante
1327 99 177 76 depuis
1451 99 106 76 sa
1486 99 265 76 participation

394 155 86 74 à
428 155 276 74 l’exposition
652 155 138 74 d’il
738 155 86 74 y
773 155 86 74 a
807 155 138 74 deux
893 155 138 74 ans;
980 155 103 74 sa
1031 155 190 74 manière
1169 155 155 74 quasi
1273 155 241 74 académique
1462 155 190 74 d’antan
1600 155 86 74 a
1617 155 138 74 laissé

390 208 186 68 place
514 208 103 68 à
556 208 145 68 une
638 208 248 68 éclosion
824 208 165 68 très
928 208 248 68 heureuse
1113 208 124 68 de
1175 208 124 68 sa
1237 208 351 68 personnalité.
1527 208 227 68 Pendant
1671 208 83 68 un

392 248 111 65 an
447 248 111 65 de
502 248 203 65 travail
650 248 221 65 acharné,
815 248 111 65 il
871 248 92 65 a
907 248 203 65 produit
1055 248 111 65 un
1110 248 184 65 nombre
1239 248 295 65 considérable
1479 248 221 65 d’œuvres
1626 248 129 65 d’une

393 301 205 64 rigueur
543 301 336 64 déconcertante,
823 301 187 64 œuvres
954 301 149 64 dont
1047 301 112 64 la
1103 301 299 64 connaissance
1346 301 149 64 nous
1439 301 187 64 paraît
1552 301 205 64 opportune

392 341 91 70 à
428 341 237 70 quiconque
610 341 255 70 désirerait
810 341 182 70 suivre
938 341 109 70 le
992 341 255 70 mystérieux
1193 341 237 70 dynamisme
1375 341 109 70 de
1429 341 328 70 l’inconscience
1684 341 73 70 de

391 391 246 64 l’artiste
581 391 284 64 aboutissant
808 391 95 64 à
846 391 133 64 ses
922 391 209 64 efforts
1074 391 227 64 actuels;
1244 391 152 64 nous
1339 391 152 64 nous
1434 391 190 64 sommes
1547 391 209 64 contentés

387 435 166 70 d’en
491 435 312 70 représenter
741 435 166 70 deux
844 435 291 70 spécimens.
1073 435 333 70 Brusquement,
1343 435 187 70 comme
1468 435 187 70 hanté
1593 435 145 70 par
1655 435 104 70 des

391 492 210 61 esprits,
549 492 105 61 il
602 492 175 61 laissa
724 492 105 61 de
777 492 140 61 côté
864 492 105 61 la
917 492 175 61 brosse
1039 492 105 61 et
1092 492 105 61 la
1144 492 158 61 toile
1249 492 140 61 pour
1337 492 245 61 s’attaquer
1529 492 88 61 à
1547 492 210 61 d’immenses

390 531 245 64 aquarelles
583 531 228 64 bizarres,
759 531 175 64 sortes
881 531 105 64 de
934 531 193 64 grandes
1074 531 245 64 empreintes
1267 531 263 64 d’incisions
1477 531 140 64 dans
1548 531 210 64 lesquelles

389 577 110 65 la
444 577 201 65 couleur
590 577 128 65 est
663 577 201 65 souvent
809 577 201 65 obtenue
955 577 128 65 par
1028 577 128 65 des
1101 577 183 65 traits
1229 577 164 65 d’une
1338 577 164 65 force
1448 577 201 65 magique
1594 577 164 65 qu’on
1685 577 73 65 ne

391 621 208 74 retrouve
547 621 121 74 que
616 621 121 74 sur
685 621 225 74 certaines
859 621 121 74 des
928 621 225 74 anciennes
1101 621 225 74 amulettes
1275 621 104 74 et
1327 621 121 74 sur
1396 621 121 74 des
1465 621 173 74 pièces
1587 621 87 74 à
1604 621 156 74 l’usage

388 666 110 72 de
443 666 293 72 l’exorcisme.
680 666 110 72 On
735 666 128 72 l’a
809 666 128 72 vu,
882 666 91 72 à
918 666 110 72 sa
973 666 220 72 dernière
1138 666 256 72 exposition
1339 666 110 72 de
1394 666 220 72 Téhéran,
1559 666 110 72 se
1595 666 165 72 réjouir

388 721 217 62 d’étaler
551 721 181 62 devant
677 721 126 62 les
749 721 145 62 yeux
840 721 199 62 hagards
984 721 126 62 des
1056 721 235 62 visiteurs
1237 721 343 62 d’interminables
1526 721 235 62 rouleaux,
1689 721 72 62 de

387 774 176 53 quinze
511 774 176 53 mêtres
634 774 106 53 de
687 774 141 53 long
775 774 211 53 parfois,
933 774 141 53 dans
1021 774 211 53 lesquels
1179 774 123 53 les
1250 774 176 53 traits
1373 774 282 53 fourmillants
1584 774 176 53 remplis-

386 813 183 56 saient
514 813 128 56 des
587 813 202 56 images,
734 813 238 56 rappelant
917 813 128 56 les
991 813 183 56 signes
1119 813 202 56 curieux
1266 813 128 56 des
1339 813 165 56 vieux
1431 813 238 56 astrolabes.

418 853 187 74 Certes,
554 853 153 74 l’art
656 853 102 74 de
707 853 170 74 Zendeh
826 853 153 74 Roudi
928 853 187 74 enfonce
1064 853 102 74 sa
1115 853 170 74 racine
1234 853 136 74 dans
1319 853 102 74 la
1370 853 136 74 très
1455 853 187 74 vieille
1574 853 187 74 tradition

383 910 208 65 persane
534 910 113 65 et
591 910 208 65 remonte
742 910 95 65 à
780 910 189 65 l’aube
912 910 113 65 de
969 910 265 65 l’histoire
1177 910 113 65 où
1234 910 132 65 les
1309 910 170 65 Mages
1423 910 95 65 «
1461 910 151 65 Mogo
1555 910 95 65 »
1574 910 189 65 iraniens

383 957 303 64 pratiquaient
629 957 170 64 leurs
743 957 227 64 sciences
913 957 151 64 avec
1007 957 114 64 un
1064 957 132 64 art
1140 957 246 64 graphique
1329 957 227 64 consommé
1499 957 246 64 (n’est-il
1669 957 95 64 pas

383 998 245 66 d’ailleurs
575 998 157 66 admis
680 998 122 66 que
750 998 105 66 la
802 998 157 66 magie
907 998 87 66 a
942 998 122 66 été
1012 998 87 66 à
1047 998 227 66 l’origine
1222 998 105 66 de
1274 998 210 66 l’art?),
1432 998 140 66 mais
1519 998 122 66 cet
1589 998 122 66 art
1642 998 122 66 reste

381 1044 89 64 à
417 1044 177 64 jamais
541 1044 177 64 actuel
665 1044 106 64 en
718 1044 142 64 tant
807 1044 301 64 qu’expression
1055 1044 106 64 la
1108 1044 142 64 plus
1197 1044 230 64 spontanée
1374 1044 106 64 de
1427 1044 160 64 l’âme
1534 1044 142 64 d’un
1604 1044 160 64 artiste

381 1097 175 61 nourri
504 1097 158 61 d’une
609 1097 280 61 civilisation
837 1097 263 61 millénaire,
1047 1097 140 61 avec
1135 1097 105 61 le
1187 1097 158 61 souci
1292 1097 210 61 constant
1450 1097 158 61 d’une
1537 1097 228 61 composition

379 1136 129 61 qui
452 1136 111 61 se
508 1136 148 61 veut
600 1136 240 61 plastique
784 1136 258 61 par-dessus
969 1136 129 61 tout.

414 1178 110 76 De
469 1178 164 76 l’art
578 1178 110 76 de
633 1178 238 76 Chahvagh,
816 1178 238 76 sculpteur
998 1178 219 76 peintre,
1163 1178 146 76 nous
1254 1178 110 76 ne
1309 1178 219 76 pouvons,
1455 1178 311 76 malheureusement

374 1224 172 79 faute
488 1224 115 79 de
546 1224 191 79 place,
679 1224 210 79 exposer
832 1224 191 79 qu’une
966 1224 172 79 seule
1080 1224 191 79 œuvre.
1214 1224 229 79 Chahvagh
1385 1224 229 79 pratique
1557 1224 191 79 depuis
1672 1224 95 79 des

376 1279 188 59 années
508 1279 113 59 un
564 1279 132 59 art
639 1279 113 59 en
696 1279 169 59 quête
808 1279 113 59 de
865 1279 113 59 la
921 1279 338 59 reconciliation
1203 1279 169 59 entre
1316 1279 132 59 une
1391 1279 188 59 pensée
1504 1279 263 59 métaphysique

380 1320 154 66 d’une
483 1320 154 66 part,
585 1320 103 66 et
637 1320 120 66 les
705 1320 223 66 exigences
876 1320 137 66 d’un
962 1320 120 66 art
1031 1320 206 66 matériel
1185 1320 103 66 de
1236 1320 206 66 l’autre.
1390 1320 154 66 C’est
1493 1320 103 66 un
1544 1320 120 66 art
1596 1320 171 66 dualiste

376 1362 140 78 qui
456 1362 140 78 est
536 1362 120 78 en
596 1362 160 78 même
695 1362 180 78 temps
815 1362 160 78 issu
915 1362 120 78 de
975 1362 100 78 «
1015 1362 299 78 Ahura-Mazda
1254 1362 100 78 »
1294 1362 120 78 et
1354 1362 120 78 de
1414 1362 100 78 «
1454 1362 219 78 Ahriman
1593 1362 80 78 ».

408 1410 163 68 Qu’on
517 1410 109 68 ne
571 1410 145 68 nous
662 1410 109 68 en
716 1410 199 68 veuille
861 1410 127 68 pas
934 1410 127 68 si,
1006 1410 145 68 dans
1097 1410 127 68 une
1170 1410 254 68 exposition
1369 1410 109 68 de
1423 1410 163 68 l’art
1532 1410 199 68 actuel,
1659 1410 109 68 nous

377 1449 238 79 insistons
560 1449 128 79 sur
633 1449 92 79 «
670 1449 330 79 l’affligeante!
945 1449 92 79 »
982 1449 238 79 tradition
1165 1449 128 79 car
1238 1449 165 79 c’est
1348 1449 165 79 ainsi
1458 1449 128 79 que
1532 1449 147 79 nous
1605 1449 165 79 pouvons

377 1512 199 71 rester
516 1512 338 71 effectivement
795 1512 298 71 nous-mêmes.
1033 1512 179 71 Qu’il
1153 1512 119 71 me
1212 1512 159 71 soit
1312 1512 199 71 permis
1451 1512 119 71 de
1511 1512 258 71 reprendre
1689 1512 80 71 la

374 1552 216 83 fameuse
532 1552 295 83 déclaration
767 1552 118 83 de
826 1552 118 83 M.
885 1552 256 83 Danielou,
1082 1552 177 83 comme
1200 1552 275 83 conclusion
1416 1552 118 83 au
1475 1552 216 83 Congrès
1613 1552 157 83 inter-

379 1592 220 75 national
544 1592 110 75 de
599 1592 110 75 la
653 1592 202 75 musique
800 1592 110 75 de
855 1592 202 75 Téhéran
1002 1592 92 75 :
1038 1592 92 75 «
1075 1592 165 75 C’est
1185 1592 147 75 dans
1276 1592 165 75 notre
1386 1592 238 75 diversité
1569 1592 128 75 que
1624 1592 147 75 réside

378 1639 165 75 notre
488 1639 202 75 pouvoir
634 1639 256 75 d’échange.
836 1639 165 75 C’est
946 1639 202 75 lorsque
1092 1639 183 75 chacun
1220 1639 110 75 de
1275 1639 147 75 nous
1367 1639 128 75 est
1440 1639 220 75 vraiment
1587 1639 183 75 lui

376 1693 139 81 que
456 1693 159 81 nous
555 1693 199 81 sommes
695 1693 159 81 tous
794 1693 179 81 égaux
914 1693 119 81 et
973 1693 139 81 que
1053 1693 159 81 nous
1153 1693 219 81 pouvons
1312 1693 199 81 parler
1451 1693 119 81 la
1511 1693 159 81 tête
1591 1693 179 81 haute..

378 1735 119 99 sur
446 1735 102 99 le
497 1735 136 99 plan
582 1735 187 99 social,
718 1735 170 99 moral,
837 1735 204 99 musical,
990 1735 102 99 il
1041 1735 204 99 n’existe
1194 1735 119 99 pas
1262 1735 102 99 de
1313 1735 187 99 critère
1449 1735 221 99 absolu...
1619 1735 85 99 »
1653 1735 102 99 et
1687 1735 85 99 sur

379 1776 152 86 l’art
480 1776 220 86 plastique
649 1776 118 86 non
717 1776 152 86 plus,
802 1776 253 86 ajouterai

1479 1965 166 74 Akbar
1571 1965 202 74 Tadjvidi.

423 2103 96 44 58
