<?xml version="1.0" encoding="UTF-8"?>
<alto xmlns:xsi="http://www.w3.org/2001/XMLSchema-instance"
      xmlns="http://www.loc.gov/standards/alto/ns-v2#"
      xmlns:page="http://schema.primaresearch.org/PAGE/gts/pagecontent/2013-07-15"
      xsi:schemaLocation="http://www.loc.gov/standards/alto/ns-v2# http://www.loc.gov/standards/alto/alto.xsd">
   <Description>
      <MeasurementUnit>pixel</MeasurementUnit>
      <OCRProcessing ID="IdOcr">
         <ocrProcessingStep>
            <processingDateTime>2020-07-01T20:52:20.309+02:00</processingDateTime>
            <processingSoftware>
               <softwareCreator>READ COOP</softwareCreator>
               <softwareName>Transkribus</softwareName>
            </processingSoftware>
         </ocrProcessingStep>
      </OCRProcessing>
   </Description>
   <Tags/>
   <Layout>
      <Page ID="Page1" PHYSICAL_IMG_NR="1" HEIGHT="2218" WIDTH="1683">
         <TopMargin HEIGHT="0" WIDTH="1683" VPOS="0" HPOS="0"/>
         <LeftMargin HEIGHT="2218" WIDTH="0" VPOS="0" HPOS="0"/>
         <RightMargin HEIGHT="2218" WIDTH="0" VPOS="0" HPOS="1683"/>
         <BottomMargin HEIGHT="0" WIDTH="1683" VPOS="2218" HPOS="0"/>
         <PrintSpace HEIGHT="2218" WIDTH="1683" VPOS="0" HPOS="0">
            <TextBlock ID="r_1_1" HEIGHT="69" WIDTH="745" VPOS="359" HPOS="326">
               <Shape>
                  <Polygon POINTS="326,359 1071,359 1071,428 326,428"/>
               </Shape>
               <TextLine ID="tl_1"
                         BASELINE="396"
                         HEIGHT="60"
                         WIDTH="761"
                         VPOS="336"
                         HPOS="318">
                  <String HEIGHT="60"
                          WIDTH="285"
                          VPOS="336"
                          HPOS="299"
                          CONTENT="Commissaire"/>
                  <SP HEIGHT="60" WIDTH="19" VPOS="336" HPOS="584"/>
                  <String HEIGHT="60"
                          WIDTH="209"
                          VPOS="336"
                          HPOS="527"
                          CONTENT="Général"/>
                  <SP HEIGHT="60" WIDTH="19" VPOS="336" HPOS="737"/>
                  <String HEIGHT="60" WIDTH="95" VPOS="336" HPOS="679" CONTENT=":"/>
                  <SP HEIGHT="60" WIDTH="19" VPOS="336" HPOS="775"/>
                  <String HEIGHT="60" WIDTH="133" VPOS="336" HPOS="718" CONTENT="Dr."/>
                  <SP HEIGHT="60" WIDTH="19" VPOS="336" HPOS="851"/>
                  <String HEIGHT="60"
                          WIDTH="190"
                          VPOS="336"
                          HPOS="794"
                          CONTENT="Werner"/>
                  <SP HEIGHT="60" WIDTH="19" VPOS="336" HPOS="984"/>
                  <String HEIGHT="60"
                          WIDTH="171"
                          VPOS="336"
                          HPOS="908"
                          CONTENT="Hofmann"/>
               </TextLine>
               <TextLine ID="tl_2"
                         BASELINE="462"
                         HEIGHT="71"
                         WIDTH="762"
                         VPOS="391"
                         HPOS="318">
                  <String HEIGHT="71"
                          WIDTH="230"
                          VPOS="391"
                          HPOS="300"
                          CONTENT="Directeur"/>
                  <SP HEIGHT="71" WIDTH="18" VPOS="391" HPOS="531"/>
                  <String HEIGHT="71" WIDTH="106" VPOS="391" HPOS="477" CONTENT="du"/>
                  <SP HEIGHT="71" WIDTH="18" VPOS="391" HPOS="584"/>
                  <String HEIGHT="71"
                          WIDTH="159"
                          VPOS="391"
                          HPOS="531"
                          CONTENT="Musée"/>
                  <SP HEIGHT="71" WIDTH="18" VPOS="391" HPOS="690"/>
                  <String HEIGHT="71" WIDTH="106" VPOS="391" HPOS="637" CONTENT="du"/>
                  <SP HEIGHT="71" WIDTH="18" VPOS="391" HPOS="743"/>
                  <String HEIGHT="71" WIDTH="124" VPOS="391" HPOS="690" CONTENT="XXe"/>
                  <SP HEIGHT="71" WIDTH="18" VPOS="391" HPOS="814"/>
                  <String HEIGHT="71"
                          WIDTH="177"
                          VPOS="391"
                          HPOS="761"
                          CONTENT="siècle"/>
                  <SP HEIGHT="71" WIDTH="18" VPOS="391" HPOS="938"/>
                  <String HEIGHT="71" WIDTH="106" VPOS="391" HPOS="885" CONTENT="de"/>
                  <SP HEIGHT="71" WIDTH="18" VPOS="391" HPOS="991"/>
                  <String HEIGHT="71"
                          WIDTH="159"
                          VPOS="391"
                          HPOS="921"
                          CONTENT="Vienne."/>
               </TextLine>
            </TextBlock>
            <TextBlock ID="r_2_1" HEIGHT="329" WIDTH="1413" VPOS="546" HPOS="127">
               <Shape>
                  <Polygon POINTS="127,546 1540,546 1540,875 127,875"/>
               </Shape>
               <TextLine ID="tl_3"
                         BASELINE="597"
                         HEIGHT="72"
                         WIDTH="1390"
                         VPOS="525"
                         HPOS="154">
                  <String HEIGHT="72"
                          WIDTH="174"
                          VPOS="525"
                          HPOS="135"
                          CONTENT="Cette"/>
                  <SP HEIGHT="72" WIDTH="19" VPOS="525" HPOS="308"/>
                  <String HEIGHT="72"
                          WIDTH="193"
                          VPOS="525"
                          HPOS="251"
                          CONTENT="année,"/>
                  <SP HEIGHT="72" WIDTH="19" VPOS="525" HPOS="444"/>
                  <String HEIGHT="72"
                          WIDTH="270"
                          VPOS="525"
                          HPOS="386"
                          CONTENT="l’Autriche"/>
                  <SP HEIGHT="72" WIDTH="19" VPOS="525" HPOS="656"/>
                  <String HEIGHT="72"
                          WIDTH="251"
                          VPOS="525"
                          HPOS="598"
                          CONTENT="participe"/>
                  <SP HEIGHT="72" WIDTH="19" VPOS="525" HPOS="849"/>
                  <String HEIGHT="72"
                          WIDTH="154"
                          VPOS="525"
                          HPOS="791"
                          CONTENT="pour"/>
                  <SP HEIGHT="72" WIDTH="19" VPOS="525" HPOS="946"/>
                  <String HEIGHT="72" WIDTH="116" VPOS="525" HPOS="888" CONTENT="la"/>
                  <SP HEIGHT="72" WIDTH="19" VPOS="525" HPOS="1003"/>
                  <String HEIGHT="72"
                          WIDTH="232"
                          VPOS="525"
                          HPOS="946"
                          CONTENT="première"/>
                  <SP HEIGHT="72" WIDTH="19" VPOS="525" HPOS="1177"/>
                  <String HEIGHT="72"
                          WIDTH="154"
                          VPOS="525"
                          HPOS="1119"
                          CONTENT="fois"/>
                  <SP HEIGHT="72" WIDTH="19" VPOS="525" HPOS="1274"/>
                  <String HEIGHT="72" WIDTH="97" VPOS="525" HPOS="1216" CONTENT="à"/>
                  <SP HEIGHT="72" WIDTH="19" VPOS="525" HPOS="1312"/>
                  <String HEIGHT="72" WIDTH="116" VPOS="525" HPOS="1254" CONTENT="la"/>
                  <SP HEIGHT="72" WIDTH="19" VPOS="525" HPOS="1370"/>
                  <String HEIGHT="72"
                          WIDTH="232"
                          VPOS="525"
                          HPOS="1312"
                          CONTENT="Biennale"/>
                  <SP HEIGHT="72" WIDTH="19" VPOS="525" HPOS="1544"/>
                  <String HEIGHT="72" WIDTH="77" VPOS="525" HPOS="1467" CONTENT="de"/>
               </TextLine>
               <TextLine ID="tl_4"
                         BASELINE="646"
                         HEIGHT="60"
                         WIDTH="1423"
                         VPOS="586"
                         HPOS="121">
                  <String HEIGHT="60"
                          WIDTH="185"
                          VPOS="586"
                          HPOS="103"
                          CONTENT="Paris."/>
                  <SP HEIGHT="60" WIDTH="18" VPOS="586" HPOS="287"/>
                  <String HEIGHT="60" WIDTH="111" VPOS="586" HPOS="232" CONTENT="En"/>
                  <SP HEIGHT="60" WIDTH="18" VPOS="586" HPOS="343"/>
                  <String HEIGHT="60"
                          WIDTH="166"
                          VPOS="586"
                          HPOS="287"
                          CONTENT="1959,"/>
                  <SP HEIGHT="60" WIDTH="18" VPOS="586" HPOS="454"/>
                  <String HEIGHT="60"
                          WIDTH="148"
                          VPOS="586"
                          HPOS="398"
                          CONTENT="seul"/>
                  <SP HEIGHT="60" WIDTH="18" VPOS="586" HPOS="546"/>
                  <String HEIGHT="60"
                          WIDTH="333"
                          VPOS="586"
                          HPOS="491"
                          CONTENT="Hundertwasser,"/>
                  <SP HEIGHT="60" WIDTH="18" VPOS="586" HPOS="823"/>
                  <String HEIGHT="60" WIDTH="129" VPOS="586" HPOS="768" CONTENT="par"/>
                  <SP HEIGHT="60" WIDTH="18" VPOS="586" HPOS="897"/>
                  <String HEIGHT="60"
                          WIDTH="351"
                          VPOS="586"
                          HPOS="842"
                          CONTENT="l’intermédiaire"/>
                  <SP HEIGHT="60" WIDTH="18" VPOS="586" HPOS="1193"/>
                  <String HEIGHT="60" WIDTH="111" VPOS="586" HPOS="1137" CONTENT="du"/>
                  <SP HEIGHT="60" WIDTH="18" VPOS="586" HPOS="1248"/>
                  <String HEIGHT="60" WIDTH="92" VPOS="586" HPOS="1193" CONTENT="«"/>
                  <SP HEIGHT="60" WIDTH="18" VPOS="586" HPOS="1285"/>
                  <String HEIGHT="60"
                          WIDTH="166"
                          VPOS="586"
                          HPOS="1230"
                          CONTENT="choix"/>
                  <SP HEIGHT="60" WIDTH="18" VPOS="586" HPOS="1396"/>
                  <String HEIGHT="60"
                          WIDTH="129"
                          VPOS="586"
                          HPOS="1341"
                          CONTENT="des"/>
                  <SP HEIGHT="60" WIDTH="18" VPOS="586" HPOS="1470"/>
                  <String HEIGHT="60"
                          WIDTH="148"
                          VPOS="586"
                          HPOS="1396"
                          CONTENT="jeunes"/>
               </TextLine>
               <TextLine ID="tl_5"
                         BASELINE="694"
                         HEIGHT="68"
                         WIDTH="1425"
                         VPOS="626"
                         HPOS="120">
                  <String HEIGHT="68"
                          WIDTH="247"
                          VPOS="626"
                          HPOS="101"
                          CONTENT="critiques"/>
                  <SP HEIGHT="68" WIDTH="19" VPOS="626" HPOS="348"/>
                  <String HEIGHT="68" WIDTH="95" VPOS="626" HPOS="291" CONTENT="»"/>
                  <SP HEIGHT="68" WIDTH="19" VPOS="626" HPOS="386"/>
                  <String HEIGHT="68" WIDTH="95" VPOS="626" HPOS="329" CONTENT="a"/>
                  <SP HEIGHT="68" WIDTH="19" VPOS="626" HPOS="424"/>
                  <String HEIGHT="68" WIDTH="114" VPOS="626" HPOS="367" CONTENT="pu"/>
                  <SP HEIGHT="68" WIDTH="19" VPOS="626" HPOS="481"/>
                  <String HEIGHT="68"
                          WIDTH="209"
                          VPOS="626"
                          HPOS="424"
                          CONTENT="prendre"/>
                  <SP HEIGHT="68" WIDTH="19" VPOS="626" HPOS="633"/>
                  <String HEIGHT="68"
                          WIDTH="152"
                          VPOS="626"
                          HPOS="576"
                          CONTENT="part"/>
                  <SP HEIGHT="68" WIDTH="19" VPOS="626" HPOS="728"/>
                  <String HEIGHT="68" WIDTH="95" VPOS="626" HPOS="671" CONTENT="à"/>
                  <SP HEIGHT="68" WIDTH="19" VPOS="626" HPOS="766"/>
                  <String HEIGHT="68"
                          WIDTH="171"
                          VPOS="626"
                          HPOS="709"
                          CONTENT="cette"/>
                  <SP HEIGHT="68" WIDTH="19" VPOS="626" HPOS="880"/>
                  <String HEIGHT="68"
                          WIDTH="323"
                          VPOS="626"
                          HPOS="823"
                          CONTENT="manifestation"/>
                  <SP HEIGHT="68" WIDTH="19" VPOS="626" HPOS="1146"/>
                  <String HEIGHT="68"
                          WIDTH="285"
                          VPOS="626"
                          HPOS="1089"
                          CONTENT="importante."/>
                  <SP HEIGHT="68" WIDTH="19" VPOS="626" HPOS="1374"/>
                  <String HEIGHT="68" WIDTH="114" VPOS="626" HPOS="1317" CONTENT="Ce"/>
                  <SP HEIGHT="68" WIDTH="19" VPOS="626" HPOS="1431"/>
                  <String HEIGHT="68"
                          WIDTH="190"
                          VPOS="626"
                          HPOS="1355"
                          CONTENT="peintre,"/>
               </TextLine>
               <TextLine ID="tl_6"
                         BASELINE="742"
                         HEIGHT="60"
                         WIDTH="1425"
                         VPOS="682"
                         HPOS="121">
                  <String HEIGHT="60" WIDTH="125" VPOS="682" HPOS="103" CONTENT="qui"/>
                  <SP HEIGHT="60" WIDTH="18" VPOS="682" HPOS="228"/>
                  <String HEIGHT="60" WIDTH="107" VPOS="682" HPOS="174" CONTENT="se"/>
                  <SP HEIGHT="60" WIDTH="18" VPOS="682" HPOS="281"/>
                  <String HEIGHT="60" WIDTH="125" VPOS="682" HPOS="228" CONTENT="dit"/>
                  <SP HEIGHT="60" WIDTH="18" VPOS="682" HPOS="353"/>
                  <String HEIGHT="60"
                          WIDTH="249"
                          VPOS="682"
                          HPOS="299"
                          CONTENT="volontiers"/>
                  <SP HEIGHT="60" WIDTH="18" VPOS="682" HPOS="549"/>
                  <String HEIGHT="60"
                          WIDTH="249"
                          VPOS="682"
                          HPOS="495"
                          CONTENT="l’héritier"/>
                  <SP HEIGHT="60" WIDTH="18" VPOS="682" HPOS="744"/>
                  <String HEIGHT="60" WIDTH="107" VPOS="682" HPOS="691" CONTENT="du"/>
                  <SP HEIGHT="60" WIDTH="18" VPOS="682" HPOS="798"/>
                  <String HEIGHT="60"
                          WIDTH="249"
                          VPOS="682"
                          HPOS="744"
                          CONTENT="linéarisme"/>
                  <SP HEIGHT="60" WIDTH="18" VPOS="682" HPOS="994"/>
                  <String HEIGHT="60"
                          WIDTH="285"
                          VPOS="682"
                          HPOS="940"
                          CONTENT="mélancolique"/>
                  <SP HEIGHT="60" WIDTH="18" VPOS="682" HPOS="1225"/>
                  <String HEIGHT="60"
                          WIDTH="125"
                          VPOS="682"
                          HPOS="1172"
                          CONTENT="des"/>
                  <SP HEIGHT="60" WIDTH="18" VPOS="682" HPOS="1297"/>
                  <String HEIGHT="60"
                          WIDTH="321"
                          VPOS="682"
                          HPOS="1225"
                          CONTENT="expressionnistes"/>
               </TextLine>
               <TextLine ID="tl_7"
                         BASELINE="783"
                         HEIGHT="64"
                         WIDTH="1427"
                         VPOS="719"
                         HPOS="119">
                  <String HEIGHT="64"
                          WIDTH="293"
                          VPOS="719"
                          HPOS="101"
                          CONTENT="autrichiens,"/>
                  <SP HEIGHT="64" WIDTH="18" VPOS="719" HPOS="393"/>
                  <String HEIGHT="64"
                          WIDTH="183"
                          VPOS="719"
                          HPOS="339"
                          CONTENT="aurait"/>
                  <SP HEIGHT="64" WIDTH="18" VPOS="719" HPOS="521"/>
                  <String HEIGHT="64"
                          WIDTH="183"
                          VPOS="719"
                          HPOS="467"
                          CONTENT="mérité"/>
                  <SP HEIGHT="64" WIDTH="18" VPOS="719" HPOS="650"/>
                  <String HEIGHT="64" WIDTH="128" VPOS="719" HPOS="595" CONTENT="une"/>
                  <SP HEIGHT="64" WIDTH="18" VPOS="719" HPOS="723"/>
                  <String HEIGHT="64"
                          WIDTH="165"
                          VPOS="719"
                          HPOS="668"
                          CONTENT="place"/>
                  <SP HEIGHT="64" WIDTH="18" VPOS="719" HPOS="833"/>
                  <String HEIGHT="64" WIDTH="110" VPOS="719" HPOS="778" CONTENT="de"/>
                  <SP HEIGHT="64" WIDTH="18" VPOS="719" HPOS="887"/>
                  <String HEIGHT="64"
                          WIDTH="165"
                          VPOS="719"
                          HPOS="832"
                          CONTENT="choix"/>
                  <SP HEIGHT="64" WIDTH="18" VPOS="719" HPOS="997"/>
                  <String HEIGHT="64"
                          WIDTH="146"
                          VPOS="719"
                          HPOS="942"
                          CONTENT="dans"/>
                  <SP HEIGHT="64" WIDTH="18" VPOS="719" HPOS="1089"/>
                  <String HEIGHT="64" WIDTH="110" VPOS="719" HPOS="1034" CONTENT="la"/>
                  <SP HEIGHT="64" WIDTH="18" VPOS="719" HPOS="1144"/>
                  <String HEIGHT="64"
                          WIDTH="238"
                          VPOS="719"
                          HPOS="1089"
                          CONTENT="sélection"/>
                  <SP HEIGHT="64" WIDTH="18" VPOS="719" HPOS="1326"/>
                  <String HEIGHT="64" WIDTH="110" VPOS="719" HPOS="1272" CONTENT="de"/>
                  <SP HEIGHT="64" WIDTH="18" VPOS="719" HPOS="1381"/>
                  <String HEIGHT="64"
                          WIDTH="165"
                          VPOS="719"
                          HPOS="1326"
                          CONTENT="notre"/>
                  <SP HEIGHT="64" WIDTH="18" VPOS="719" HPOS="1491"/>
                  <String HEIGHT="64"
                          WIDTH="128"
                          VPOS="719"
                          HPOS="1418"
                          CONTENT="pays."/>
               </TextLine>
               <TextLine ID="tl_8"
                         BASELINE="834"
                         HEIGHT="67"
                         WIDTH="1426"
                         VPOS="767"
                         HPOS="123">
                  <String HEIGHT="67" WIDTH="135" VPOS="767" HPOS="104" CONTENT="Des"/>
                  <SP HEIGHT="67" WIDTH="19" VPOS="767" HPOS="239"/>
                  <String HEIGHT="67"
                          WIDTH="289"
                          VPOS="767"
                          HPOS="181"
                          CONTENT="difficultés"/>
                  <SP HEIGHT="67" WIDTH="19" VPOS="767" HPOS="470"/>
                  <String HEIGHT="67"
                          WIDTH="289"
                          VPOS="767"
                          HPOS="412"
                          CONTENT="techniques,"/>
                  <SP HEIGHT="67" WIDTH="19" VPOS="767" HPOS="701"/>
                  <String HEIGHT="67"
                          WIDTH="270"
                          VPOS="767"
                          HPOS="643"
                          CONTENT="provoquées"/>
                  <SP HEIGHT="67" WIDTH="19" VPOS="767" HPOS="913"/>
                  <String HEIGHT="67" WIDTH="135" VPOS="767" HPOS="855" CONTENT="par"/>
                  <SP HEIGHT="67" WIDTH="19" VPOS="767" HPOS="990"/>
                  <String HEIGHT="67"
                          WIDTH="154"
                          VPOS="767"
                          HPOS="932"
                          CONTENT="deux"/>
                  <SP HEIGHT="67" WIDTH="19" VPOS="767" HPOS="1087"/>
                  <String HEIGHT="67"
                          WIDTH="289"
                          VPOS="767"
                          HPOS="1029"
                          CONTENT="importantes"/>
                  <SP HEIGHT="67" WIDTH="19" VPOS="767" HPOS="1318"/>
                  <String HEIGHT="67"
                          WIDTH="289"
                          VPOS="767"
                          HPOS="1260"
                          CONTENT="expositions"/>
                  <SP HEIGHT="67" WIDTH="19" VPOS="767" HPOS="1549"/>
                  <String HEIGHT="67" WIDTH="77" VPOS="767" HPOS="1472" CONTENT="de"/>
               </TextLine>
               <TextLine ID="tl_9"
                         BASELINE="875"
                         HEIGHT="57"
                         WIDTH="831"
                         VPOS="818"
                         HPOS="122">
                  <String HEIGHT="57"
                          WIDTH="230"
                          VPOS="818"
                          HPOS="104"
                          CONTENT="l’artiste"/>
                  <SP HEIGHT="57" WIDTH="18" VPOS="818" HPOS="334"/>
                  <String HEIGHT="57" WIDTH="106" VPOS="818" HPOS="281" CONTENT="au"/>
                  <SP HEIGHT="57" WIDTH="18" VPOS="818" HPOS="387"/>
                  <String HEIGHT="57"
                          WIDTH="177"
                          VPOS="818"
                          HPOS="334"
                          CONTENT="dapon,"/>
                  <SP HEIGHT="57" WIDTH="18" VPOS="818" HPOS="511"/>
                  <String HEIGHT="57" WIDTH="124" VPOS="818" HPOS="458" CONTENT="ont"/>
                  <SP HEIGHT="57" WIDTH="18" VPOS="818" HPOS="582"/>
                  <String HEIGHT="57"
                          WIDTH="141"
                          VPOS="818"
                          HPOS="529"
                          CONTENT="fait"/>
                  <SP HEIGHT="57" WIDTH="18" VPOS="818" HPOS="670"/>
                  <String HEIGHT="57"
                          WIDTH="194"
                          VPOS="818"
                          HPOS="617"
                          CONTENT="échouer"/>
                  <SP HEIGHT="57" WIDTH="18" VPOS="818" HPOS="812"/>
                  <String HEIGHT="57" WIDTH="106" VPOS="818" HPOS="759" CONTENT="ce"/>
                  <SP HEIGHT="57" WIDTH="18" VPOS="818" HPOS="865"/>
                  <String HEIGHT="57"
                          WIDTH="159"
                          VPOS="818"
                          HPOS="794"
                          CONTENT="projet."/>
               </TextLine>
            </TextBlock>
            <TextBlock ID="r_2_2" HEIGHT="378" WIDTH="1416" VPOS="868" HPOS="129">
               <Shape>
                  <Polygon POINTS="129,868 1545,868 1545,1246 129,1246"/>
               </Shape>
               <TextLine ID="tl_10"
                         BASELINE="922"
                         HEIGHT="64"
                         WIDTH="1396"
                         VPOS="858"
                         HPOS="155">
                  <String HEIGHT="64" WIDTH="132" VPOS="858" HPOS="136" CONTENT="Mon"/>
                  <SP HEIGHT="64" WIDTH="19" VPOS="858" HPOS="268"/>
                  <String HEIGHT="64"
                          WIDTH="170"
                          VPOS="858"
                          HPOS="212"
                          CONTENT="choix"/>
                  <SP HEIGHT="64" WIDTH="19" VPOS="858" HPOS="381"/>
                  <String HEIGHT="64"
                          WIDTH="208"
                          VPOS="858"
                          HPOS="325"
                          CONTENT="propose"/>
                  <SP HEIGHT="64" WIDTH="19" VPOS="858" HPOS="532"/>
                  <String HEIGHT="64"
                          WIDTH="151"
                          VPOS="858"
                          HPOS="476"
                          CONTENT="deux"/>
                  <SP HEIGHT="64" WIDTH="19" VPOS="858" HPOS="627"/>
                  <String HEIGHT="64"
                          WIDTH="245"
                          VPOS="858"
                          HPOS="570"
                          CONTENT="peintres,"/>
                  <SP HEIGHT="64" WIDTH="19" VPOS="858" HPOS="815"/>
                  <String HEIGHT="64" WIDTH="113" VPOS="858" HPOS="759" CONTENT="un"/>
                  <SP HEIGHT="64" WIDTH="19" VPOS="858" HPOS="872"/>
                  <String HEIGHT="64"
                          WIDTH="358"
                          VPOS="858"
                          HPOS="815"
                          CONTENT="peintre-graveur"/>
                  <SP HEIGHT="64" WIDTH="19" VPOS="858" HPOS="1174"/>
                  <String HEIGHT="64" WIDTH="113" VPOS="858" HPOS="1117" CONTENT="et"/>
                  <SP HEIGHT="64" WIDTH="19" VPOS="858" HPOS="1230"/>
                  <String HEIGHT="64" WIDTH="113" VPOS="858" HPOS="1174" CONTENT="un"/>
                  <SP HEIGHT="64" WIDTH="19" VPOS="858" HPOS="1287"/>
                  <String HEIGHT="64"
                          WIDTH="264"
                          VPOS="858"
                          HPOS="1230"
                          CONTENT="sculpteur."/>
                  <SP HEIGHT="64" WIDTH="19" VPOS="858" HPOS="1494"/>
                  <String HEIGHT="64"
                          WIDTH="132"
                          VPOS="858"
                          HPOS="1419"
                          CONTENT="Josef"/>
               </TextLine>
               <TextLine ID="tl_11"
                         BASELINE="968"
                         HEIGHT="64"
                         WIDTH="1428"
                         VPOS="904"
                         HPOS="123">
                  <String HEIGHT="64"
                          WIDTH="152"
                          VPOS="904"
                          HPOS="104"
                          CONTENT="Mikl"/>
                  <SP HEIGHT="64" WIDTH="19" VPOS="904" HPOS="256"/>
                  <String HEIGHT="64" WIDTH="133" VPOS="904" HPOS="199" CONTENT="est"/>
                  <SP HEIGHT="64" WIDTH="19" VPOS="904" HPOS="332"/>
                  <String HEIGHT="64" WIDTH="114" VPOS="904" HPOS="275" CONTENT="un"/>
                  <SP HEIGHT="64" WIDTH="19" VPOS="904" HPOS="390"/>
                  <String HEIGHT="64"
                          WIDTH="209"
                          VPOS="904"
                          HPOS="332"
                          CONTENT="artiste"/>
                  <SP HEIGHT="64" WIDTH="19" VPOS="904" HPOS="542"/>
                  <String HEIGHT="64"
                          WIDTH="171"
                          VPOS="904"
                          HPOS="485"
                          CONTENT="d’une"/>
                  <SP HEIGHT="64" WIDTH="19" VPOS="904" HPOS="656"/>
                  <String HEIGHT="64"
                          WIDTH="152"
                          VPOS="904"
                          HPOS="599"
                          CONTENT="main"/>
                  <SP HEIGHT="64" WIDTH="19" VPOS="904" HPOS="751"/>
                  <String HEIGHT="64"
                          WIDTH="152"
                          VPOS="904"
                          HPOS="694"
                          CONTENT="sûre"/>
                  <SP HEIGHT="64" WIDTH="19" VPOS="904" HPOS="847"/>
                  <String HEIGHT="64" WIDTH="114" VPOS="904" HPOS="789" CONTENT="et"/>
                  <SP HEIGHT="64" WIDTH="19" VPOS="904" HPOS="904"/>
                  <String HEIGHT="64"
                          WIDTH="209"
                          VPOS="904"
                          HPOS="847"
                          CONTENT="rapide."/>
                  <SP HEIGHT="64" WIDTH="19" VPOS="904" HPOS="1056"/>
                  <String HEIGHT="64"
                          WIDTH="209"
                          VPOS="904"
                          HPOS="999"
                          CONTENT="Certes,"/>
                  <SP HEIGHT="64" WIDTH="19" VPOS="904" HPOS="1208"/>
                  <String HEIGHT="64"
                          WIDTH="171"
                          VPOS="904"
                          HPOS="1151"
                          CONTENT="cette"/>
                  <SP HEIGHT="64" WIDTH="19" VPOS="904" HPOS="1323"/>
                  <String HEIGHT="64"
                          WIDTH="248"
                          VPOS="904"
                          HPOS="1265"
                          CONTENT="peinture,"/>
                  <SP HEIGHT="64" WIDTH="19" VPOS="904" HPOS="1513"/>
                  <String HEIGHT="64"
                          WIDTH="114"
                          VPOS="904"
                          HPOS="1437"
                          CONTENT="dont"/>
               </TextLine>
               <TextLine ID="tl_12"
                         BASELINE="1019"
                         HEIGHT="71"
                         WIDTH="1427"
                         VPOS="948"
                         HPOS="123">
                  <String HEIGHT="71" WIDTH="113" VPOS="948" HPOS="104" CONTENT="on"/>
                  <SP HEIGHT="71" WIDTH="19" VPOS="948" HPOS="217"/>
                  <String HEIGHT="71" WIDTH="94" VPOS="948" HPOS="161" CONTENT="a"/>
                  <SP HEIGHT="71" WIDTH="19" VPOS="948" HPOS="254"/>
                  <String HEIGHT="71"
                          WIDTH="169"
                          VPOS="948"
                          HPOS="198"
                          CONTENT="vanté"/>
                  <SP HEIGHT="71" WIDTH="19" VPOS="948" HPOS="367"/>
                  <String HEIGHT="71" WIDTH="113" VPOS="948" HPOS="311" CONTENT="le"/>
                  <SP HEIGHT="71" WIDTH="19" VPOS="948" HPOS="423"/>
                  <String HEIGHT="71"
                          WIDTH="244"
                          VPOS="948"
                          HPOS="367"
                          CONTENT="colorisme"/>
                  <SP HEIGHT="71" WIDTH="19" VPOS="948" HPOS="611"/>
                  <String HEIGHT="71"
                          WIDTH="263"
                          VPOS="948"
                          HPOS="555"
                          CONTENT="idéalisant"/>
                  <SP HEIGHT="71" WIDTH="19" VPOS="948" HPOS="818"/>
                  <String HEIGHT="71" WIDTH="113" VPOS="948" HPOS="761" CONTENT="du"/>
                  <SP HEIGHT="71" WIDTH="19" VPOS="948" HPOS="874"/>
                  <String HEIGHT="71"
                          WIDTH="207"
                          VPOS="948"
                          HPOS="818"
                          CONTENT="Baroque"/>
                  <SP HEIGHT="71" WIDTH="19" VPOS="948" HPOS="1024"/>
                  <String HEIGHT="71" WIDTH="131" VPOS="948" HPOS="968" CONTENT="(le"/>
                  <SP HEIGHT="71" WIDTH="19" VPOS="948" HPOS="1099"/>
                  <String HEIGHT="71"
                          WIDTH="169"
                          VPOS="948"
                          HPOS="1043"
                          CONTENT="bleu,"/>
                  <SP HEIGHT="71" WIDTH="19" VPOS="948" HPOS="1212"/>
                  <String HEIGHT="71" WIDTH="113" VPOS="948" HPOS="1156" CONTENT="le"/>
                  <SP HEIGHT="71" WIDTH="19" VPOS="948" HPOS="1268"/>
                  <String HEIGHT="71"
                          WIDTH="188"
                          VPOS="948"
                          HPOS="1212"
                          CONTENT="rouge,"/>
                  <SP HEIGHT="71" WIDTH="19" VPOS="948" HPOS="1400"/>
                  <String HEIGHT="71" WIDTH="113" VPOS="948" HPOS="1343" CONTENT="le"/>
                  <SP HEIGHT="71" WIDTH="19" VPOS="948" HPOS="1456"/>
                  <String HEIGHT="71"
                          WIDTH="169"
                          VPOS="948"
                          HPOS="1381"
                          CONTENT="jaune),"/>
               </TextLine>
               <TextLine ID="tl_13"
                         BASELINE="1061"
                         HEIGHT="57"
                         WIDTH="1430"
                         VPOS="1004"
                         HPOS="122">
                  <String HEIGHT="57"
                          WIDTH="217"
                          VPOS="1004"
                          HPOS="104"
                          CONTENT="découle,"/>
                  <SP HEIGHT="57" WIDTH="18" VPOS="1004" HPOS="321"/>
                  <String HEIGHT="57" WIDTH="109" VPOS="1004" HPOS="267" CONTENT="si"/>
                  <SP HEIGHT="57" WIDTH="18" VPOS="1004" HPOS="375"/>
                  <String HEIGHT="57"
                          WIDTH="145"
                          VPOS="1004"
                          HPOS="321"
                          CONTENT="l’on"/>
                  <SP HEIGHT="57" WIDTH="18" VPOS="1004" HPOS="466"/>
                  <String HEIGHT="57"
                          WIDTH="145"
                          VPOS="1004"
                          HPOS="412"
                          CONTENT="veut"/>
                  <SP HEIGHT="57" WIDTH="18" VPOS="1004" HPOS="556"/>
                  <String HEIGHT="57" WIDTH="91" VPOS="1004" HPOS="502" CONTENT="à"/>
                  <SP HEIGHT="57" WIDTH="18" VPOS="1004" HPOS="593"/>
                  <String HEIGHT="57"
                          WIDTH="145"
                          VPOS="1004"
                          HPOS="538"
                          CONTENT="tout"/>
                  <SP HEIGHT="57" WIDTH="18" VPOS="1004" HPOS="683"/>
                  <String HEIGHT="57"
                          WIDTH="145"
                          VPOS="1004"
                          HPOS="629"
                          CONTENT="prix"/>
                  <SP HEIGHT="57" WIDTH="18" VPOS="1004" HPOS="774"/>
                  <String HEIGHT="57"
                          WIDTH="163"
                          VPOS="1004"
                          HPOS="719"
                          CONTENT="avoir"/>
                  <SP HEIGHT="57" WIDTH="18" VPOS="1004" HPOS="882"/>
                  <String HEIGHT="57"
                          WIDTH="199"
                          VPOS="1004"
                          HPOS="828"
                          CONTENT="recours"/>
                  <SP HEIGHT="57" WIDTH="18" VPOS="1004" HPOS="1027"/>
                  <String HEIGHT="57"
                          WIDTH="127"
                          VPOS="1004"
                          HPOS="973"
                          CONTENT="aux"/>
                  <SP HEIGHT="57" WIDTH="18" VPOS="1004" HPOS="1099"/>
                  <String HEIGHT="57"
                          WIDTH="272"
                          VPOS="1004"
                          HPOS="1045"
                          CONTENT="traditions,"/>
                  <SP HEIGHT="57" WIDTH="18" VPOS="1004" HPOS="1317"/>
                  <String HEIGHT="57"
                          WIDTH="109"
                          VPOS="1004"
                          HPOS="1262"
                          CONTENT="de"/>
                  <SP HEIGHT="57" WIDTH="18" VPOS="1004" HPOS="1371"/>
                  <String HEIGHT="57"
                          WIDTH="163"
                          VPOS="1004"
                          HPOS="1317"
                          CONTENT="cette"/>
                  <SP HEIGHT="57" WIDTH="18" VPOS="1004" HPOS="1480"/>
                  <String HEIGHT="57"
                          WIDTH="145"
                          VPOS="1004"
                          HPOS="1407"
                          CONTENT="exubé"
                          SUBS_TYPE="HypPart1"
                          SUBS_CONTENT="exubérance"/>
                  <HYP CONTENT="-"/>
               </TextLine>
               <TextLine ID="tl_14"
                         BASELINE="1114"
                         HEIGHT="72"
                         WIDTH="1429"
                         VPOS="1042"
                         HPOS="123">
                  <String HEIGHT="72"
                          WIDTH="165"
                          VPOS="1042"
                          HPOS="105"
                          CONTENT="rance"
                          SUBS_TYPE="HypPart2"
                          SUBS_CONTENT="exubérance"/>
                  <SP HEIGHT="72" WIDTH="18" VPOS="1042" HPOS="270"/>
                  <String HEIGHT="72"
                          WIDTH="220"
                          VPOS="1042"
                          HPOS="215"
                          CONTENT="spatiale"/>
                  <SP HEIGHT="72" WIDTH="18" VPOS="1042" HPOS="434"/>
                  <String HEIGHT="72"
                          WIDTH="128"
                          VPOS="1042"
                          HPOS="379"
                          CONTENT="que"/>
                  <SP HEIGHT="72" WIDTH="18" VPOS="1042" HPOS="508"/>
                  <String HEIGHT="72"
                          WIDTH="147"
                          VPOS="1042"
                          HPOS="453"
                          CONTENT="l’on"/>
                  <SP HEIGHT="72" WIDTH="18" VPOS="1042" HPOS="599"/>
                  <String HEIGHT="72"
                          WIDTH="183"
                          VPOS="1042"
                          HPOS="544"
                          CONTENT="trouve"/>
                  <SP HEIGHT="72" WIDTH="18" VPOS="1042" HPOS="728"/>
                  <String HEIGHT="72"
                          WIDTH="147"
                          VPOS="1042"
                          HPOS="673"
                          CONTENT="déjà"/>
                  <SP HEIGHT="72" WIDTH="18" VPOS="1042" HPOS="819"/>
                  <String HEIGHT="72"
                          WIDTH="147"
                          VPOS="1042"
                          HPOS="764"
                          CONTENT="dans"/>
                  <SP HEIGHT="72" WIDTH="18" VPOS="1042" HPOS="911"/>
                  <String HEIGHT="72"
                          WIDTH="128"
                          VPOS="1042"
                          HPOS="856"
                          CONTENT="les"/>
                  <SP HEIGHT="72" WIDTH="18" VPOS="1042" HPOS="984"/>
                  <String HEIGHT="72"
                          WIDTH="220"
                          VPOS="1042"
                          HPOS="929"
                          CONTENT="fresques"/>
                  <SP HEIGHT="72" WIDTH="18" VPOS="1042" HPOS="1149"/>
                  <String HEIGHT="72"
                          WIDTH="110"
                          VPOS="1042"
                          HPOS="1094"
                          CONTENT="de"/>
                  <SP HEIGHT="72" WIDTH="18" VPOS="1042" HPOS="1204"/>
                  <String HEIGHT="72"
                          WIDTH="128"
                          VPOS="1042"
                          HPOS="1149"
                          CONTENT="nos"/>
                  <SP HEIGHT="72" WIDTH="18" VPOS="1042" HPOS="1277"/>
                  <String HEIGHT="72"
                          WIDTH="202"
                          VPOS="1042"
                          HPOS="1222"
                          CONTENT="églises"/>
                  <SP HEIGHT="72" WIDTH="18" VPOS="1042" HPOS="1424"/>
                  <String HEIGHT="72"
                          WIDTH="110"
                          VPOS="1042"
                          HPOS="1369"
                          CONTENT="et"/>
                  <SP HEIGHT="72" WIDTH="18" VPOS="1042" HPOS="1479"/>
                  <String HEIGHT="72"
                          WIDTH="147"
                          VPOS="1042"
                          HPOS="1405"
                          CONTENT="monas"
                          SUBS_TYPE="HypPart1"
                          SUBS_CONTENT="monastères"/>
                  <HYP CONTENT="-"/>
               </TextLine>
               <TextLine ID="tl_15"
                         BASELINE="1152"
                         HEIGHT="65"
                         WIDTH="1431"
                         VPOS="1087"
                         HPOS="121">
                  <String HEIGHT="65"
                          WIDTH="174"
                          VPOS="1087"
                          HPOS="102"
                          CONTENT="tères"
                          SUBS_TYPE="HypPart2"
                          SUBS_CONTENT="monastères"/>
                  <SP HEIGHT="65" WIDTH="19" VPOS="1087" HPOS="276"/>
                  <String HEIGHT="65" WIDTH="116" VPOS="1087" HPOS="218" CONTENT="du"/>
                  <SP HEIGHT="65" WIDTH="19" VPOS="1087" HPOS="334"/>
                  <String HEIGHT="65"
                          WIDTH="193"
                          VPOS="1087"
                          HPOS="276"
                          CONTENT="XVIIIe"/>
                  <SP HEIGHT="65" WIDTH="19" VPOS="1087" HPOS="469"/>
                  <String HEIGHT="65"
                          WIDTH="213"
                          VPOS="1087"
                          HPOS="411"
                          CONTENT="siècle."/>
                  <SP HEIGHT="65" WIDTH="19" VPOS="1087" HPOS="624"/>
                  <String HEIGHT="65" WIDTH="116" VPOS="1087" HPOS="566" CONTENT="Le"/>
                  <SP HEIGHT="65" WIDTH="19" VPOS="1087" HPOS="682"/>
                  <String HEIGHT="65"
                          WIDTH="193"
                          VPOS="1087"
                          HPOS="624"
                          CONTENT="rythme"/>
                  <SP HEIGHT="65" WIDTH="19" VPOS="1087" HPOS="817"/>
                  <String HEIGHT="65"
                          WIDTH="135"
                          VPOS="1087"
                          HPOS="759"
                          CONTENT="des"/>
                  <SP HEIGHT="65" WIDTH="19" VPOS="1087" HPOS="895"/>
                  <String HEIGHT="65"
                          WIDTH="193"
                          VPOS="1087"
                          HPOS="837"
                          CONTENT="toiles"/>
                  <SP HEIGHT="65" WIDTH="19" VPOS="1087" HPOS="1030"/>
                  <String HEIGHT="65"
                          WIDTH="135"
                          VPOS="1087"
                          HPOS="972"
                          CONTENT="est"/>
                  <SP HEIGHT="65" WIDTH="19" VPOS="1087" HPOS="1107"/>
                  <String HEIGHT="65"
                          WIDTH="193"
                          VPOS="1087"
                          HPOS="1049"
                          CONTENT="simple"/>
                  <SP HEIGHT="65" WIDTH="19" VPOS="1087" HPOS="1243"/>
                  <String HEIGHT="65"
                          WIDTH="116"
                          VPOS="1087"
                          HPOS="1185"
                          CONTENT="et"/>
                  <SP HEIGHT="65" WIDTH="19" VPOS="1087" HPOS="1301"/>
                  <String HEIGHT="65"
                          WIDTH="271"
                          VPOS="1087"
                          HPOS="1243"
                          CONTENT="concentré,"/>
                  <SP HEIGHT="65" WIDTH="19" VPOS="1087" HPOS="1513"/>
                  <String HEIGHT="65"
                          WIDTH="116"
                          VPOS="1087"
                          HPOS="1436"
                          CONTENT="sans"/>
               </TextLine>
               <TextLine ID="tl_16"
                         BASELINE="1209"
                         HEIGHT="64"
                         WIDTH="1429"
                         VPOS="1145"
                         HPOS="124">
                  <String HEIGHT="64"
                          WIDTH="270"
                          VPOS="1145"
                          HPOS="105"
                          CONTENT="recherche,"/>
                  <SP HEIGHT="64" WIDTH="19" VPOS="1145" HPOS="375"/>
                  <String HEIGHT="64" WIDTH="116" VPOS="1145" HPOS="317" CONTENT="ni"/>
                  <SP HEIGHT="64" WIDTH="19" VPOS="1145" HPOS="433"/>
                  <String HEIGHT="64"
                          WIDTH="212"
                          VPOS="1145"
                          HPOS="375"
                          CONTENT="calcul,"/>
                  <SP HEIGHT="64" WIDTH="19" VPOS="1145" HPOS="587"/>
                  <String HEIGHT="64" WIDTH="116" VPOS="1145" HPOS="530" CONTENT="ni"/>
                  <SP HEIGHT="64" WIDTH="19" VPOS="1145" HPOS="645"/>
                  <String HEIGHT="64"
                          WIDTH="328"
                          VPOS="1145"
                          HPOS="587"
                          CONTENT="exaspération."/>
                  <SP HEIGHT="64" WIDTH="19" VPOS="1145" HPOS="916"/>
                  <String HEIGHT="64" WIDTH="116" VPOS="1145" HPOS="858" CONTENT="Ce"/>
                  <SP HEIGHT="64" WIDTH="19" VPOS="1145" HPOS="974"/>
                  <String HEIGHT="64"
                          WIDTH="174"
                          VPOS="1145"
                          HPOS="916"
                          CONTENT="n’est"/>
                  <SP HEIGHT="64" WIDTH="19" VPOS="1145" HPOS="1090"/>
                  <String HEIGHT="64"
                          WIDTH="135"
                          VPOS="1145"
                          HPOS="1032"
                          CONTENT="pas"/>
                  <SP HEIGHT="64" WIDTH="19" VPOS="1145" HPOS="1167"/>
                  <String HEIGHT="64"
                          WIDTH="135"
                          VPOS="1145"
                          HPOS="1109"
                          CONTENT="une"/>
                  <SP HEIGHT="64" WIDTH="19" VPOS="1145" HPOS="1244"/>
                  <String HEIGHT="64"
                          WIDTH="232"
                          VPOS="1145"
                          HPOS="1186"
                          CONTENT="peinture"/>
                  <SP HEIGHT="64" WIDTH="19" VPOS="1145" HPOS="1418"/>
                  <String HEIGHT="64"
                          WIDTH="116"
                          VPOS="1145"
                          HPOS="1360"
                          CONTENT="de"/>
                  <SP HEIGHT="64" WIDTH="19" VPOS="1145" HPOS="1476"/>
                  <String HEIGHT="64"
                          WIDTH="154"
                          VPOS="1145"
                          HPOS="1399"
                          CONTENT="petits"/>
               </TextLine>
               <TextLine ID="tl_17"
                         BASELINE="1262"
                         HEIGHT="70"
                         WIDTH="600"
                         VPOS="1192"
                         HPOS="126">
                  <String HEIGHT="70"
                          WIDTH="213"
                          VPOS="1192"
                          HPOS="107"
                          CONTENT="moyens;"/>
                  <SP HEIGHT="70" WIDTH="19" VPOS="1192" HPOS="320"/>
                  <String HEIGHT="70"
                          WIDTH="155"
                          VPOS="1192"
                          HPOS="261"
                          CONTENT="elle"/>
                  <SP HEIGHT="70" WIDTH="19" VPOS="1192" HPOS="416"/>
                  <String HEIGHT="70"
                          WIDTH="213"
                          VPOS="1192"
                          HPOS="358"
                          CONTENT="respire"/>
                  <SP HEIGHT="70" WIDTH="19" VPOS="1192" HPOS="571"/>
                  <String HEIGHT="70"
                          WIDTH="232"
                          VPOS="1192"
                          HPOS="494"
                          CONTENT="largement."/>
               </TextLine>
            </TextBlock>
            <TextBlock ID="r_2_3" HEIGHT="330" WIDTH="1417" VPOS="1241" HPOS="131">
               <Shape>
                  <Polygon POINTS="131,1241 1548,1241 1548,1571 131,1571"/>
               </Shape>
               <TextLine ID="tl_18"
                         BASELINE="1294"
                         HEIGHT="78"
                         WIDTH="1397"
                         VPOS="1216"
                         HPOS="156">
                  <String HEIGHT="78" WIDTH="115" VPOS="1216" HPOS="137" CONTENT="La"/>
                  <SP HEIGHT="78" WIDTH="19" VPOS="1216" HPOS="252"/>
                  <String HEIGHT="78"
                          WIDTH="230"
                          VPOS="1216"
                          HPOS="194"
                          CONTENT="position"/>
                  <SP HEIGHT="78" WIDTH="19" VPOS="1216" HPOS="424"/>
                  <String HEIGHT="78"
                          WIDTH="230"
                          VPOS="1216"
                          HPOS="367"
                          CONTENT="d’Arnulf"/>
                  <SP HEIGHT="78" WIDTH="19" VPOS="1216" HPOS="596"/>
                  <String HEIGHT="78"
                          WIDTH="191"
                          VPOS="1216"
                          HPOS="539"
                          CONTENT="Rainer"/>
                  <SP HEIGHT="78" WIDTH="19" VPOS="1216" HPOS="730"/>
                  <String HEIGHT="78"
                          WIDTH="134"
                          VPOS="1216"
                          HPOS="673"
                          CONTENT="est"/>
                  <SP HEIGHT="78" WIDTH="19" VPOS="1216" HPOS="807"/>
                  <String HEIGHT="78"
                          WIDTH="249"
                          VPOS="1216"
                          HPOS="749"
                          CONTENT="nettement"/>
                  <SP HEIGHT="78" WIDTH="19" VPOS="1216" HPOS="998"/>
                  <String HEIGHT="78"
                          WIDTH="268"
                          VPOS="1216"
                          HPOS="941"
                          CONTENT="ascétique."/>
                  <SP HEIGHT="78" WIDTH="19" VPOS="1216" HPOS="1209"/>
                  <String HEIGHT="78"
                          WIDTH="134"
                          VPOS="1216"
                          HPOS="1151"
                          CONTENT="Ses"/>
                  <SP HEIGHT="78" WIDTH="19" VPOS="1216" HPOS="1285"/>
                  <String HEIGHT="78"
                          WIDTH="211"
                          VPOS="1216"
                          HPOS="1228"
                          CONTENT="efforts"/>
                  <SP HEIGHT="78" WIDTH="19" VPOS="1216" HPOS="1438"/>
                  <String HEIGHT="78"
                          WIDTH="191"
                          VPOS="1216"
                          HPOS="1362"
                          CONTENT="austères"/>
               </TextLine>
               <TextLine ID="tl_19"
                         BASELINE="1340"
                         HEIGHT="52"
                         WIDTH="1430"
                         VPOS="1288"
                         HPOS="124">
                  <String HEIGHT="52"
                          WIDTH="149"
                          VPOS="1288"
                          HPOS="105"
                          CONTENT="sont"/>
                  <SP HEIGHT="52" WIDTH="19" VPOS="1288" HPOS="254"/>
                  <String HEIGHT="52"
                          WIDTH="297"
                          VPOS="1288"
                          HPOS="198"
                          CONTENT="parfaitement"/>
                  <SP HEIGHT="52" WIDTH="19" VPOS="1288" HPOS="495"/>
                  <String HEIGHT="52"
                          WIDTH="241"
                          VPOS="1288"
                          HPOS="440"
                          CONTENT="légitimes"/>
                  <SP HEIGHT="52" WIDTH="19" VPOS="1288" HPOS="681"/>
                  <String HEIGHT="52" WIDTH="93" VPOS="1288" HPOS="625" CONTENT="à"/>
                  <SP HEIGHT="52" WIDTH="19" VPOS="1288" HPOS="718"/>
                  <String HEIGHT="52"
                          WIDTH="130"
                          VPOS="1288"
                          HPOS="663"
                          CONTENT="une"/>
                  <SP HEIGHT="52" WIDTH="19" VPOS="1288" HPOS="793"/>
                  <String HEIGHT="52"
                          WIDTH="186"
                          VPOS="1288"
                          HPOS="737"
                          CONTENT="époque"/>
                  <SP HEIGHT="52" WIDTH="19" VPOS="1288" HPOS="923"/>
                  <String HEIGHT="52"
                          WIDTH="130"
                          VPOS="1288"
                          HPOS="867"
                          CONTENT="qui"/>
                  <SP HEIGHT="52" WIDTH="19" VPOS="1288" HPOS="997"/>
                  <String HEIGHT="52"
                          WIDTH="167"
                          VPOS="1288"
                          HPOS="941"
                          CONTENT="subit"/>
                  <SP HEIGHT="52" WIDTH="19" VPOS="1288" HPOS="1108"/>
                  <String HEIGHT="52"
                          WIDTH="130"
                          VPOS="1288"
                          HPOS="1053"
                          CONTENT="une"/>
                  <SP HEIGHT="52" WIDTH="19" VPOS="1288" HPOS="1183"/>
                  <String HEIGHT="52"
                          WIDTH="241"
                          VPOS="1288"
                          HPOS="1127"
                          CONTENT="véritable"/>
                  <SP HEIGHT="52" WIDTH="19" VPOS="1288" HPOS="1368"/>
                  <String HEIGHT="52"
                          WIDTH="241"
                          VPOS="1288"
                          HPOS="1313"
                          CONTENT="inflation"/>
                  <SP HEIGHT="52" WIDTH="19" VPOS="1288" HPOS="1554"/>
                  <String HEIGHT="52" WIDTH="74" VPOS="1288" HPOS="1480" CONTENT="de"/>
               </TextLine>
               <TextLine ID="tl_20"
                         BASELINE="1387"
                         HEIGHT="55"
                         WIDTH="1431"
                         VPOS="1332"
                         HPOS="124">
                  <String HEIGHT="55" WIDTH="92" VPOS="1332" HPOS="106" CONTENT="«"/>
                  <SP HEIGHT="55" WIDTH="18" VPOS="1332" HPOS="197"/>
                  <String HEIGHT="55"
                          WIDTH="257"
                          VPOS="1332"
                          HPOS="142"
                          CONTENT="sensations"/>
                  <SP HEIGHT="55" WIDTH="18" VPOS="1332" HPOS="399"/>
                  <String HEIGHT="55" WIDTH="92" VPOS="1332" HPOS="344" CONTENT="»"/>
                  <SP HEIGHT="55" WIDTH="18" VPOS="1332" HPOS="436"/>
                  <String HEIGHT="55"
                          WIDTH="257"
                          VPOS="1332"
                          HPOS="381"
                          CONTENT="visuelles."/>
                  <SP HEIGHT="55" WIDTH="18" VPOS="1332" HPOS="638"/>
                  <String HEIGHT="55"
                          WIDTH="128"
                          VPOS="1332"
                          HPOS="583"
                          CONTENT="Ses"/>
                  <SP HEIGHT="55" WIDTH="18" VPOS="1332" HPOS="711"/>
                  <String HEIGHT="55"
                          WIDTH="183"
                          VPOS="1332"
                          HPOS="656"
                          CONTENT="toiles"/>
                  <SP HEIGHT="55" WIDTH="18" VPOS="1332" HPOS="840"/>
                  <String HEIGHT="55"
                          WIDTH="257"
                          VPOS="1332"
                          HPOS="784"
                          CONTENT="prétendent"/>
                  <SP HEIGHT="55" WIDTH="18" VPOS="1332" HPOS="1041"/>
                  <String HEIGHT="55"
                          WIDTH="128"
                          VPOS="1332"
                          HPOS="986"
                          CONTENT="que"/>
                  <SP HEIGHT="55" WIDTH="18" VPOS="1332" HPOS="1115"/>
                  <String HEIGHT="55"
                          WIDTH="110"
                          VPOS="1332"
                          HPOS="1060"
                          CONTENT="la"/>
                  <SP HEIGHT="55" WIDTH="18" VPOS="1332" HPOS="1170"/>
                  <String HEIGHT="55"
                          WIDTH="239"
                          VPOS="1332"
                          HPOS="1115"
                          CONTENT="plénitude"/>
                  <SP HEIGHT="55" WIDTH="18" VPOS="1332" HPOS="1353"/>
                  <String HEIGHT="55"
                          WIDTH="110"
                          VPOS="1332"
                          HPOS="1298"
                          CONTENT="ne"/>
                  <SP HEIGHT="55" WIDTH="18" VPOS="1332" HPOS="1408"/>
                  <String HEIGHT="55"
                          WIDTH="110"
                          VPOS="1332"
                          HPOS="1353"
                          CONTENT="se"/>
                  <SP HEIGHT="55" WIDTH="18" VPOS="1332" HPOS="1463"/>
                  <String HEIGHT="55"
                          WIDTH="165"
                          VPOS="1332"
                          HPOS="1390"
                          CONTENT="cherche"/>
               </TextLine>
               <TextLine ID="tl_21"
                         BASELINE="1436"
                         HEIGHT="43"
                         WIDTH="1429"
                         VPOS="1393"
                         HPOS="124">
                  <String HEIGHT="43"
                          WIDTH="123"
                          VPOS="1393"
                          HPOS="106"
                          CONTENT="pas"/>
                  <SP HEIGHT="43" WIDTH="18" VPOS="1393" HPOS="230"/>
                  <String HEIGHT="43" WIDTH="88" VPOS="1393" HPOS="177" CONTENT="à"/>
                  <SP HEIGHT="43" WIDTH="18" VPOS="1393" HPOS="265"/>
                  <String HEIGHT="43" WIDTH="106" VPOS="1393" HPOS="212" CONTENT="la"/>
                  <SP HEIGHT="43" WIDTH="18" VPOS="1393" HPOS="318"/>
                  <String HEIGHT="43"
                          WIDTH="212"
                          VPOS="1393"
                          HPOS="265"
                          CONTENT="surface,"/>
                  <SP HEIGHT="43" WIDTH="18" VPOS="1393" HPOS="477"/>
                  <String HEIGHT="43"
                          WIDTH="141"
                          VPOS="1393"
                          HPOS="424"
                          CONTENT="mais"/>
                  <SP HEIGHT="43" WIDTH="18" VPOS="1393" HPOS="565"/>
                  <String HEIGHT="43"
                          WIDTH="212"
                          VPOS="1393"
                          HPOS="512"
                          CONTENT="derrière"/>
                  <SP HEIGHT="43" WIDTH="18" VPOS="1393" HPOS="724"/>
                  <String HEIGHT="43"
                          WIDTH="229"
                          VPOS="1393"
                          HPOS="671"
                          CONTENT="celle-ci."/>
                  <SP HEIGHT="43" WIDTH="18" VPOS="1393" HPOS="900"/>
                  <String HEIGHT="43" WIDTH="106" VPOS="1393" HPOS="847" CONTENT="La"/>
                  <SP HEIGHT="43" WIDTH="18" VPOS="1393" HPOS="953"/>
                  <String HEIGHT="43"
                          WIDTH="159"
                          VPOS="1393"
                          HPOS="900"
                          CONTENT="toile"/>
                  <SP HEIGHT="43" WIDTH="18" VPOS="1393" HPOS="1059"/>
                  <String HEIGHT="43"
                          WIDTH="194"
                          VPOS="1393"
                          HPOS="1006"
                          CONTENT="devient"/>
                  <SP HEIGHT="43" WIDTH="18" VPOS="1393" HPOS="1200"/>
                  <String HEIGHT="43"
                          WIDTH="106"
                          VPOS="1393"
                          HPOS="1147"
                          CONTENT="un"/>
                  <SP HEIGHT="43" WIDTH="18" VPOS="1393" HPOS="1253"/>
                  <String HEIGHT="43"
                          WIDTH="141"
                          VPOS="1393"
                          HPOS="1200"
                          CONTENT="lieu"/>
                  <SP HEIGHT="43" WIDTH="18" VPOS="1393" HPOS="1341"/>
                  <String HEIGHT="43"
                          WIDTH="106"
                          VPOS="1393"
                          HPOS="1288"
                          CONTENT="de"/>
                  <SP HEIGHT="43" WIDTH="18" VPOS="1393" HPOS="1394"/>
                  <String HEIGHT="43"
                          WIDTH="229"
                          VPOS="1393"
                          HPOS="1324"
                          CONTENT="méditation."/>
               </TextLine>
               <TextLine ID="tl_22"
                         BASELINE="1478"
                         HEIGHT="55"
                         WIDTH="1429"
                         VPOS="1423"
                         HPOS="126">
                  <String HEIGHT="55"
                          WIDTH="198"
                          VPOS="1423"
                          HPOS="106"
                          CONTENT="L’acte"/>
                  <SP HEIGHT="55" WIDTH="20" VPOS="1423" HPOS="305"/>
                  <String HEIGHT="55" WIDTH="119" VPOS="1423" HPOS="245" CONTENT="de"/>
                  <SP HEIGHT="55" WIDTH="20" VPOS="1423" HPOS="364"/>
                  <String HEIGHT="55"
                          WIDTH="238"
                          VPOS="1423"
                          HPOS="305"
                          CONTENT="peindre,"/>
                  <SP HEIGHT="55" WIDTH="20" VPOS="1423" HPOS="543"/>
                  <String HEIGHT="55"
                          WIDTH="258"
                          VPOS="1423"
                          HPOS="483"
                          CONTENT="dépouillé"/>
                  <SP HEIGHT="55" WIDTH="20" VPOS="1423" HPOS="741"/>
                  <String HEIGHT="55"
                          WIDTH="139"
                          VPOS="1423"
                          HPOS="682"
                          CONTENT="des"/>
                  <SP HEIGHT="55" WIDTH="20" VPOS="1423" HPOS="821"/>
                  <String HEIGHT="55"
                          WIDTH="198"
                          VPOS="1423"
                          HPOS="761"
                          CONTENT="gestes"/>
                  <SP HEIGHT="55" WIDTH="20" VPOS="1423" HPOS="960"/>
                  <String HEIGHT="55"
                          WIDTH="238"
                          VPOS="1423"
                          HPOS="900"
                          CONTENT="bruyants"/>
                  <SP HEIGHT="55" WIDTH="20" VPOS="1423" HPOS="1138"/>
                  <String HEIGHT="55"
                          WIDTH="119"
                          VPOS="1423"
                          HPOS="1079"
                          CONTENT="et"/>
                  <SP HEIGHT="55" WIDTH="20" VPOS="1423" HPOS="1198"/>
                  <String HEIGHT="55"
                          WIDTH="198"
                          VPOS="1423"
                          HPOS="1138"
                          CONTENT="libéré"/>
                  <SP HEIGHT="55" WIDTH="20" VPOS="1423" HPOS="1337"/>
                  <String HEIGHT="55"
                          WIDTH="139"
                          VPOS="1423"
                          HPOS="1277"
                          CONTENT="des"/>
                  <SP HEIGHT="55" WIDTH="20" VPOS="1423" HPOS="1416"/>
                  <String HEIGHT="55"
                          WIDTH="218"
                          VPOS="1423"
                          HPOS="1337"
                          CONTENT="prétextes"/>
               </TextLine>
               <TextLine ID="tl_23"
                         BASELINE="1526"
                         HEIGHT="65"
                         WIDTH="1434"
                         VPOS="1461"
                         HPOS="122">
                  <String HEIGHT="65"
                          WIDTH="276"
                          VPOS="1461"
                          HPOS="104"
                          CONTENT="figuratifs,"/>
                  <SP HEIGHT="65" WIDTH="18" VPOS="1461" HPOS="379"/>
                  <String HEIGHT="65" WIDTH="110" VPOS="1461" HPOS="324" CONTENT="se"/>
                  <SP HEIGHT="65" WIDTH="18" VPOS="1461" HPOS="435"/>
                  <String HEIGHT="65"
                          WIDTH="147"
                          VPOS="1461"
                          HPOS="379"
                          CONTENT="voue"/>
                  <SP HEIGHT="65" WIDTH="18" VPOS="1461" HPOS="526"/>
                  <String HEIGHT="65" WIDTH="110" VPOS="1461" HPOS="471" CONTENT="au"/>
                  <SP HEIGHT="65" WIDTH="18" VPOS="1461" HPOS="582"/>
                  <String HEIGHT="65"
                          WIDTH="165"
                          VPOS="1461"
                          HPOS="526"
                          CONTENT="culte"/>
                  <SP HEIGHT="65" WIDTH="18" VPOS="1461" HPOS="692"/>
                  <String HEIGHT="65" WIDTH="110" VPOS="1461" HPOS="637" CONTENT="du"/>
                  <SP HEIGHT="65" WIDTH="18" VPOS="1461" HPOS="747"/>
                  <String HEIGHT="65" WIDTH="92" VPOS="1461" HPOS="692" CONTENT="«"/>
                  <SP HEIGHT="65" WIDTH="18" VPOS="1461" HPOS="784"/>
                  <String HEIGHT="65"
                          WIDTH="184"
                          VPOS="1461"
                          HPOS="729"
                          CONTENT="semper"/>
                  <SP HEIGHT="65" WIDTH="18" VPOS="1461" HPOS="913"/>
                  <String HEIGHT="65"
                          WIDTH="165"
                          VPOS="1461"
                          HPOS="857"
                          CONTENT="eadem"/>
                  <SP HEIGHT="65" WIDTH="18" VPOS="1461" HPOS="1023"/>
                  <String HEIGHT="65" WIDTH="110" VPOS="1461" HPOS="968" CONTENT="»,"/>
                  <SP HEIGHT="65" WIDTH="18" VPOS="1461" HPOS="1078"/>
                  <String HEIGHT="65"
                          WIDTH="221"
                          VPOS="1461"
                          HPOS="1023"
                          CONTENT="refusant"/>
                  <SP HEIGHT="65" WIDTH="18" VPOS="1461" HPOS="1243"/>
                  <String HEIGHT="65"
                          WIDTH="129"
                          VPOS="1461"
                          HPOS="1188"
                          CONTENT="cet"/>
                  <SP HEIGHT="65" WIDTH="18" VPOS="1461" HPOS="1317"/>
                  <String HEIGHT="65"
                          WIDTH="313"
                          VPOS="1461"
                          HPOS="1243"
                          CONTENT="exhibitionnisme"/>
               </TextLine>
               <TextLine ID="tl_24"
                         BASELINE="1569"
                         HEIGHT="49"
                         WIDTH="1430"
                         VPOS="1520"
                         HPOS="124">
                  <String HEIGHT="49"
                          WIDTH="220"
                          VPOS="1520"
                          HPOS="106"
                          CONTENT="éphémère"/>
                  <SP HEIGHT="49" WIDTH="18" VPOS="1520" HPOS="326"/>
                  <String HEIGHT="49" WIDTH="110" VPOS="1520" HPOS="271" CONTENT="du"/>
                  <SP HEIGHT="49" WIDTH="18" VPOS="1520" HPOS="381"/>
                  <String HEIGHT="49" WIDTH="92" VPOS="1520" HPOS="326" CONTENT="«"/>
                  <SP HEIGHT="49" WIDTH="18" VPOS="1520" HPOS="417"/>
                  <String HEIGHT="49"
                          WIDTH="293"
                          VPOS="1520"
                          HPOS="362"
                          CONTENT="divertissant"/>
                  <SP HEIGHT="49" WIDTH="18" VPOS="1520" HPOS="656"/>
                  <String HEIGHT="49" WIDTH="110" VPOS="1520" HPOS="601" CONTENT="»,"/>
                  <SP HEIGHT="49" WIDTH="18" VPOS="1520" HPOS="711"/>
                  <String HEIGHT="49"
                          WIDTH="147"
                          VPOS="1520"
                          HPOS="656"
                          CONTENT="dont"/>
                  <SP HEIGHT="49" WIDTH="18" VPOS="1520" HPOS="802"/>
                  <String HEIGHT="49"
                          WIDTH="165"
                          VPOS="1520"
                          HPOS="747"
                          CONTENT="notre"/>
                  <SP HEIGHT="49" WIDTH="18" VPOS="1520" HPOS="912"/>
                  <String HEIGHT="49"
                          WIDTH="293"
                          VPOS="1520"
                          HPOS="857"
                          CONTENT="civilisation"/>
                  <SP HEIGHT="49" WIDTH="18" VPOS="1520" HPOS="1151"/>
                  <String HEIGHT="49"
                          WIDTH="147"
                          VPOS="1520"
                          HPOS="1096"
                          CONTENT="nous"/>
                  <SP HEIGHT="49" WIDTH="18" VPOS="1520" HPOS="1242"/>
                  <String HEIGHT="49"
                          WIDTH="165"
                          VPOS="1520"
                          HPOS="1187"
                          CONTENT="rabat"/>
                  <SP HEIGHT="49" WIDTH="18" VPOS="1520" HPOS="1352"/>
                  <String HEIGHT="49"
                          WIDTH="128"
                          VPOS="1520"
                          HPOS="1297"
                          CONTENT="les"/>
                  <SP HEIGHT="49" WIDTH="18" VPOS="1520" HPOS="1426"/>
                  <String HEIGHT="49"
                          WIDTH="202"
                          VPOS="1520"
                          HPOS="1352"
                          CONTENT="oreilles."/>
               </TextLine>
            </TextBlock>
            <TextBlock ID="r_2_4" HEIGHT="189" WIDTH="1415" VPOS="1565" HPOS="135">
               <Shape>
                  <Polygon POINTS="135,1565 1550,1565 1550,1754 135,1754"/>
               </Shape>
               <TextLine ID="tl_25"
                         BASELINE="1616"
                         HEIGHT="65"
                         WIDTH="1397"
                         VPOS="1551"
                         HPOS="160">
                  <String HEIGHT="65"
                          WIDTH="136"
                          VPOS="1551"
                          HPOS="141"
                          CONTENT="Les"/>
                  <SP HEIGHT="65" WIDTH="19" VPOS="1551" HPOS="276"/>
                  <String HEIGHT="65"
                          WIDTH="291"
                          VPOS="1551"
                          HPOS="218"
                          CONTENT="eaux-fortes"/>
                  <SP HEIGHT="65" WIDTH="19" VPOS="1551" HPOS="509"/>
                  <String HEIGHT="65"
                          WIDTH="233"
                          VPOS="1551"
                          HPOS="451"
                          CONTENT="romaines"/>
                  <SP HEIGHT="65" WIDTH="19" VPOS="1551" HPOS="684"/>
                  <String HEIGHT="65"
                          WIDTH="213"
                          VPOS="1551"
                          HPOS="626"
                          CONTENT="d’Anton"/>
                  <SP HEIGHT="65" WIDTH="19" VPOS="1551" HPOS="839"/>
                  <String HEIGHT="65"
                          WIDTH="213"
                          VPOS="1551"
                          HPOS="781"
                          CONTENT="Lehmden"/>
                  <SP HEIGHT="65" WIDTH="19" VPOS="1551" HPOS="994"/>
                  <String HEIGHT="65"
                          WIDTH="233"
                          VPOS="1551"
                          HPOS="936"
                          CONTENT="prouvent"/>
                  <SP HEIGHT="65" WIDTH="19" VPOS="1551" HPOS="1169"/>
                  <String HEIGHT="65"
                          WIDTH="136"
                          VPOS="1551"
                          HPOS="1111"
                          CONTENT="que"/>
                  <SP HEIGHT="65" WIDTH="19" VPOS="1551" HPOS="1247"/>
                  <String HEIGHT="65"
                          WIDTH="175"
                          VPOS="1551"
                          HPOS="1188"
                          CONTENT="cette"/>
                  <SP HEIGHT="65" WIDTH="19" VPOS="1551" HPOS="1363"/>
                  <String HEIGHT="65"
                          WIDTH="175"
                          VPOS="1551"
                          HPOS="1305"
                          CONTENT="ville"/>
                  <SP HEIGHT="65" WIDTH="19" VPOS="1551" HPOS="1479"/>
                  <String HEIGHT="65"
                          WIDTH="155"
                          VPOS="1551"
                          HPOS="1402"
                          CONTENT="millé"
                          SUBS_TYPE="HypPart1"
                          SUBS_CONTENT="millénaire,"/>
                  <HYP CONTENT="-"/>
               </TextLine>
               <TextLine ID="tl_26"
                         BASELINE="1663"
                         HEIGHT="64"
                         WIDTH="1428"
                         VPOS="1599"
                         HPOS="127">
                  <String HEIGHT="64"
                          WIDTH="183"
                          VPOS="1599"
                          HPOS="109"
                          CONTENT="naire,"
                          SUBS_TYPE="HypPart2"
                          SUBS_CONTENT="millénaire,"/>
                  <SP HEIGHT="64" WIDTH="18" VPOS="1599" HPOS="292"/>
                  <String HEIGHT="64"
                          WIDTH="128"
                          VPOS="1599"
                          HPOS="237"
                          CONTENT="aux"/>
                  <SP HEIGHT="64" WIDTH="18" VPOS="1599" HPOS="365"/>
                  <String HEIGHT="64"
                          WIDTH="311"
                          VPOS="1599"
                          HPOS="310"
                          CONTENT="exploitations"/>
                  <SP HEIGHT="64" WIDTH="18" VPOS="1599" HPOS="621"/>
                  <String HEIGHT="64"
                          WIDTH="275"
                          VPOS="1599"
                          HPOS="566"
                          CONTENT="artistiques"/>
                  <SP HEIGHT="64" WIDTH="18" VPOS="1599" HPOS="841"/>
                  <String HEIGHT="64"
                          WIDTH="311"
                          VPOS="1599"
                          HPOS="786"
                          CONTENT="innombrables,"/>
                  <SP HEIGHT="64" WIDTH="18" VPOS="1599" HPOS="1097"/>
                  <String HEIGHT="64"
                          WIDTH="165"
                          VPOS="1599"
                          HPOS="1042"
                          CONTENT="garde"/>
                  <SP HEIGHT="64" WIDTH="18" VPOS="1599" HPOS="1207"/>
                  <String HEIGHT="64"
                          WIDTH="220"
                          VPOS="1599"
                          HPOS="1152"
                          CONTENT="toujours"/>
                  <SP HEIGHT="64" WIDTH="18" VPOS="1599" HPOS="1372"/>
                  <String HEIGHT="64"
                          WIDTH="128"
                          VPOS="1599"
                          HPOS="1317"
                          CONTENT="ses"/>
                  <SP HEIGHT="64" WIDTH="18" VPOS="1599" HPOS="1445"/>
                  <String HEIGHT="64"
                          WIDTH="183"
                          VPOS="1599"
                          HPOS="1372"
                          CONTENT="secrets."/>
               </TextLine>
               <TextLine ID="tl_27"
                         BASELINE="1718"
                         HEIGHT="59"
                         WIDTH="1430"
                         VPOS="1659"
                         HPOS="126">
                  <String HEIGHT="59" WIDTH="110" VPOS="1659" HPOS="108" CONTENT="Il"/>
                  <SP HEIGHT="59" WIDTH="18" VPOS="1659" HPOS="218"/>
                  <String HEIGHT="59"
                          WIDTH="183"
                          VPOS="1659"
                          HPOS="163"
                          CONTENT="suffit"/>
                  <SP HEIGHT="59" WIDTH="18" VPOS="1659" HPOS="346"/>
                  <String HEIGHT="59" WIDTH="110" VPOS="1659" HPOS="291" CONTENT="de"/>
                  <SP HEIGHT="59" WIDTH="18" VPOS="1659" HPOS="401"/>
                  <String HEIGHT="59"
                          WIDTH="275"
                          VPOS="1659"
                          HPOS="346"
                          CONTENT="l’approcher"/>
                  <SP HEIGHT="59" WIDTH="18" VPOS="1659" HPOS="621"/>
                  <String HEIGHT="59"
                          WIDTH="147"
                          VPOS="1659"
                          HPOS="566"
                          CONTENT="sous"/>
                  <SP HEIGHT="59" WIDTH="18" VPOS="1659" HPOS="713"/>
                  <String HEIGHT="59"
                          WIDTH="202"
                          VPOS="1659"
                          HPOS="658"
                          CONTENT="l’angle"/>
                  <SP HEIGHT="59" WIDTH="18" VPOS="1659" HPOS="859"/>
                  <String HEIGHT="59"
                          WIDTH="183"
                          VPOS="1659"
                          HPOS="804"
                          CONTENT="intime"/>
                  <SP HEIGHT="59" WIDTH="18" VPOS="1659" HPOS="988"/>
                  <String HEIGHT="59" WIDTH="110" VPOS="1659" HPOS="933" CONTENT="de"/>
                  <SP HEIGHT="59" WIDTH="18" VPOS="1659" HPOS="1043"/>
                  <String HEIGHT="59" WIDTH="110" VPOS="1659" HPOS="988" CONTENT="la"/>
                  <SP HEIGHT="59" WIDTH="18" VPOS="1659" HPOS="1098"/>
                  <String HEIGHT="59"
                          WIDTH="293"
                          VPOS="1659"
                          HPOS="1043"
                          CONTENT="défaillance,"/>
                  <SP HEIGHT="59" WIDTH="18" VPOS="1659" HPOS="1336"/>
                  <String HEIGHT="59"
                          WIDTH="110"
                          VPOS="1659"
                          HPOS="1281"
                          CONTENT="de"/>
                  <SP HEIGHT="59" WIDTH="18" VPOS="1659" HPOS="1391"/>
                  <String HEIGHT="59"
                          WIDTH="165"
                          VPOS="1659"
                          HPOS="1336"
                          CONTENT="cette"/>
                  <SP HEIGHT="59" WIDTH="18" VPOS="1659" HPOS="1501"/>
                  <String HEIGHT="59"
                          WIDTH="128"
                          VPOS="1659"
                          HPOS="1428"
                          CONTENT="lente"/>
               </TextLine>
               <TextLine ID="tl_28"
                         BASELINE="1758"
                         HEIGHT="54"
                         WIDTH="1427"
                         VPOS="1704"
                         HPOS="128">
                  <String HEIGHT="54"
                          WIDTH="244"
                          VPOS="1704"
                          HPOS="109"
                          CONTENT="décadence"/>
                  <SP HEIGHT="54" WIDTH="19" VPOS="1704" HPOS="353"/>
                  <String HEIGHT="54"
                          WIDTH="131"
                          VPOS="1704"
                          HPOS="297"
                          CONTENT="des"/>
                  <SP HEIGHT="54" WIDTH="19" VPOS="1704" HPOS="428"/>
                  <String HEIGHT="54"
                          WIDTH="188"
                          VPOS="1704"
                          HPOS="372"
                          CONTENT="choses"/>
                  <SP HEIGHT="54" WIDTH="19" VPOS="1704" HPOS="560"/>
                  <String HEIGHT="54"
                          WIDTH="169"
                          VPOS="1704"
                          HPOS="504"
                          CONTENT="dites"/>
                  <SP HEIGHT="54" WIDTH="19" VPOS="1704" HPOS="673"/>
                  <String HEIGHT="54"
                          WIDTH="207"
                          VPOS="1704"
                          HPOS="616"
                          CONTENT="mortes,"/>
                  <SP HEIGHT="54" WIDTH="19" VPOS="1704" HPOS="823"/>
                  <String HEIGHT="54"
                          WIDTH="131"
                          VPOS="1704"
                          HPOS="766"
                          CONTENT="qui"/>
                  <SP HEIGHT="54" WIDTH="19" VPOS="1704" HPOS="898"/>
                  <String HEIGHT="54"
                          WIDTH="188"
                          VPOS="1704"
                          HPOS="842"
                          CONTENT="dégage"/>
                  <SP HEIGHT="54" WIDTH="19" VPOS="1704" HPOS="1029"/>
                  <String HEIGHT="54"
                          WIDTH="131"
                          VPOS="1704"
                          HPOS="973"
                          CONTENT="une"/>
                  <SP HEIGHT="54" WIDTH="19" VPOS="1704" HPOS="1104"/>
                  <String HEIGHT="54"
                          WIDTH="131"
                          VPOS="1704"
                          HPOS="1048"
                          CONTENT="vie"/>
                  <SP HEIGHT="54" WIDTH="19" VPOS="1704" HPOS="1179"/>
                  <String HEIGHT="54"
                          WIDTH="207"
                          VPOS="1704"
                          HPOS="1123"
                          CONTENT="étrange"/>
                  <SP HEIGHT="54" WIDTH="19" VPOS="1704" HPOS="1330"/>
                  <String HEIGHT="54"
                          WIDTH="113"
                          VPOS="1704"
                          HPOS="1273"
                          CONTENT="et"/>
                  <SP HEIGHT="54" WIDTH="19" VPOS="1704" HPOS="1386"/>
                  <String HEIGHT="54"
                          WIDTH="244"
                          VPOS="1704"
                          HPOS="1311"
                          CONTENT="fascinante."/>
               </TextLine>
            </TextBlock>
            <TextBlock ID="r_2_5" HEIGHT="190" WIDTH="1415" VPOS="1752" HPOS="136">
               <Shape>
                  <Polygon POINTS="136,1752 1551,1752 1551,1942 136,1942"/>
               </Shape>
               <TextLine ID="tl_29"
                         BASELINE="1811"
                         HEIGHT="74"
                         WIDTH="1395"
                         VPOS="1737"
                         HPOS="163">
                  <String HEIGHT="74"
                          WIDTH="142"
                          VPOS="1737"
                          HPOS="143"
                          CONTENT="Les"/>
                  <SP HEIGHT="74" WIDTH="20" VPOS="1737" HPOS="284"/>
                  <String HEIGHT="74"
                          WIDTH="283"
                          VPOS="1737"
                          HPOS="224"
                          CONTENT="sculptures"/>
                  <SP HEIGHT="74" WIDTH="20" VPOS="1737" HPOS="507"/>
                  <String HEIGHT="74"
                          WIDTH="263"
                          VPOS="1737"
                          HPOS="446"
                          CONTENT="d’Andreas"/>
                  <SP HEIGHT="74" WIDTH="20" VPOS="1737" HPOS="709"/>
                  <String HEIGHT="74"
                          WIDTH="222"
                          VPOS="1737"
                          HPOS="648"
                          CONTENT="Urteil,"/>
                  <SP HEIGHT="74" WIDTH="20" VPOS="1737" HPOS="871"/>
                  <String HEIGHT="74"
                          WIDTH="182"
                          VPOS="1737"
                          HPOS="810"
                          CONTENT="élève"/>
                  <SP HEIGHT="74" WIDTH="20" VPOS="1737" HPOS="992"/>
                  <String HEIGHT="74" WIDTH="121" VPOS="1737" HPOS="931" CONTENT="de"/>
                  <SP HEIGHT="74" WIDTH="20" VPOS="1737" HPOS="1053"/>
                  <String HEIGHT="74"
                          WIDTH="243"
                          VPOS="1737"
                          HPOS="992"
                          CONTENT="Wotruba,"/>
                  <SP HEIGHT="74" WIDTH="20" VPOS="1737" HPOS="1235"/>
                  <String HEIGHT="74"
                          WIDTH="243"
                          VPOS="1737"
                          HPOS="1174"
                          CONTENT="semblent"/>
                  <SP HEIGHT="74" WIDTH="20" VPOS="1737" HPOS="1416"/>
                  <String HEIGHT="74"
                          WIDTH="202"
                          VPOS="1737"
                          HPOS="1356"
                          CONTENT="encore"/>
                  <SP HEIGHT="74" WIDTH="20" VPOS="1737" HPOS="1558"/>
                  <String HEIGHT="74" WIDTH="81" VPOS="1737" HPOS="1477" CONTENT="se"/>
               </TextLine>
               <TextLine ID="tl_30"
                         BASELINE="1858"
                         HEIGHT="68"
                         WIDTH="1430"
                         VPOS="1790"
                         HPOS="129">
                  <String HEIGHT="68"
                          WIDTH="245"
                          VPOS="1790"
                          HPOS="110"
                          CONTENT="chercher."/>
                  <SP HEIGHT="68" WIDTH="19" VPOS="1790" HPOS="355"/>
                  <String HEIGHT="68"
                          WIDTH="245"
                          VPOS="1790"
                          HPOS="298"
                          CONTENT="Plusieurs"/>
                  <SP HEIGHT="68" WIDTH="19" VPOS="1790" HPOS="543"/>
                  <String HEIGHT="68"
                          WIDTH="358"
                          VPOS="1790"
                          HPOS="487"
                          CONTENT="préoccupations,"/>
                  <SP HEIGHT="68" WIDTH="19" VPOS="1790" HPOS="844"/>
                  <String HEIGHT="68"
                          WIDTH="151"
                          VPOS="1790"
                          HPOS="788"
                          CONTENT="dont"/>
                  <SP HEIGHT="68" WIDTH="19" VPOS="1790" HPOS="938"/>
                  <String HEIGHT="68"
                          WIDTH="207"
                          VPOS="1790"
                          HPOS="882"
                          CONTENT="chacune"/>
                  <SP HEIGHT="68" WIDTH="19" VPOS="1790" HPOS="1089"/>
                  <String HEIGHT="68"
                          WIDTH="132"
                          VPOS="1790"
                          HPOS="1032"
                          CONTENT="est"/>
                  <SP HEIGHT="68" WIDTH="19" VPOS="1790" HPOS="1164"/>
                  <String HEIGHT="68"
                          WIDTH="245"
                          VPOS="1790"
                          HPOS="1107"
                          CONTENT="légitime,"/>
                  <SP HEIGHT="68" WIDTH="19" VPOS="1790" HPOS="1352"/>
                  <String HEIGHT="68"
                          WIDTH="132"
                          VPOS="1790"
                          HPOS="1296"
                          CONTENT="s’y"/>
                  <SP HEIGHT="68" WIDTH="19" VPOS="1790" HPOS="1427"/>
                  <String HEIGHT="68"
                          WIDTH="207"
                          VPOS="1790"
                          HPOS="1352"
                          CONTENT="disputent"/>
               </TextLine>
               <TextLine ID="tl_31"
                         BASELINE="1896"
                         HEIGHT="54"
                         WIDTH="1430"
                         VPOS="1842"
                         HPOS="128">
                  <String HEIGHT="54" WIDTH="116" VPOS="1842" HPOS="109" CONTENT="la"/>
                  <SP HEIGHT="54" WIDTH="19" VPOS="1842" HPOS="225"/>
                  <String HEIGHT="54"
                          WIDTH="290"
                          VPOS="1842"
                          HPOS="167"
                          CONTENT="prévalence:"/>
                  <SP HEIGHT="54" WIDTH="19" VPOS="1842" HPOS="457"/>
                  <String HEIGHT="54" WIDTH="116" VPOS="1842" HPOS="399" CONTENT="la"/>
                  <SP HEIGHT="54" WIDTH="19" VPOS="1842" HPOS="514"/>
                  <String HEIGHT="54"
                          WIDTH="251"
                          VPOS="1842"
                          HPOS="457"
                          CONTENT="recherche"/>
                  <SP HEIGHT="54" WIDTH="19" VPOS="1842" HPOS="708"/>
                  <String HEIGHT="54"
                          WIDTH="174"
                          VPOS="1842"
                          HPOS="650"
                          CONTENT="d’une"/>
                  <SP HEIGHT="54" WIDTH="19" VPOS="1842" HPOS="824"/>
                  <String HEIGHT="54"
                          WIDTH="271"
                          VPOS="1842"
                          HPOS="766"
                          CONTENT="figuration"/>
                  <SP HEIGHT="54" WIDTH="19" VPOS="1842" HPOS="1036"/>
                  <String HEIGHT="54"
                          WIDTH="251"
                          VPOS="1842"
                          HPOS="978"
                          CONTENT="mythique,"/>
                  <SP HEIGHT="54" WIDTH="19" VPOS="1842" HPOS="1229"/>
                  <String HEIGHT="54"
                          WIDTH="116"
                          VPOS="1842"
                          HPOS="1172"
                          CONTENT="la"/>
                  <SP HEIGHT="54" WIDTH="19" VPOS="1842" HPOS="1287"/>
                  <String HEIGHT="54"
                          WIDTH="213"
                          VPOS="1842"
                          HPOS="1229"
                          CONTENT="volonté"/>
                  <SP HEIGHT="54" WIDTH="19" VPOS="1842" HPOS="1442"/>
                  <String HEIGHT="54"
                          WIDTH="193"
                          VPOS="1842"
                          HPOS="1365"
                          CONTENT="spatiale"/>
               </TextLine>
               <TextLine ID="tl_32"
                         BASELINE="1960"
                         HEIGHT="83"
                         WIDTH="1289"
                         VPOS="1877"
                         HPOS="128">
                  <String HEIGHT="83" WIDTH="112" VPOS="1877" HPOS="109" CONTENT="et"/>
                  <SP HEIGHT="83" WIDTH="19" VPOS="1877" HPOS="221"/>
                  <String HEIGHT="83"
                          WIDTH="243"
                          VPOS="1877"
                          HPOS="165"
                          CONTENT="dynamique"/>
                  <SP HEIGHT="83" WIDTH="19" VPOS="1877" HPOS="408"/>
                  <String HEIGHT="83" WIDTH="112" VPOS="1877" HPOS="352" CONTENT="et"/>
                  <SP HEIGHT="83" WIDTH="19" VPOS="1877" HPOS="464"/>
                  <String HEIGHT="83"
                          WIDTH="205"
                          VPOS="1877"
                          HPOS="408"
                          CONTENT="l’amour"/>
                  <SP HEIGHT="83" WIDTH="19" VPOS="1877" HPOS="614"/>
                  <String HEIGHT="83" WIDTH="112" VPOS="1877" HPOS="558" CONTENT="de"/>
                  <SP HEIGHT="83" WIDTH="19" VPOS="1877" HPOS="670"/>
                  <String HEIGHT="83" WIDTH="112" VPOS="1877" HPOS="614" CONTENT="la"/>
                  <SP HEIGHT="83" WIDTH="19" VPOS="1877" HPOS="726"/>
                  <String HEIGHT="83"
                          WIDTH="187"
                          VPOS="1877"
                          HPOS="670"
                          CONTENT="pierre"/>
                  <SP HEIGHT="83" WIDTH="19" VPOS="1877" HPOS="857"/>
                  <String HEIGHT="83" WIDTH="112" VPOS="1877" HPOS="801" CONTENT="en"/>
                  <SP HEIGHT="83" WIDTH="19" VPOS="1877" HPOS="913"/>
                  <String HEIGHT="83"
                          WIDTH="149"
                          VPOS="1877"
                          HPOS="857"
                          CONTENT="tant"/>
                  <SP HEIGHT="83" WIDTH="19" VPOS="1877" HPOS="1006"/>
                  <String HEIGHT="83"
                          WIDTH="131"
                          VPOS="1877"
                          HPOS="950"
                          CONTENT="que"/>
                  <SP HEIGHT="83" WIDTH="19" VPOS="1877" HPOS="1081"/>
                  <String HEIGHT="83"
                          WIDTH="168"
                          VPOS="1877"
                          HPOS="1025"
                          CONTENT="masse"/>
                  <SP HEIGHT="83" WIDTH="19" VPOS="1877" HPOS="1193"/>
                  <String HEIGHT="83"
                          WIDTH="168"
                          VPOS="1877"
                          HPOS="1137"
                          CONTENT="dense"/>
                  <SP HEIGHT="83" WIDTH="19" VPOS="1877" HPOS="1305"/>
                  <String HEIGHT="83"
                          WIDTH="112"
                          VPOS="1877"
                          HPOS="1249"
                          CONTENT="et"/>
                  <SP HEIGHT="83" WIDTH="19" VPOS="1877" HPOS="1361"/>
                  <String HEIGHT="83"
                          WIDTH="131"
                          VPOS="1877"
                          HPOS="1286"
                          CONTENT="rude."/>
               </TextLine>
            </TextBlock>
            <TextBlock ID="r_3_1" HEIGHT="34" WIDTH="328" VPOS="1966" HPOS="1221">
               <Shape>
                  <Polygon POINTS="1221,1966 1549,1966 1549,2000 1221,2000"/>
               </Shape>
               <TextLine ID="tl_33"
                         BASELINE="2027"
                         HEIGHT="84"
                         WIDTH="344"
                         VPOS="1943"
                         HPOS="1213">
                  <String HEIGHT="84"
                          WIDTH="229"
                          VPOS="1943"
                          HPOS="1190"
                          CONTENT="Werner"/>
                  <SP HEIGHT="84" WIDTH="23" VPOS="1943" HPOS="1419"/>
                  <String HEIGHT="84"
                          WIDTH="229"
                          VPOS="1943"
                          HPOS="1328"
                          CONTENT="Hofmann."/>
               </TextLine>
            </TextBlock>
            <GraphicalElement ID="r_4" HEIGHT="3" WIDTH="1435" VPOS="0" HPOS="21"/>
            <GraphicalElement ID="r_5" HEIGHT="2" WIDTH="227" VPOS="0" HPOS="1456"/>
            <GraphicalElement ID="r_6" HEIGHT="8" WIDTH="1168" VPOS="2210" HPOS="0"/>
            <GraphicalElement ID="r_7" HEIGHT="4" WIDTH="221" VPOS="2212" HPOS="1462"/>
            <GraphicalElement ID="r_8" HEIGHT="4" WIDTH="515" VPOS="2214" HPOS="1168"/>
            <GraphicalElement ID="r_9" HEIGHT="224" WIDTH="4" VPOS="0" HPOS="0"/>
            <GraphicalElement ID="r_10" HEIGHT="112" WIDTH="3" VPOS="2102" HPOS="1678"/>
            <GraphicalElement ID="r_11" HEIGHT="122" WIDTH="1" VPOS="2096" HPOS="1682"/>
         </PrintSpace>
      </Page>
   </Layout>
</alto>
