1818 2218
238 39 250 73 <b>BRÉSIL</b>

583 449 197 65 Commissaire
740 449 144 65 Général
845 449 66 65 :
871 449 157 65 <b>Celso
989 449 118 65 Souza
1068 449 66 65 e
1081 449 144 65 Silva</b>

587 498 132 56 Premier
683 498 168 56 Secrétaire
815 498 72 56 de
851 498 180 56 l’Ambassade
994 498 72 56 du
1030 498 120 56 Brésil
1114 498 60 56 à
1126 498 96 56 Paris.

436 740 270 116 L’invitation
655 740 152 116 faite
757 740 101 116 au
807 740 169 116 Brésil
925 740 101 116 de
976 740 186 116 prendre
1111 740 135 116 part
1195 740 84 116 à
1229 740 101 116 la
1280 740 202 116 deuxième
1431 740 202 116 Biennale
1583 740 101 116 de
1617 740 118 116 Paris

406 839 88 70 a
442 839 193 70 soulevé
582 839 105 70 le
634 839 140 70 plus
722 839 123 70 vif
792 839 193 70 intérêt
932 839 140 70 dans
1019 839 123 70 les
1089 839 193 70 milieux
1229 839 263 70 artistiques
1439 839 263 70 brésiliens.
1632 839 105 70 Tout

408 886 210 67 d’abord,
565 886 157 67 parce
670 886 122 67 que
740 886 122 67 les
810 886 175 67 jeunes
932 886 210 67 artistes
1090 886 105 67 du
1142 886 157 67 monde
1247 886 175 67 entier
1370 886 105 67 se
1422 886 192 67 rendent
1545 886 192 67 parfaite-

410 924 148 81 ment
502 924 185 81 compte
631 924 111 81 de
686 924 295 81 l’importance
926 924 129 81 que
1000 924 166 81 prend
1111 924 129 81 une
1184 924 258 81 exposition
1387 924 351 81 internationale,
1664 924 74 81 où

409 981 121 79 les
478 981 173 79 œuvres
599 981 104 79 de
651 981 259 79 provenances
858 981 121 79 les
927 981 138 79 plus
1014 981 207 79 diverses
1169 981 104 79 et
1221 981 104 79 de
1273 981 225 79 tendances
1446 981 121 79 les
1515 981 138 79 plus
1584 981 156 79 variées

410 1030 200 87 peuvent
556 1030 146 87 être
647 1030 237 87 comparées
829 1030 146 87 côte
920 1030 91 87 à
956 1030 164 87 côte,
1066 1030 237 87 véritable
1248 1030 182 87 compte
1376 1030 164 87 rendu
1485 1030 237 87 universel
1649 1030 91 87 des

413 1085 259 81 principales
620 1085 310 81 manifestations
878 1085 155 81 d’art
982 1085 207 81 moderne.
1137 1085 103 81 En
1188 1085 172 81 outre,
1309 1085 103 81 il
1361 1085 121 81 est
1430 1085 224 81 également
1585 1085 155 81 certain

414 1135 118 76 que
481 1135 118 76 les
549 1135 235 76 Brésiliens
733 1135 118 76 ont
800 1135 118 76 été
868 1135 84 76 à
901 1135 134 76 même
985 1135 252 76 d’apprécier
1187 1135 101 76 la
1237 1135 168 76 valeur
1355 1135 118 76 des
1422 1135 252 76 expositions
1607 1135 134 76 inter-

416 1186 229 79 nationales
596 1186 98 79 de
645 1186 115 79 cet
710 1186 164 79 ordre,
825 1186 164 79 depuis
940 1186 131 79 qu’a
1022 1186 115 79 été
1087 1186 147 79 créée
1185 1186 98 79 en
1234 1186 131 79 1951
1316 1186 98 79 la
1365 1186 197 79 Biennale
1513 1186 98 79 de
1562 1186 115 79 Sâo
1611 1186 131 79 Paulo.

444 1239 118 71 Les
512 1239 219 71 créateurs
680 1239 101 71 et
731 1239 287 71 organisateurs
967 1239 101 71 de
1018 1239 101 71 la
1069 1239 203 71 Biennale
1221 1239 101 71 de
1271 1239 169 71 Paris,
1389 1239 135 71 dont
1474 1239 101 71 le
1525 1239 169 71 succès
1626 1239 118 71 n’est

415 1293 138 71 plus
501 1293 86 71 à
536 1293 224 71 démontrer
708 1293 173 71 depuis
829 1293 104 71 la
881 1293 207 71 première
1036 1293 293 71 manifestation
1278 1293 104 71 en
1330 1293 155 71 1959,
1433 1293 207 71 pourront
1571 1293 173 71 toujours

415 1348 190 64 compter
553 1348 121 64 sur
622 1348 104 64 la
674 1348 311 64 reconnaissance
932 1348 104 64 et
984 1348 276 64 l’admiration
1208 1348 104 64 du
1260 1348 155 64 monde
1364 1348 242 64 artistique
1536 1348 207 64 brésilien.

448 1396 116 67 Les
515 1396 199 67 peintres
664 1396 100 67 et
714 1396 199 67 graveurs
864 1396 133 67 dont
947 1396 116 67 les
1013 1396 166 67 œuvres
1129 1396 116 67 ont
1196 1396 116 67 été
1262 1396 199 67 retenues
1412 1396 133 67 pour
1495 1396 149 67 cette
1578 1396 166 67 Biennale

420 1445 102 86 de
471 1445 153 86 Paris
573 1445 238 86 traduisent
760 1445 153 86 assez
862 1445 238 86 fidèlement
1049 1445 204 86 certains
1201 1445 204 86 courants
1354 1445 187 86 actuels
1490 1445 119 86 des
1558 1445 136 86 arts
1626 1445 119 86 plas-

418 1512 166 64 tiques
535 1512 100 64 au
568 1512 150 64 Brésil.
