1875 2197
1337 7 436 74 <b>YOUGOSLAVIE</b>

230 114 155 60 Dans
327 114 116 60 ce
385 114 194 60 cadre,
521 114 291 60 transposant
754 114 136 60 les
831 114 252 60 allusions
1025 114 213 60 réelles
1181 114 116 60 en
1239 114 233 60 symboles
1394 114 233 60 abstraits,

198 172 116 57 le
256 172 212 57 peintre
410 172 232 57 compose,
584 172 155 57 dans
681 172 135 57 une
758 172 174 57 gamme
874 172 193 57 sourde
1009 172 116 57 et
1067 172 232 57 raffinée
1241 172 135 57 une
1318 172 212 57 réalité
1453 172 174 57 impres-

198 221 247 47 sionnante
388 221 133 47 qui
464 221 133 47 est
540 221 247 47 seulement
729 221 114 47 la
767 221 171 47 sienne.

232 248 161 64 C’est
339 248 232 64 également
518 248 161 64 d’une
625 248 197 64 réalité
768 248 250 64 intérieure
965 248 125 64 que
1036 248 143 64 nous
1126 248 197 64 parlent
1269 248 125 64 les
1340 248 197 64 dessins
1465 248 161 64 d’Ordan

201 304 260 58 Petlevski,
406 304 223 58 pénétrés
573 304 111 58 de
628 304 204 58 visions
777 304 111 58 du
832 304 204 58 paysage
981 304 111 58 nu
1036 304 111 58 et
1092 304 278 58 impitoyable
1315 304 130 58 des
1389 304 186 58 roches
1500 304 130 58 macé-

200 353 257 59 doniennes.
401 353 110 59 La
456 353 293 59 calligraphie
695 353 275 59 personnelle
915 353 110 59 de
970 353 257 59 Petlevski,
1172 353 183 59 simple
1300 353 147 59 dans
1392 353 110 59 sa
1428 353 202 59 richesse,

199 407 155 54 crée
295 407 271 54 d’étranges
508 407 232 54 liaisons
683 407 116 54 de
741 407 194 54 formes
876 407 135 54 qui
954 407 232 54 joignent
1128 407 97 54 à
1166 407 290 54 l’éphémère,
1399 407 116 54 au
1437 407 194 54 disparu,

204 452 125 52 une
276 452 197 52 étrange
419 452 214 52 vitalité
579 452 232 52 torturée,
758 452 143 52 mais
847 452 143 52 très
919 452 232 52 persuasive.

234 489 170 58 Comme
347 489 113 58 il
404 489 132 58 est
480 489 264 58 différent,
687 489 113 58 le
744 489 170 58 monde
857 489 189 58 visuel
990 489 113 58 de
1046 489 170 58 Marko
1160 489 264 58 Sustarsic,
1368 489 189 58 rempli
1500 489 113 58 de
1538 489 94 58 foi

200 545 157 50 dans
299 545 118 50 le
357 545 216 50 pouvoir
515 545 137 50 des
593 545 216 50 petites
750 545 196 50 choses
888 545 216 50 simples
1045 545 118 50 et
1104 545 334 50 quotidiennes.
1379 545 137 50 Les
1438 545 196 50 morceaux

202 586 118 56 de
261 586 235 56 meubles,
438 586 137 56 les
516 586 216 56 fleurs,
673 586 137 56 les
752 586 216 56 petites
908 586 216 56 figures
1065 586 118 56 de
1124 586 216 56 femmes,
1281 586 157 56 dont
1379 586 137 56 ses
1438 586 196 56 paysages

204 628 286 56 imaginaires
433 628 153 56 sont
528 628 248 56 parsemés,
719 628 267 56 deviennent
929 628 133 56 des
1005 628 191 56 signes
1138 628 95 56 —
1176 628 229 56 symboles
1348 628 114 56 de
1405 628 133 56 ses
1462 628 172 56 désirs,

205 686 107 48 de
259 686 125 48 ses
330 686 250 48 rencontres
527 686 107 48 et
580 686 107 48 de
634 686 125 48 ses
706 686 161 48 rêves
813 686 89 48 —
849 686 125 48 que
920 686 232 48 l’artiste
1099 686 197 48 raconte
1242 686 143 48 avec
1331 686 107 48 un
1385 686 125 48 peu
1438 686 197 48 d’ironie,

203 724 179 54 assez
323 724 119 54 de
382 724 279 54 sensualité
601 724 119 54 et
661 724 219 54 surtout
820 724 239 54 beaucoup
1000 724 119 54 de
1059 724 219 54 poésie,
1219 724 199 54 pleine
1358 724 119 54 de
1398 724 239 54 simplicité

204 773 275 48 enfantine.
420 773 137 48 Ses
499 773 235 48 tableaux
675 773 118 48 ne
734 773 157 48 sont
832 773 137 48 pas
910 773 216 48 exempts
1067 773 118 48 de
1126 773 196 48 traces
1263 773 177 48 d’une
1381 773 255 48 tradition
1558 773 78 48 de

206 818 251 57 peintures
399 818 271 57 populaires
612 818 135 57 sur
689 818 193 57 verre,
825 818 174 57 ainsi
941 818 135 57 que
1018 818 271 57 d’éléments
1231 818 155 57 d’un
1328 818 213 57 baroque
1463 818 174 57 paysan,

205 850 226 70 familier
375 850 151 70 dans
469 850 113 70 la
526 850 189 70 région
658 850 113 70 du
715 850 226 70 peintre.
884 850 170 70 C’est
998 850 170 70 grâce
1111 850 94 70 à
1148 850 132 70 ces
1224 850 264 70 souvenirs,
1413 850 226 70 peut

209 903 165 56 qu’il
319 903 202 56 possède
466 903 110 56 ce
521 903 129 56 ton
594 903 202 56 direct,
741 903 184 56 propre
870 903 129 56 aux
943 903 257 56 primitifs,
1145 903 110 56 en
1200 903 147 56 même
1292 903 165 56 temps
1402 903 165 56 qu’un
1494 903 147 56 accent

209 958 211 54 moderne
362 958 153 54 dans
458 958 134 54 les
534 958 230 54 symboles
707 958 115 54 et
764 958 153 54 dans
860 958 115 54 sa
917 958 306 54 personnalité
1166 958 153 54 très
1243 958 191 54 marquée.

238 999 213 63 Opposé
387 999 106 63 à
429 999 128 63 ce
493 999 191 63 monde
621 999 128 63 de
685 999 234 63 petites
855 999 213 63 choses
1004 999 255 63 simples,
1195 999 255 63 Svetozar
1387 999 277 63 Samurovic
1578 999 64 63 a

210 1041 257 60 entrouvert
412 1041 110 60 la
467 1041 165 60 porte
577 1041 129 60 sur
650 1041 257 60 d’étranges
852 1041 239 60 rêveries.
1036 1041 202 60 Artiste
1183 1041 147 60 très
1275 1041 239 60 sensible,
1458 1041 147 60 très
1532 1041 110 60 fin,

209 1088 259 60 Samurovic
408 1088 100 60 a
448 1088 159 60 créé
548 1088 119 60 un
607 1088 179 60 monde
727 1088 119 60 de
787 1088 219 60 reflets
946 1088 299 60 chatoyants,
1185 1088 339 60 d’imaginaires
1444 1088 199 60 visions,

211 1136 115 61 de
268 1136 248 61 somptueux
459 1136 268 61 intérieurs
669 1136 287 61 moyenâgeux.
899 1136 210 61 Quelque
1052 1136 172 61 chose
1166 1136 134 61 qui
1243 1136 268 61 appartient
1453 1136 115 61 en
1491 1136 153 61 propre

211 1188 92 57 à
247 1188 110 57 la
303 1188 202 57 matière
450 1188 110 57 et
505 1188 92 57 à
542 1188 221 57 l’esprit
707 1188 110 57 de
762 1188 129 57 nos
836 1188 184 57 icones
965 1188 92 57 —
1001 1188 129 57 aux
1075 1188 202 57 trésors
1222 1188 129 57 des
1296 1188 276 57 monastères,
1516 1188 92 57 à
1535 1188 110 57 leur

214 1226 268 65 préciosité,
429 1226 143 65 leur
518 1226 197 65 mystère
662 1226 107 65 et
715 1226 89 65 à
751 1226 143 65 leur
841 1226 179 65 beauté
966 1226 233 65 lointaine
1145 1226 107 65 et
1199 1226 215 65 pourtant
1360 1226 197 65 intime,
1485 1226 161 65 miroite

213 1276 137 61 sur
292 1276 137 61 ces
370 1276 216 61 sonnets
528 1276 295 61 plastiques.
763 1276 157 61 Dans
861 1276 137 61 ces
940 1276 255 61 tableaux,
1136 1276 334 61 s’entrelacent
1392 1276 255 61 étrangement

217 1324 127 56 les
289 1324 199 56 visions
434 1324 236 56 poétiques
616 1324 127 56 des
688 1324 181 56 désirs
815 1324 290 56 personnifiés
1051 1324 127 56 qui
1123 1324 254 56 voudraient
1323 1324 218 56 inscrire
1486 1324 109 56 le
1522 1324 127 56 passé

214 1377 160 53 dans
314 1377 120 53 le
354 1377 199 53 présent.

248 1407 168 64 Parmi
360 1407 131 64 nos
435 1407 187 64 jeunes
566 1407 224 64 artistes
734 1407 150 64 qui,
828 1407 224 64 trouvant
996 1407 131 64 des
1071 1407 243 64 affinités
1258 1407 150 64 avec
1351 1407 131 64 les
1426 1407 187 64 œuvres
1538 1407 112 64 poé-

214 1467 179 50 tiques
340 1467 108 50 ou
393 1467 269 50 littéraires
608 1467 125 50 les
680 1467 125 50 ont
752 1467 269 50 illustrées,
967 1467 143 50 nous
1056 1467 161 50 avons
1146 1467 161 50 choisi:

247 1503 227 56 Vladimir
418 1503 265 56 Velickovic
626 1503 152 56 avec
721 1503 133 56 ses
796 1503 208 56 dessins
948 1503 95 56 à
986 1503 208 56 l’encre
1137 1503 114 56 de
1194 1503 189 56 Chine,
1327 1503 171 56 d’une
1422 1503 227 56 expression

219 1555 210 54 étrange,
376 1555 175 54 sévère
498 1555 105 54 et
551 1555 175 54 tendre
673 1555 87 54 à
708 1555 105 54 la
760 1555 157 54 fois,
865 1555 157 54 faits
970 1555 140 54 pour
1058 1555 227 54 illustrer
1232 1555 122 54 les
1302 1555 140 54 vers
1390 1555 105 54 de
1442 1555 157 54 notre
1530 1555 122 54 jeune

219 1597 172 66 poète
334 1597 172 66 Vasko
448 1597 153 66 Popa
544 1597 115 66 et
602 1597 134 66 les
678 1597 191 66 petits
812 1597 230 66 tableaux
984 1597 115 66 de
1042 1597 191 66 Horvat
1176 1597 230 66 Miljenko
1348 1597 230 66 inspirés
1520 1597 134 66 par
1577 1597 77 66 le

219 1637 177 70 poème
337 1637 98 70 «
376 1637 118 70 La
435 1637 177 70 Terre
553 1637 177 70 Vaine
671 1637 98 70 »
710 1637 118 70 de
769 1637 118 70 T.
828 1637 118 70 S.
887 1637 216 70 Elliot.
1044 1637 137 70 Cet
1123 1637 236 70 artiste,
1300 1637 157 70 avec
1398 1637 137 70 des
1457 1637 196 70 éléments

221 1689 301 62 insignifiants
469 1689 106 62 et
522 1689 106 62 de
575 1689 230 62 caractère
752 1689 301 62 antipictural,
1000 1689 89 62 a
1036 1689 106 62 su
1089 1689 159 62 créer
1195 1689 124 62 des
1266 1689 195 62 valeurs
1407 1689 159 62 d’une
1496 1689 159 62 impres-

220 1747 262 54 sionnante
401 1747 222 54 harmonie.

253 1774 173 73 Notre
368 1774 154 73 plus
464 1774 173 73 jeune
580 1774 289 73 décorateur,
811 1774 250 73 Wladyslaw
1003 1774 250 73 Lalitzky,
1195 1774 96 73 a
1234 1774 192 73 essayé
1368 1774 115 73 de
1426 1774 212 73 joindre
1561 1774 96 73 aux

223 1824 210 63 besoins
376 1824 115 63 du
433 1824 363 63 fonctionnalisme
739 1824 229 63 scénique
911 1824 134 63 une
987 1824 229 63 solution
1159 1824 172 63 ayant
1274 1824 134 63 une
1350 1824 191 63 valeur
1465 1824 191 63 purement

204 1888 222 61 plastique.

1267 1940 247 66 Katarina
1432 1940 227 66 Ambrosic.

1472 2095 112 58 119
