1818 2197
229 8 259 68 <b>MAROC</b>

581 413 231 61 Commissaire
766 413 170 61 Général
889 413 77 61 :
920 413 185 61 <b>Ahmed
1043 413 216 61 Sefrioui</b>

580 465 218 57 Directeur
748 465 117 57 des
815 465 134 57 Arts
898 465 100 57 et
948 465 100 57 du
982 465 184 57 Folklore.

421 683 106 65 La
474 683 213 65 peinture
634 683 231 65 marocaine
812 683 106 65 ne
865 683 142 65 peut
954 683 160 65 être,
1060 683 106 65 en
1113 683 177 65 effet,
1238 683 124 65 que
1309 683 160 65 jeune
1415 683 124 65 par
1486 683 195 65 rapport
1628 683 89 65 à
1646 683 124 65 celle

388 733 215 71 d’autres
550 733 144 71 pays
639 733 126 71 qui
711 733 126 71 ont
783 733 126 71 des
855 733 251 71 traditions
1052 733 144 71 dans
1142 733 108 71 ce
1196 733 215 71 domaine,
1357 733 108 71 et
1411 733 144 71 qui,
1501 733 108 71 de
1555 733 144 71 tout
1626 733 144 71 temps,

387 782 126 58 ont
459 782 198 58 cultivé
603 782 126 58 cet
674 782 144 58 art.
764 782 126 58 Les
836 782 216 58 artistes
998 782 251 58 musulmans,
1195 782 108 58 si
1249 782 144 58 nous
1339 782 198 58 faisons
1483 782 269 58 abstraction
1680 782 90 58 des

390 831 286 62 miniaturistes
626 831 202 62 persans,
777 831 101 62 ne
828 831 101 62 se
879 831 135 62 sont
963 831 168 62 jamais
1081 831 168 62 livrés
1198 831 84 62 à
1232 831 101 62 la
1283 831 303 62 représentation
1535 831 101 62 de
1586 831 101 62 la
1619 831 152 62 nature.

387 873 144 60 Leur
477 873 270 60 imagination
693 873 162 60 s’est
801 873 198 60 laissée
945 873 198 60 surtout
1089 873 198 60 séduire
1232 873 126 60 par
1304 873 108 60 la
1358 873 252 60 décoration
1538 873 234 60 géométrique

386 923 108 57 ou
440 923 198 57 florale
584 923 108 57 et
638 923 126 57 ils
710 923 126 57 ont
782 923 198 57 réalisé
926 923 126 57 des
998 923 306 57 chefs-d’œuvre
1249 923 252 57 d’harmonie
1447 923 108 57 ou
1483 923 288 57 d’ingéniosité.

386 965 198 64 Depuis
525 965 139 64 dix
604 965 119 64 ou
664 965 198 64 quinze
802 965 139 64 ans
881 965 277 64 seulement,
1099 965 139 64 les
1179 965 198 64 jeunes
1317 965 158 64 gens
1416 965 258 64 marocains
1615 965 139 64 ont
1674 965 99 64 été

383 1020 204 59 attirés
532 1020 148 59 vers
624 1020 111 59 le
680 1020 204 59 tableau
828 1020 111 59 de
884 1020 241 59 chevalet.
1069 1020 259 59 Encouragés
1273 1020 130 59 par
1347 1020 130 59 les
1421 1020 241 59 amateurs,
1588 1020 185 59 certains

387 1069 193 52 d’entre
528 1069 140 52 eux,
616 1069 140 52 sans
703 1069 263 52 préparation
914 1069 263 52 suffisante,
1125 1069 123 52 ont
1195 1069 228 52 naïvement
1370 1069 228 52 reproduit
1546 1069 123 52 des
1598 1069 176 52 paysages

385 1114 107 45 et
439 1114 125 45 des
510 1114 178 45 scènes
635 1114 107 45 de
688 1114 107 45 la
742 1114 125 45 vie
813 1114 232 45 courante.
991 1114 107 45 On
1044 1114 89 45 a
1080 1114 143 45 vite
1169 1114 214 45 remarqué
1330 1114 125 45 que
1401 1114 160 45 cette
1508 1114 214 45 peinture
1650 1114 125 45 spon-

382 1161 161 55 tanée
489 1161 214 55 dénotait
650 1161 143 55 chez
739 1161 125 55 les
810 1161 125 55 uns
882 1161 107 55 et
935 1161 143 55 chez
1025 1161 125 55 les
1096 1161 178 55 autres
1221 1161 107 55 un
1274 1161 143 55 sens
1364 1161 143 55 aigu
1453 1161 107 55 de
1488 1161 286 55 l’observation,

386 1210 110 49 un
441 1210 274 49 raffinement
660 1210 146 49 dans
751 1210 110 49 le
806 1210 165 49 choix
916 1210 128 49 des
989 1210 201 49 coloris
1135 1210 110 49 et
1190 1210 110 49 un
1245 1210 165 49 désir
1355 1210 201 49 sincère
1501 1210 256 49 d’exprimer
1684 1210 91 49 non

386 1249 233 68 seulement
565 1249 108 68 ce
619 1249 179 68 qu’ils
744 1249 233 68 voyaient,
924 1249 143 68 mais
1013 1249 108 68 la
1067 1249 305 68 signification
1318 1249 108 68 de
1372 1249 108 68 ce
1425 1249 179 68 qu’ils
1533 1249 197 68 voyaient.

417 1294 107 70 La
471 1294 197 70 plupart
614 1294 107 70 de
668 1294 125 70 nos
739 1294 179 70 jeunes
864 1294 215 70 artistes
1025 1294 286 70 démontrèrent
1258 1294 161 70 ainsi
1365 1294 179 70 qu’ils
1491 1294 268 70 possédaient
1688 1294 89 70 des

386 1341 139 62 dons
473 1341 313 62 incontestables
733 1341 104 62 et
786 1341 122 62 que
855 1341 209 62 certains
1012 1341 226 62 pouvaient
1186 1341 157 62 faire
1290 1341 122 62 une
1360 1341 209 62 carrière
1516 1341 139 62 très
1586 1341 191 62 honorable

383 1388 148 56 dans
476 1388 111 56 le
532 1388 204 56 domaine
662 1388 204 56 pictural.

418 1432 141 69 Deux
507 1432 106 69 ou
560 1432 159 69 trois
666 1432 177 69 jeunes
789 1432 194 69 étaient
931 1432 177 69 partis
1054 1432 159 69 munis
1161 1432 106 69 de
1214 1432 141 69 leur
1302 1432 212 69 palette,
1461 1432 106 69 de
1514 1432 159 69 leurs
1602 1432 177 69 pinceaux

385 1489 103 60 et
436 1489 103 60 de
488 1489 154 60 leurs
590 1489 205 60 couleurs
744 1489 137 60 vers
830 1489 223 60 l’Europe,
1001 1489 86 60 à
1036 1489 103 60 la
1087 1489 223 60 recherche
1258 1489 103 60 de
1309 1489 137 60 leur
1395 1489 154 60 voie.
1498 1489 120 60 Ils
1566 1489 120 60 ont
1635 1489 103 60 pu
1669 1489 137 60 ainsi.

382 1528 214 66 admirer
537 1528 136 66 les
615 1528 194 66 œuvres
751 1528 136 66 des
829 1528 194 66 grands
965 1528 233 66 maîtres,
1140 1528 117 66 se
1198 1528 214 66 tremper
1353 1528 155 66 dans
1451 1528 311 66 l’atmosphère
1684 1528 97 66 des

382 1572 224 63 ateliers
550 1572 112 63 et
606 1572 131 63 des
681 1572 205 63 musées,
830 1572 168 63 nouer
942 1572 131 63 des
998 1572 186 63 amitiés.

415 1618 111 62 Je
470 1618 111 62 ne
525 1618 203 62 citerai
673 1618 166 62 point
784 1618 111 62 de
839 1618 166 62 noms,
950 1618 111 62 je
1005 1618 111 62 me
1061 1618 277 62 contenterai
1282 1618 240 62 seulement
1467 1618 111 62 de
1522 1618 240 62 féliciter
1689 1618 92 62 ces

385 1666 236 74 pionniers
567 1666 145 74 pour
658 1666 145 74 leur
749 1666 200 74 courage
894 1666 109 74 et
949 1666 145 74 leur
1039 1666 200 74 passion
1185 1666 145 74 pour
1276 1666 109 74 un
1330 1666 127 74 art
1403 1666 236 74 difficile
1585 1666 91 74 à
1603 1666 182 74 acquérir

385 1716 102 68 et
436 1716 136 68 dans
521 1716 170 68 lequel
641 1716 102 68 il
692 1716 119 68 est
760 1716 170 68 encore
879 1716 136 68 plus
965 1716 222 68 difficile
1135 1716 102 68 de
1186 1716 239 68 s’imposer.
1374 1716 119 68 Ils
1442 1716 119 68 ont
1510 1716 153 68 servi
1595 1716 188 68 d’exemple

381 1751 95 83 à
419 1751 171 83 leurs
533 1751 246 83 camarades
722 1751 190 83 restés
855 1751 114 83 au
912 1751 190 83 Maroc,
1045 1751 133 83 qui
1120 1751 133 83 ont
1196 1751 114 83 eu
1253 1751 114 83 le
1310 1751 190 83 mérite
1443 1751 284 83 d’apprécier
1651 1751 133 83 leurs

385 1807 190 54 efforts
523 1807 104 54 et
575 1807 104 54 de
627 1807 242 54 travailler
817 1807 138 54 afin
903 1807 242 54 d’enrichir
1094 1807 138 54 leur
1180 1807 156 54 pays.
1284 1807 104 54 Le
1336 1807 156 54 Maroc
1439 1807 86 54 a
1474 1807 156 54 ainsi
1578 1807 190 54 conquis
1699 1807 86 54 une

384 1849 164 76 place
493 1849 109 76 de
548 1849 164 76 choix
657 1849 146 76 dans
748 1849 127 76 les
821 1849 273 76 expositions
1039 1849 364 76 internationales,
1349 1849 109 76 et
1404 1849 164 76 notre
1513 1849 164 76 jeune
1604 1849 182 76 peinture

383 1901 133 72 est
459 1901 285 72 représentée
687 1901 152 72 dans
781 1901 190 72 toutes
914 1901 133 72 les
990 1901 342 72 manifestations
1275 1901 247 72 mondiales
1464 1901 114 72 et
1521 1901 247 72 appréciée
1692 1901 95 72 par

387 1942 123 66 les
458 1942 141 66 voix
546 1942 123 66 les
616 1942 141 66 plus
704 1942 246 66 autorisées
898 1942 106 66 en
951 1942 106 66 la
986 1942 176 66 matière.

425 2080 102 84 78
