1818 2218
103 -5 460 68 AFRIQUE
438 -5 251 68 DU
522 -5 209 68 SUD

465 426 113 66 Commissaire
556 426 90 66 Général:
624 426 98 66 <b>Lionel
699 426 113 66 Abrams</b>,
782 426 75 66 peintre.

296 718 208 95 Pendant
447 718 151 95 deux
542 718 151 95 bons
637 718 227 95 siècles,
807 718 227 95 jusqu’au
977 718 170 95 début
1091 718 114 95 du
1147 718 151 95 XX*,
1242 718 132 95 les
1318 718 227 95 artistes
1469 718 208 95 d’Afrique

264 762 116 89 du
322 762 135 89 Sud
399 762 116 89 se
457 762 155 89 sont
554 762 232 89 attachés
728 762 97 89 à
767 762 116 89 la
825 762 310 89 reproduction
1076 762 116 89 du
1134 762 252 89 continent
1328 762 135 89 qui
1405 762 193 89 venait
1521 762 155 89 d’être

263 819 217 84 exploré,
426 819 109 84 de
480 819 109 84 la
534 819 145 84 baie
625 819 109 84 de
679 819 109 84 la
733 819 163 84 Table
842 819 235 84 jusqu’aux
1023 819 181 84 chutes
1149 819 109 84 de
1204 819 235 84 Victoria,
1385 819 109 84 de
1439 819 127 84 ces
1493 819 181 84 immenses

261 862 232 73 étendues
435 862 97 73 à
473 862 232 73 l’aspect
648 862 213 73 étrange
802 862 116 73 et
860 862 271 73 inabituel:
1073 862 252 73 montagnes
1267 862 155 73 sans
1363 862 213 73 crêtes,
1499 862 174 73 plaines

262 901 279 89 désertiques,
488 901 174 89 arbres
610 901 122 89 aux
679 901 174 89 formes
801 901 226 89 bizarres,
976 901 209 89 buissons
1132 901 209 89 fleuris,
1289 901 226 89 antilopes
1446 901 226 89 gracieuses,

260 949 267 88 éléphants,
470 949 267 88 rhinocéros
680 949 115 88 et
737 949 325 88 hippopotames,
1005 949 286 88 populations
1234 949 115 88 et
1291 949 229 88 villages
1444 949 229 88 indigènes,

261 1000 161 84 camps
368 1000 107 84 de
422 1000 197 84 fortune
565 1000 107 84 et
619 1000 215 84 premiers
780 1000 215 84 villages
941 1000 125 84 des
1013 1000 197 84 colons,
1156 1000 215 84 reptiles
1317 1000 107 84 et
1371 1000 233 84 insectes,
1532 1000 143 84 magni-

259 1038 177 94 fiques
383 1038 177 94 fleurs
507 1038 106 94 du
560 1038 141 94 Cap,
648 1038 141 94 dont
736 1038 124 94 des
807 1038 230 94 variétés,
984 1038 159 94 moins
1090 1038 230 94 sauvages,
1267 1038 141 94 plus
1355 1038 247 94 raffinées,
1532 1038 141 94 ornent

257 1085 266 75 aujourd’hui
470 1085 124 75 les
541 1085 248 75 devantures
736 1085 124 75 des
807 1085 248 75 fleuristes
1003 1085 106 75 de
1038 1085 142 75 Paris.

288 1134 115 79 Le
345 1134 153 79 soin
441 1134 115 79 de
499 1134 115 79 la
556 1134 307 79 reproduction
806 1134 115 79 de
863 1134 134 79 ces
940 1134 211 79 beautés
1094 1134 269 79 naturelles
1305 1134 134 79 est
1381 1134 211 79 souvent
1516 1134 153 79 revenu

255 1188 137 75 aux
334 1188 314 75 explorateurs
589 1188 275 75 eux-mêmes.
805 1188 98 75 A
844 1188 137 75 une
922 1188 157 75 date
1021 1188 157 75 plus
1119 1188 235 75 récente,
1295 1188 275 75 cependant,
1491 1188 177 75 ceux

256 1229 113 88 se
313 1229 151 88 sont
407 1229 151 88 fait
501 1229 283 88 accompagner
728 1229 132 88 par
803 1229 132 88 des
879 1229 302 88 dessinateurs
1124 1229 358 88 professionnels.
1426 1229 132 88 Ces
1482 1229 189 88 derniers

255 1270 139 93 ont
335 1270 159 93 fixé
434 1270 159 93 avec
534 1270 239 93 beaucoup
713 1270 119 93 de
773 1270 159 93 zèle
872 1270 119 93 et
932 1270 100 93 à
972 1270 119 93 la
1032 1270 219 93 manière
1191 1270 139 93 des
1271 1270 319 93 photographes
1530 1270 119 93 et
1569 1270 100 93 des

256 1317 234 83 cinéastes
436 1317 306 83 d’aujourd’hui
688 1317 108 83 ce
742 1317 126 83 que
815 1317 162 83 leurs
923 1317 144 83 yeux
1013 1317 198 83 curieux
1157 1317 126 83 ont
1211 1317 90 83 vu.

287 1364 170 86 Puis,
400 1364 113 86 il
457 1364 94 86 y
495 1364 94 86 a
533 1364 151 86 deux
627 1364 302 86 générations,
873 1364 132 86 une
948 1364 227 86 nouvelle
1118 1364 170 86 école
1232 1364 113 86 de
1288 1364 227 86 peinture
1458 1364 208 86 naquit.
1590 1364 76 86 Il

255 1412 186 97 s’agit
385 1412 260 97 dorénavant
590 1412 149 97 pour
683 1412 130 97 les
757 1412 223 97 artistes
924 1412 316 97 d’interpréter
1184 1412 149 97 avec
1277 1412 149 97 goût
1370 1412 130 97 les
1444 1412 223 97 paysages
1593 1412 74 97 de

254 1455 148 58 leur
328 1455 130 58 pays.

286 1500 127 90 Ces
358 1500 218 90 artistes
522 1500 200 90 avaient
667 1500 200 90 voyagé.
812 1500 218 90 Certains
975 1500 200 90 d’entre
1121 1500 127 90 eux
1193 1500 200 90 avaient
1338 1500 181 90 étudié
1465 1500 109 90 en
1502 1500 163 90 Europe.

252 1548 135 85 Les
329 1548 174 85 vieux
445 1548 232 85 maîtres,
619 1548 135 85 les
696 1548 387 85 impressionnistes
1025 1548 116 85 ne
1083 1548 155 85 leur
1180 1548 213 85 étaient
1334 1548 135 85 pas
1412 1548 251 85 inconnus.
1586 1548 77 85 Si

251 1588 149 105 leur
344 1588 204 105 facture
493 1588 93 105 a
530 1588 112 105 pu
586 1588 149 105 être
679 1588 260 105 influencée
883 1588 130 105 par
958 1588 130 105 ces
1032 1588 223 105 maîtres,
1199 1588 149 105 leur
1292 1588 149 105 pays
1385 1588 130 105 est
1460 1588 204 105 demeuré
1590 1588 74 105 la

253 1641 176 100 source
377 1641 106 100 de
430 1641 141 100 leur
518 1641 282 100 inspiration,
747 1641 106 100 ce
800 1641 141 100 pays
888 1641 176 100 qu’ils
1012 1641 264 100 s’efforcent
1223 1641 300 100 d’interpréter
1470 1641 141 100 avec
1541 1641 123 100 leurs

251 1681 150 60 yeux
345 1681 113 60 de
383 1681 300 60 Sud

283 1727 167 100 Cette
395 1727 260 100 conception
599 1727 242 100 elle-même
785 1727 149 100 est,
878 1727 260 100 cependant,
1083 1727 149 100 déjà
1176 1727 223 100 révolue.
1343 1727 149 100 Pour
1436 1727 112 100 la
1473 1727 186 100 plupart,

254 1778 125 98 les
325 1778 178 98 jeunes
450 1778 214 98 artistes
611 1778 143 98 sont
700 1778 125 98 des
771 1778 214 98 peintres
932 1778 250 98 abstraits.
1128 1778 125 98 Les
1199 1778 178 98 quatre
1324 1778 232 98 artistes,
1503 1778 125 98 qui
1556 1778 107 98 sont

250 1821 290 97 représentés
482 1821 155 97 dans
578 1821 174 97 cette
694 1821 232 97 section,
868 1821 193 97 vivent
1003 1821 97 97 à
1042 1821 328 97 Johannesburg,
1312 1821 155 97 cité
1390 1821 270 97 industrielle

252 1872 190 107 neuve,
385 1872 133 107 qui
461 1872 248 107 ressemble
652 1872 95 107 à
690 1872 133 107 une
766 1872 171 107 ville
880 1872 267 107 américaine
1090 1872 228 107 moderne,
1261 1872 114 107 si
1318 1872 152 107 l’on
1413 1872 114 107 ne
1471 1872 171 107 tient
1566 1872 95 107 pas

250 1920 197 82 compte
388 1920 138 82 des
467 1920 236 82 nombreux
644 1920 216 82 visages
782 1920 157 82 noirs.

272 2073 99 47 2
