1758 2207
1511 16 201 53 <b>IRAN</b>

332 448 277 68 Commissaire
553 448 222 68 Général:
720 448 166 68 Akbar
812 448 185 68 Tadjvidi

334 503 201 45 Peintre,
485 503 184 45 attaché
619 503 84 45 à
653 503 335 45 l’Administration
921 503 168 45 Générale

333 545 128 67 des
388 545 238 67 Beaux

170 818 114 60 De
227 818 133 60 nos
303 818 171 60 jours
417 818 133 60 les
493 818 247 60 tendances
683 818 285 60 artistiques
912 818 114 60 en
969 818 152 60 Iran
1064 818 152 60 sont
1159 818 114 60 si
1216 818 228 60 diverses
1387 818 171 60 qu’il
1482 818 95 60 est

134 875 231 53 toujours
307 875 154 53 très
403 875 212 53 délicat
557 875 154 53 pour
653 875 115 53 un
711 875 308 53 commissaire,
961 875 192 53 chargé
1095 875 154 53 d’en
1191 875 173 53 faire
1307 875 115 53 la
1345 875 231 53 sélection,

136 915 117 59 de
194 915 156 59 s’en
291 915 253 59 acquitter
486 915 156 59 sans
584 915 175 59 mille
701 915 273 59 scrupules,
915 915 175 59 étant
1032 915 175 59 donné
1149 915 136 59 que
1227 915 136 59 son
1305 915 175 59 choix
1422 915 156 59 doit
1500 915 78 59 se

139 963 180 60 porter
265 963 126 60 sur
337 963 108 60 un
391 963 216 60 ensemble
553 963 162 60 aussi
661 963 306 60 représentatif
914 963 126 60 que
986 963 234 60 possible.
1166 963 198 60 D’autre
1310 963 162 60 part,
1400 963 180 60 l’espace

138 1007 190 58 limité
271 1007 152 58 dont
366 1007 114 58 la
423 1007 228 58 deuxième
593 1007 228 58 Biennale
764 1007 114 58 de
821 1007 171 58 Paris
935 1007 209 58 dispose
1087 1007 152 58 pour
1182 1007 114 58 la
1238 1007 342 58 représentation
1504 1007 76 58 de

137 1049 171 64 notre
251 1049 152 64 pays
346 1049 152 64 rend
441 1049 171 64 cette
554 1049 171 64 tâche
668 1049 152 64 plus
763 1049 247 64 difficile
953 1049 209 64 encore.
1105 1049 209 64 Désirer
1256 1049 228 64 remédier
1427 1049 95 64 à
1446 1049 133 64 cette

137 1099 198 63 lacune
276 1099 119 63 en
335 1099 119 63 se
394 1099 218 63 bornant
553 1099 99 63 à
592 1099 218 63 envoyer
750 1099 119 63 un
810 1099 198 63 nombre
948 1099 257 63 restreint
1146 1099 237 63 d’œuvres
1324 1099 119 63 de
1363 1099 218 63 plusieurs

137 1144 225 59 artistes
306 1144 150 59 est,
399 1144 169 59 ainsi
512 1144 131 59 que
587 1144 150 59 nous
680 1144 206 59 l’avons
830 1144 206 59 vérifié
980 1144 150 59 lors
1073 1144 112 59 de
1130 1144 112 59 la
1186 1144 225 59 Biennale
1336 1144 243 59 précédente,

137 1183 176 62 chose
255 1183 176 62 vaine
372 1183 117 62 et
430 1183 117 62 ne
489 1183 176 62 donne
606 1183 137 62 aux
684 1183 254 62 visiteurs
879 1183 117 62 et
937 1183 137 62 aux
1015 1183 254 62 critiques
1210 1183 176 62 d’art
1327 1183 176 62 qu’un
1425 1183 156 62 aperçu

142 1246 266 54 insuffisant
355 1246 106 54 de
408 1246 159 54 l’art
514 1246 106 54 de
568 1246 177 54 chaque
674 1246 177 54 artiste.

172 1279 166 76 Nous
276 1279 187 76 avons
400 1279 166 76 donc
504 1279 207 76 décidé
649 1279 124 76 de
711 1279 124 76 ne
773 1279 270 76 présenter
981 1279 187 76 cette
1105 1279 187 76 année
1230 1279 145 76 que
1312 1279 187 76 trois
1416 1279 166 76 jeunes

140 1348 241 55 artistes,
326 1348 148 55 afin
418 1348 111 55 de
474 1348 241 55 permettre
659 1348 130 55 une
733 1348 241 55 sélection
918 1348 148 55 plus
1010 1348 167 55 large
1121 1348 111 55 et
1177 1348 148 55 plus
1269 1348 315 55 significative
1510 1348 74 55 de

139 1382 188 67 leurs
265 1382 209 67 œuvres
411 1382 126 67 et
474 1382 126 67 de
537 1382 209 67 donner
684 1382 147 67 une
767 1382 147 67 vue
851 1382 188 67 assez
977 1382 251 67 concrète
1165 1382 126 67 de
1228 1382 335 67 quelques-uns
1479 1382 105 67 des

143 1426 260 76 multiples
343 1426 220 76 aspects
503 1426 260 76 précités.
703 1426 160 76 Deux
803 1426 220 76 d’entre
964 1426 160 76 eux,
1064 1426 200 76 Zendeh
1204 1426 180 76 Roudi
1324 1426 120 76 et
1364 1426 220 76 Chahvagh,

144 1489 133 52 ont
220 1489 152 52 déjà
315 1489 246 52 participé
504 1489 95 52 à
542 1489 114 52 la
599 1489 227 52 première
769 1489 227 52 Biennale
940 1489 114 52 et
997 1489 114 52 le
1053 1489 265 52 troisième,
1262 1489 246 52 Nazarian,
1451 1489 133 52 est
1508 1489 76 52 un

140 1520 178 75 jeune
259 1520 218 75 artiste
417 1520 158 75 dont
517 1520 218 75 l’œuvre
675 1520 218 75 devrait
833 1520 158 75 être
932 1520 277 75 considérée
1150 1520 178 75 comme
1269 1520 119 75 le
1329 1520 257 75 prototype
1507 1520 79 75 de

144 1573 169 63 l’art
257 1573 112 63 de
313 1573 131 63 bon
388 1573 187 63 nombre
519 1573 112 63 de
575 1573 187 63 jeunes
706 1573 206 63 talents
856 1573 225 63 iraniens
1025 1573 112 63 en
1081 1573 169 63 quête
1194 1573 131 63 des
1268 1573 169 63 voies
1362 1573 225 63 nouvelles.

146 1618 111 62 Il
201 1618 129 62 est
275 1618 296 62 parfaitement
515 1618 222 62 imprégné
681 1618 111 62 de
737 1618 111 62 la
792 1618 203 62 culture
940 1618 277 62 occidentale
1162 1618 166 62 qu’il
1273 1618 92 62 a
1310 1618 148 62 bien
1402 1618 111 62 su
1439 1618 148 62 mettre

144 1659 119 77 au
203 1659 217 77 service
362 1659 119 77 de
421 1659 316 77 l’expression
678 1659 119 77 de
737 1659 138 77 son
816 1659 198 77 talent
954 1659 316 77 profondément
1211 1659 257 77 oriental.
1389 1659 198 77 Nazarian

147 1715 128 64 est
220 1715 109 64 en
274 1715 255 64 possession
475 1715 164 64 d’une
585 1715 164 64 riche
694 1715 237 64 technique
877 1715 237 64 picturale
1059 1715 128 64 qui
1132 1715 128 64 lui
1205 1715 182 64 permet
1333 1715 109 64 de
1369 1715 219 64 s’exprimer

145 1754 238 70 aisément;
328 1754 256 70 toutefois,
529 1754 330 70 l’indépendance
804 1754 110 70 de
859 1754 110 70 sa
914 1754 293 70 personnalité
1152 1754 238 70 d’artiste
1335 1754 110 70 ne
1390 1754 128 70 lui
1445 1754 146 70 permet

146 1807 138 68 pas
225 1807 119 68 de
285 1807 198 68 rester
423 1807 158 68 dans
522 1807 119 68 le
581 1807 178 68 cadre
700 1807 119 68 de
759 1807 138 68 son
838 1807 257 68 éducation
1036 1807 297 68 académique.
1274 1807 198 68 Ainsi,
1412 1807 178 68 outre
1511 1807 79 68 la

147 1851 262 75 plasticité
353 1851 262 75 indéniable
559 1851 112 75 de
616 1851 131 75 son
691 1851 187 75 style,
822 1851 112 75 on
878 1851 225 75 constate
1047 1851 150 75 dans
1140 1851 131 75 ses
1215 1851 187 75 œuvres
1346 1851 131 75 une
1403 1851 187 75 agréable

149 1907 192 58 poésie
283 1907 211 58 lyrique
437 1907 115 58 le
495 1907 269 58 rattachant
706 1907 96 58 à
744 1907 115 58 la
802 1907 192 58 lignée
937 1907 115 58 de
994 1907 173 58 Hafez
1110 1907 115 58 et
1167 1907 115 58 de
1225 1907 211 58 Nezami,
1379 1907 192 58 dotant
1494 1907 96 58 ses

147 1960 181 47 toiles
274 1960 145 47 d’un
364 1960 290 47 sous-univers
600 1960 254 47 artistique
800 1960 145 47 rare
890 1960 109 47 de
945 1960 127 47 nos
999 1960 145 47 jours.

1415 2094 100 67 57
