3129.1338582677167 4952.755905511811
796.8503937007874 878.7401574803149 1143.3070866141732 182.6771653543307 STATUTS

1198.4251968503936 1355.9055118110236 448.81889763779526 159.0551181102362 ARTICLE
1485.0393700787401 1355.9055118110236 245.66929133858267 159.0551181102362 Ier.

625.1968503937007 1483.4645669291338 242.51968503937007 144.88188976377953 Le
746.4566929133858 1483.4645669291338 283.46456692913387 144.88188976377953 but
908.6614173228346 1483.4645669291338 242.51968503937007 144.88188976377953 de
1031.4960629921259 1483.4645669291338 242.51968503937007 144.88188976377953 la
1152.755905511811 1483.4645669291338 445.6692913385827 144.88188976377953 Société
1477.1653543307086 1483.4645669291338 283.46456692913387 144.88188976377953 est
1639.3700787401574 1483.4645669291338 648.8188976377953 144.88188976377953 d’encourager
2166.9291338582675 1483.4645669291338 242.51968503937007 144.88188976377953 et
2247.244094488189 1483.4645669291338 162.20472440944883 144.88188976377953 de

537.007874015748 1615.748031496063 456.6929133858268 141.73228346456693 répandre
880.3149606299213 1615.748031496063 228.3464566929134 141.73228346456693 le
993.7007874015748 1615.748031496063 305.51181102362204 141.73228346456693 goût
1184.251968503937 1615.748031496063 266.1417322834646 141.73228346456693 des
1337.007874015748 1615.748031496063 305.51181102362204 141.73228346456693 arts
1527.5590551181103 1615.748031496063 228.3464566929134 141.73228346456693 du
1640.9448818897638 1615.748031496063 381.1023622047244 141.73228346456693 dessin
1908.6614173228347 1615.748031496063 228.3464566929134 141.73228346456693 en
1984.251968503937 1615.748031496063 418.8976377952756 141.73228346456693 Lorraine.

1278.740157480315 1782.6771653543308 366.92913385826773 162.20472440944883 ART.
1461.4173228346456 1782.6771653543308 184.251968503937 162.20472440944883 2.

628.3464566929134 1940.1574803149606 316.53543307086613 124.40944881889764 Pour
826.7716535433071 1940.1574803149606 316.53543307086613 124.40944881889764 être
1023.6220472440945 1940.1574803149606 396.8503937007874 124.40944881889764 Membre
1302.3622047244094 1940.1574803149606 237.79527559055117 124.40944881889764 de
1420.4724409448818 1940.1574803149606 237.79527559055117 124.40944881889764 la
1540.1574803149606 1940.1574803149606 475.59055118110234 124.40944881889764 Société,
1896.0629921259842 1940.1574803149606 237.79527559055117 124.40944881889764 il
2014.1732283464567 1940.1574803149606 396.8503937007874 124.40944881889764 suffit
2251.968503937008 1940.1574803149606 159.0551181102362 124.40944881889764 de

533.8582677165355 2072.4409448818897 366.92913385826773 111.81102362204724 s’être
790.5511811023622 2072.4409448818897 294.48818897637796 111.81102362204724 fait
974.8031496062993 2072.4409448818897 440.9448818897638 111.81102362204724 inscrire
1303.9370078740158 2072.4409448818897 294.48818897637796 111.81102362204724 pour
1488.1889763779527 2072.4409448818897 256.6929133858268 111.81102362204724 une
1634.6456692913387 2072.4409448818897 220.4724409448819 111.81102362204724 ou
1744.8818897637796 2072.4409448818897 477.1653543307087 111.81102362204724 plusieurs
2075.5905511811025 2072.4409448818897 330.70866141732284 111.81102362204724 actions

532.2834645669292 2154.3307086614172 267.7165354330709 166.9291338582677 sur
685.0393700787401 2154.3307086614172 228.3464566929134 166.9291338582677 la
798.4251968503937 2154.3307086614172 343.3070866141732 166.9291338582677 liste
1028.3464566929133 2154.3307086614172 458.26771653543307 166.9291338582677 générale
1371.6535433070867 2154.3307086614172 420.4724409448819 166.9291338582677 déposée
1677.1653543307086 2154.3307086614172 305.51181102362204 166.9291338582677 chez
1867.716535433071 2154.3307086614172 228.3464566929134 166.9291338582677 le
1943.3070866141732 2154.3307086614172 458.26771653543307 166.9291338582677 Trésorier.

1285.0393700787401 2321.259842519685 370.0787401574803 152.75590551181102 ART.
1469.291338582677 2321.259842519685 185.82677165354332 152.75590551181102 3.

628.3464566929134 2462.9921259842517 226.77165354330708 138.58267716535434 Le
741.7322834645669 2462.9921259842517 414.1732283464567 138.58267716535434 montant
1042.5196850393702 2462.9921259842517 226.77165354330708 138.58267716535434 de
1155.9055118110236 2462.9921259842517 376.37795275590554 138.58267716535434 chaque
1420.4724409448818 2462.9921259842517 376.37795275590554 138.58267716535434 action
1683.4645669291338 2462.9921259842517 489.76377952755905 138.58267716535434 s’élevant
2061.417322834646 2462.9921259842517 188.9763779527559 138.58267716535434 à
2135.433070866142 2462.9921259842517 226.77165354330708 138.58267716535434 20
2211.0236220472443 2462.9921259842517 188.9763779527559 138.58267716535434 fr.

525.9842519685039 2577.952755905512 292.9133858267717 116.53543307086615 est
692.9133858267717 2577.952755905512 459.84251968503935 116.53543307086615 payable
1026.7716535433071 2577.952755905512 250.39370078740157 116.53543307086615 en
1151.1811023622047 2577.952755905512 333.8582677165354 116.53543307086615 deux
1360.6299212598426 2577.952755905512 459.84251968503935 116.53543307086615 termes:
1694.4881889763778 2577.952755905512 250.39370078740157 116.53543307086615 le
1818.8976377952756 2577.952755905512 500.78740157480314 116.53543307086615 premier,
2152.755905511811 2577.952755905512 250.39370078740157 116.53543307086615 dans

525.9842519685039 2692.9133858267714 234.64566929133858 148.03149606299212 le
644.0944881889764 2692.9133858267714 428.34645669291336 148.03149606299212 courant
955.9055118110236 2692.9133858267714 234.64566929133858 148.03149606299212 de
1072.4409448818897 2692.9133858267714 428.34645669291336 148.03149606299212 l’année
1384.251968503937 2692.9133858267714 272.4409448818898 148.03149606299212 qui
1540.1574803149606 2692.9133858267714 428.34645669291336 148.03149606299212 précède
1814.1732283464567 2692.9133858267714 584.2519685039371 148.03149606299212 l’exposition:

524.4094488188977 2818.8976377952754 239.37007874015748 119.68503937007874 le
644.0944881889764 2818.8976377952754 440.9448818897638 119.68503937007874 second,
963.7795275590552 2818.8976377952754 440.9448818897638 119.68503937007874 l’année
1283.4645669291338 2818.8976377952754 519.6850393700787 119.68503937007874 suivante,
1685.0393700787401 2818.8976377952754 360.62992125984255 119.68503937007874 avant
1885.0393700787401 2818.8976377952754 519.6850393700787 119.68503937007874 l’ouverture

522.8346456692914 2925.984251968504 233.0708661417323 125.98425196850394 de
601.5748031496063 2925.984251968504 581.1023622047244 125.98425196850394 l’Exposition.

618.8976377952756 3028.3464566929133 385.8267716535433 124.40944881889764 Chaque
889.7637795275591 3028.3464566929133 502.3622047244094 124.40944881889764 versement
1277.1653543307086 3028.3464566929133 308.66141732283467 124.40944881889764 sera
1469.291338582677 3028.3464566929133 462.99212598425197 124.40944881889764 justifié
1817.3228346456692 3028.3464566929133 270.86614173228344 124.40944881889764 par
1971.6535433070867 3028.3464566929133 231.49606299212599 124.40944881889764 un
2088.1889763779527 3028.3464566929133 308.66141732283467 124.40944881889764 reçu
2242.51968503937 3028.3464566929133 154.33070866141733 124.40944881889764 du

522.8346456692914 3160.6299212598424 560.6299212598425 127.55905511811024 Trésorier,
962.2047244094488 3160.6299212598424 280.31496062992125 127.55905511811024 qui
1122.8346456692914 3160.6299212598424 440.9448818897638 127.55905511811024 portera
1442.5196850393702 3160.6299212598424 239.37007874015748 127.55905511811024 le
1562.2047244094488 3160.6299212598424 280.31496062992125 127.55905511811024 nom
1722.8346456692914 3160.6299212598424 239.37007874015748 127.55905511811024 du
1842.5196850393702 3160.6299212598424 560.6299212598425 127.55905511811024 Sociétaire
2242.51968503937 3160.6299212598424 160.62992125984252 127.55905511811024 et

519.6850393700787 3266.1417322834645 247.24409448818898 107.08661417322834 le
642.5196850393701 3266.1417322834645 411.0236220472441 107.08661417322834 numéro
930.7086614173228 3266.1417322834645 247.24409448818898 107.08661417322834 de
1053.5433070866143 3266.1417322834645 288.18897637795277 107.08661417322834 son
1176.3779527559054 3266.1417322834645 370.0787401574803 107.08661417322834 action.

617.3228346456693 3385.8267716535433 316.53543307086613 100.78740157480316 Tout
815.7480314960629 3385.8267716535433 634.6456692913385 100.78740157480316 souscripteur
1330.708661417323 3385.8267716535433 277.1653543307087 100.78740157480316 qui
1488.1889763779527 3385.8267716535433 396.8503937007874 100.78740157480316 n’aura
1765.3543307086613 3385.8267716535433 316.53543307086613 100.78740157480316 payé
1963.7795275590552 3385.8267716535433 396.8503937007874 100.78740157480316 qu’une
2201.5748031496064 3385.8267716535433 198.4251968503937 100.78740157480316 des

529.1338582677165 3492.9133858267714 319.68503937007875 119.68503937007874 deux
727.5590551181102 3492.9133858267714 478.74015748031496 119.68503937007874 annuités
1086.6141732283465 3492.9133858267714 239.37007874015748 119.68503937007874 de
1206.2992125984251 3492.9133858267714 278.74015748031496 119.68503937007874 son
1366.9291338582677 3492.9133858267714 398.4251968503937 119.68503937007874 action
1645.6692913385828 3492.9133858267714 398.4251968503937 119.68503937007874 n’aura
1924.4094488188975 3492.9133858267714 278.74015748031496 119.68503937007874 pas
2083.464566929134 3492.9133858267714 359.0551181102362 119.68503937007874 droit
2283.464566929134 3492.9133858267714 119.68503937007874 119.68503937007874 à

524.4094488188977 3593.700787401575 234.64566929133858 132.28346456692913 la
642.5196850393701 3593.700787401575 662.992125984252 132.28346456692913 participation
1187.4015748031495 3593.700787401575 234.64566929133858 132.28346456692913 au
1305.5118110236222 3593.700787401575 390.5511811023622 132.28346456692913 tirage
1577.9527559055118 3593.700787401575 311.81102362204723 132.28346456692913 dont
1773.2283464566929 3593.700787401575 234.64566929133858 132.28346456692913 il
1889.763779527559 3593.700787401575 272.4409448818898 132.28346456692913 est
2006.2992125984251 3593.700787401575 390.5511811023622 132.28346456692913 question

522.8346456692914 3718.1102362204724 278.74015748031496 122.83464566929133 dans
696.0629921259842 3718.1102362204724 453.54330708661416 122.83464566929133 l’article
1011.0236220472441 3718.1102362204724 138.58267716535434 122.83464566929133 6.
