1987 3145
506 558 726 116 STATUTS

761 861 285 101 ARTICLE
943 861 156 101 Ier.

397 942 154 92 Le
474 942 180 92 but
577 942 154 92 de
655 942 154 92 la
732 942 283 92 Société
938 942 180 92 est
1041 942 412 92 d’encourager
1376 942 154 92 et
1427 942 103 92 de

341 1026 290 90 répandre
559 1026 145 90 le
631 1026 194 90 goût
752 1026 169 90 des
849 1026 194 90 arts
970 1026 145 90 du
1042 1026 242 90 dessin
1212 1026 145 90 en
1260 1026 266 90 Lorraine.

812 1132 233 103 ART.
928 1132 117 103 2.

399 1232 201 79 Pour
525 1232 201 79 être
650 1232 252 79 Membre
827 1232 151 79 de
902 1232 151 79 la
978 1232 302 79 Société,
1204 1232 151 79 il
1279 1232 252 79 suffit
1430 1232 101 79 de

339 1316 233 71 s’être
502 1316 187 71 fait
619 1316 280 71 inscrire
828 1316 187 71 pour
945 1316 163 71 une
1038 1316 140 71 ou
1108 1316 303 71 plusieurs
1318 1316 210 71 actions

338 1368 170 106 sur
435 1368 145 106 la
507 1368 218 106 liste
653 1368 291 106 générale
871 1368 267 106 déposée
1065 1368 194 106 chez
1186 1368 145 106 le
1234 1368 291 106 Trésorier.

816 1474 235 97 ART.
933 1474 118 97 3.

399 1564 144 88 Le
471 1564 263 88 montant
662 1564 144 88 de
734 1564 239 88 chaque
902 1564 239 88 action
1069 1564 311 88 s’élevant
1309 1564 120 88 à
1356 1564 144 88 20
1404 1564 120 88 fr.

334 1637 186 74 est
440 1637 292 74 payable
652 1637 159 74 en
731 1637 212 74 deux
864 1637 292 74 termes:
1076 1637 159 74 le
1155 1637 318 74 premier,
1367 1637 159 74 dans

334 1710 149 94 le
409 1710 272 94 courant
607 1710 149 94 de
681 1710 272 94 l’année
879 1710 173 94 qui
978 1710 272 94 précède
1152 1710 371 94 l’exposition:

333 1790 152 76 le
409 1790 280 76 second,
612 1790 280 76 l’année
815 1790 330 76 suivante,
1070 1790 229 76 avant
1197 1790 330 76 l’ouverture

332 1858 148 80 de
382 1858 369 80 l’Exposition.

393 1923 245 79 Chaque
565 1923 319 79 versement
811 1923 196 79 sera
933 1923 294 79 justifié
1154 1923 172 79 par
1252 1923 147 79 un
1326 1923 196 79 reçu
1424 1923 98 79 du

332 2007 356 81 Trésorier,
611 2007 178 81 qui
713 2007 280 81 portera
916 2007 152 81 le
992 2007 178 81 nom
1094 2007 152 81 du
1170 2007 356 81 Sociétaire
1424 2007 102 81 et

330 2074 157 68 le
408 2074 261 68 numéro
591 2074 157 68 de
669 2074 183 68 son
747 2074 235 68 action.

392 2150 201 64 Tout
518 2150 403 64 souscripteur
845 2150 176 64 qui
945 2150 252 64 n’aura
1121 2150 201 64 payé
1247 2150 252 64 qu’une
1398 2150 126 64 des

336 2218 203 76 deux
462 2218 304 76 annuités
690 2218 152 76 de
766 2218 177 76 son
868 2218 253 76 action
1045 2218 253 76 n’aura
1222 2218 177 76 pas
1323 2218 228 76 droit
1450 2218 76 76 à

333 2282 149 84 la
408 2282 421 84 participation
754 2282 149 84 au
829 2282 248 84 tirage
1002 2282 198 84 dont
1126 2282 149 84 il
1200 2282 173 84 est
1274 2282 248 84 question

332 2361 177 78 dans
442 2361 288 78 l’article
642 2361 88 78 6.
