3280.314960629921 4962.204724409449
1462.992125984252 688.1889763779527 324.40944881889766 168.50393700787401 —
1592.1259842519685 688.1889763779527 324.40944881889766 168.50393700787401 6
1656.6929133858268 688.1889763779527 195.2755905511811 168.50393700787401 —

1481.8897637795276 900.7874015748032 370.0787401574803 122.83464566929133 ART.
1666.1417322834645 900.7874015748032 185.82677165354332 122.83464566929133 4.

831.496062992126 1053.5433070866143 237.79527559055117 96.06299212598425 La
949.6062992125984 1053.5433070866143 437.79527559055117 96.06299212598425 qualité
1267.716535433071 1053.5433070866143 237.79527559055117 96.06299212598425 de
1387.4015748031495 1053.5433070866143 555.9055118110236 96.06299212598425 Sociétaire
1823.6220472440946 1053.5433070866143 357.4803149606299 96.06299212598425 donne
2062.9921259842517 1053.5433070866143 357.4803149606299 96.06299212598425 droit
2300.787401574803 1053.5433070866143 198.4251968503937 96.06299212598425 à
2340.1574803149606 1053.5433070866143 278.74015748031496 96.06299212598425 l’en-

724.4094488188977 1176.3779527559054 302.3622047244094 125.98425196850394 trée
913.3858267716536 1176.3779527559054 453.54330708661416 125.98425196850394 gratuite
1253.5433070866143 1176.3779527559054 226.77165354330708 125.98425196850394 de
1329.1338582677165 1176.3779527559054 566.9291338582677 125.98425196850394 l’Exposition.

1480.3149606299212 1366.9291338582677 373.2283464566929 146.45669291338584 ART.
1667.716535433071 1366.9291338582677 185.82677165354332 146.45669291338584 5.

822.0472440944882 1481.8897637795276 250.39370078740157 174.8031496062992 La
946.4566929133858 1481.8897637795276 458.26771653543307 174.8031496062992 Société
1280.3149606299212 1481.8897637795276 291.33858267716533 174.8031496062992 est
1445.6692913385828 1481.8897637795276 625.1968503937007 174.8031496062992 administrée
1946.4566929133857 1481.8897637795276 291.33858267716533 174.8031496062992 par
2113.3858267716537 1481.8897637795276 291.33858267716533 174.8031496062992 une
2237.7952755905512 1481.8897637795276 374.8031496062992 174.8031496062992 Commis-

714.9606299212599 1604.724409448819 352.755905511811 124.40944881889764 sion
935.4330708661417 1604.724409448819 264.56692913385825 124.40944881889764 de
1067.716535433071 1604.724409448819 396.8503937007874 124.40944881889764 douze
1333.8582677165355 1604.724409448819 486.61417322834643 124.40944881889764 Membres
1686.6141732283465 1604.724409448819 352.755905511811 124.40944881889764 élus
1907.0866141732283 1604.724409448819 308.66141732283467 124.40944881889764 par
2039.3700787401574 1604.724409448819 574.8031496062993 124.40944881889764 l’Assemblée

718.1102362204724 1732.283464566929 459.84251968503935 127.55905511811024 générale
1061.4173228346456 1732.283464566929 267.7165354330709 127.55905511811024 des
1176.3779527559054 1732.283464566929 574.8031496062993 127.55905511811024 actionnaires.

820.4724409448819 1833.0708661417323 244.09448818897638 137.00787401574803 Le
943.3070866141733 1833.0708661417323 447.244094488189 137.00787401574803 Bureau,
1269.291338582677 1833.0708661417323 447.244094488189 137.00787401574803 composé
1593.7007874015749 1833.0708661417323 325.98425196850394 137.00787401574803 d’un
1798.4251968503936 1833.0708661417323 570.0787401574803 137.00787401574803 Président,
2245.6692913385828 1833.0708661417323 244.09448818897638 137.00787401574803 un
2327.5590551181103 1833.0708661417323 285.03937007874015 137.00787401574803 Vice-

727.5590551181102 1943.3070866141732 527.5590551181102 127.55905511811024 Président,
1141.732283464567 1943.3070866141732 226.77165354330708 127.55905511811024 un
1255.1181102362204 1943.3070866141732 527.5590551181102 127.55905511811024 Secrétaire
1669.291338582677 1943.3070866141732 226.77165354330708 127.55905511811024 et
1782.6771653543308 1943.3070866141732 226.77165354330708 127.55905511811024 un
1896.0629921259842 1943.3070866141732 527.5590551181102 127.55905511811024 Trésorier,
2310.236220472441 1943.3070866141732 262.99212598425197 127.55905511811024 est
2422.047244094488 1943.3070866141732 188.9763779527559 127.55905511811024 élu

718.1102362204724 2080.314960629921 236.2204724409449 105.51181102362204 au
836.2204724409448 2080.314960629921 434.6456692913386 105.51181102362204 scrutin
1152.755905511811 2080.314960629921 275.59055118110234 105.51181102362204 par
1310.236220472441 2080.314960629921 275.59055118110234 105.51181102362204 les
1467.716535433071 2080.314960629921 631.496062992126 105.51181102362204 Commissaires
1981.1023622047244 2080.314960629921 236.2204724409449 105.51181102362204 et
2099.212598425197 2080.314960629921 395.2755905511811 105.51181102362204 choisi
2337.0078740157483 2080.314960629921 275.59055118110234 105.51181102362204 parmi

718.1102362204724 2176.3779527559054 299.21259842519686 149.60629921259843 les
888.1889763779527 2176.3779527559054 470.86614173228344 149.60629921259843 Membres
1231.4960629921259 2176.3779527559054 256.6929133858268 149.60629921259843 de
1359.0551181102362 2176.3779527559054 256.6929133858268 149.60629921259843 la
1488.1889763779527 2176.3779527559054 598.4251968503937 149.60629921259843 Commission
1914.9606299212599 2176.3779527559054 685.0393700787401 149.60629921259843 exclusivement.

1478.740157480315 2368.503937007874 370.0787401574803 154.33070866141733 ART.
1662.992125984252 2368.503937007874 185.82677165354332 154.33070866141733 6.

822.0472440944882 2489.763779527559 277.1653543307087 166.9291338582677 Les
979.5275590551181 2489.763779527559 593.7007874015748 166.9291338582677 cotisations
1455.1181102362204 2489.763779527559 277.1653543307087 166.9291338582677 des
1614.1732283464567 2489.763779527559 593.7007874015748 166.9291338582677 sociétaires
2089.763779527559 2489.763779527559 237.79527559055117 166.9291338582677 et
2207.8740157480315 2489.763779527559 277.1653543307087 166.9291338582677 les
2327.5590551181103 2489.763779527559 277.1653543307087 166.9291338582677 fonds

718.1102362204724 2629.9212598425197 532.2834645669292 135.43307086614172 provenant
1127.5590551181103 2629.9212598425197 327.5590551181102 135.43307086614172 tant
1332.283464566929 2629.9212598425197 245.66929133858267 135.43307086614172 de
1455.1181102362204 2629.9212598425197 655.1181102362204 135.43307086614172 l’allocation
1988.976377952756 2629.9212598425197 573.2283464566929 135.43307086614172 municipale
2398.4251968503936 2629.9212598425197 204.7244094488189 135.43307086614172 que

718.1102362204724 2765.3543307086616 234.64566929133858 102.36220472440945 du
836.2204724409448 2765.3543307086616 352.755905511811 102.36220472440945 droit
1070.8661417322835 2765.3543307086616 470.86614173228344 102.36220472440945 d’entrée
1425.1968503937007 2765.3543307086616 196.8503937007874 102.36220472440945 à
1502.3622047244094 2765.3543307086616 628.3464566929134 102.36220472440945 l’exposition
2012.5984251968505 2765.3543307086616 234.64566929133858 102.36220472440945 et
2130.7086614173227 2765.3543307086616 234.64566929133858 102.36220472440945 de
2248.818897637795 2765.3543307086616 234.64566929133858 102.36220472440945 la
2327.5590551181103 2765.3543307086616 274.01574803149606 102.36220472440945 vente

714.9606299212599 2850.3937007874015 296.06299212598424 130.70866141732284 des
885.0393700787401 2850.3937007874015 634.6456692913385 130.70866141732284 catalogues,
1392.1259842519685 2850.3937007874015 338.5826771653543 130.70866141732284 sont
1560.6299212598426 2850.3937007874015 466.1417322834646 130.70866141732284 employés:

831.496062992126 2962.2047244094488 222.04724409448818 129.13385826771653 1°
941.7322834645669 2962.2047244094488 184.251968503937 129.13385826771653 A
1015.7480314960629 2962.2047244094488 406.2992125984252 129.13385826771653 l’achat
1310.236220472441 2962.2047244094488 258.26771653543307 129.13385826771653 des
1458.267716535433 2962.2047244094488 442.5196850393701 129.13385826771653 tableaux
1790.5511811023623 2962.2047244094488 222.04724409448818 129.13385826771653 et
1900.7874015748032 2962.2047244094488 368.503937007874 129.13385826771653 objets
2159.0551181102364 2962.2047244094488 332.2834645669291 129.13385826771653 d’art
2343.3070866141734 2962.2047244094488 258.26771653543307 129.13385826771653 choi-

719.6850393700787 3088.1889763779527 280.31496062992125 138.58267716535434 sis
878.7401574803149 3088.1889763779527 360.62992125984255 138.58267716535434 parmi
1119.6850393700788 3088.1889763779527 319.68503937007875 138.58267716535434 ceux
1319.6850393700788 3088.1889763779527 280.31496062992125 138.58267716535434 qui
1480.3149606299212 3088.1889763779527 319.68503937007875 138.58267716535434 font
1680.3149606299212 3088.1889763779527 400.0 138.58267716535434 partie
1960.6299212598426 3088.1889763779527 240.9448818897638 138.58267716535434 de
2040.9448818897638 3088.1889763779527 560.6299212598425 138.58267716535434 l’Exposition

719.6850393700787 3188.9763779527557 228.3464566929134 148.03149606299212 et
833.0708661417323 3188.9763779527557 266.1417322834646 148.03149606299212 qui
985.8267716535433 3188.9763779527557 379.5275590551181 148.03149606299212 seront
1251.9685039370079 3188.9763779527557 341.73228346456693 148.03149606299212 tirés
1480.3149606299212 3188.9763779527557 228.3464566929134 148.03149606299212 au
1555.9055118110236 3188.9763779527557 266.1417322834646 148.03149606299212 sort;

820.4724409448819 3286.6141732283463 226.77165354330708 138.58267716535434 2°
933.8582677165355 3286.6141732283463 264.56692913385825 138.58267716535434 Aux
1085.0393700787401 3286.6141732283463 341.73228346456693 138.58267716535434 frais
1313.3858267716535 3286.6141732283463 226.77165354330708 138.58267716535434 de
1426.7716535433071 3286.6141732283463 757.4803149606299 138.58267716535434 l’administration
2070.8661417322833 3286.6141732283463 226.77165354330708 138.58267716535434 de
2184.251968503937 3286.6141732283463 226.77165354330708 138.58267716535434 la
2259.8425196850394 3286.6141732283463 341.73228346456693 138.58267716535434 Société

710.2362204724409 3428.3464566929133 234.64566929133858 114.96062992125984 et
828.3464566929134 3428.3464566929133 195.2755905511811 114.96062992125984 à
905.511811023622 3428.3464566929133 311.81102362204723 114.96062992125984 ceux
1100.7874015748032 3428.3464566929133 234.64566929133858 114.96062992125984 de
1177.9527559055118 3428.3464566929133 585.8267716535433 114.96062992125984 l’Exposition.

1469.291338582677 3609.448818897638 366.92913385826773 124.40944881889764 ART.
1651.9685039370079 3609.448818897638 184.251968503937 124.40944881889764 7.

814.1732283464567 3746.4566929133857 272.4409448818898 163.7795275590551 Les
970.0787401574803 3746.4566929133857 584.2519685039371 163.7795275590551 Expositions
1437.7952755905512 3746.4566929133857 311.81102362204723 163.7795275590551 sont
1595.275590551181 3746.4566929133857 584.2519685039371 163.7795275590551 bisannuelles.
