2083 3151
929 437 206 107 —
1011 437 206 107 6
1052 437 124 107 —

941 572 235 78 ART.
1058 572 118 78 4.

528 669 151 61 La
603 669 278 61 qualité
805 669 151 61 de
881 669 353 61 Sociétaire
1158 669 227 61 donne
1310 669 227 61 droit
1461 669 126 61 à
1486 669 177 61 l’en-

460 747 192 80 trée
580 747 288 80 gratuite
796 747 144 80 de
844 747 360 80 l’Exposition.

940 868 237 93 ART.
1059 868 118 93 5.

522 941 159 111 La
601 941 291 111 Société
813 941 185 111 est
918 941 397 111 administrée
1236 941 185 111 par
1342 941 185 111 une
1421 941 238 111 Commis-

454 1019 224 79 sion
594 1019 168 79 de
678 1019 252 79 douze
847 1019 309 79 Membres
1071 1019 224 79 élus
1211 1019 196 79 par
1295 1019 365 79 l’Assemblée

456 1100 292 81 générale
674 1100 170 81 des
747 1100 365 81 actionnaires.

521 1164 155 87 Le
599 1164 284 87 Bureau,
806 1164 284 87 composé
1012 1164 207 87 d’un
1142 1164 362 87 Président,
1426 1164 155 87 un
1478 1164 181 87 Vice-

462 1234 335 81 Président,
725 1234 144 81 un
797 1234 335 81 Secrétaire
1060 1234 144 81 et
1132 1234 144 81 un
1204 1234 335 81 Trésorier,
1467 1234 167 81 est
1538 1234 120 81 élu

456 1321 150 67 au
531 1321 276 67 scrutin
732 1321 175 67 par
832 1321 175 67 les
932 1321 401 67 Commissaires
1258 1321 150 67 et
1333 1321 251 67 choisi
1484 1321 175 67 parmi

456 1382 190 95 les
564 1382 299 95 Membres
782 1382 163 95 de
863 1382 163 95 la
945 1382 380 95 Commission
1216 1382 435 95 exclusivement.

939 1504 235 98 ART.
1056 1504 118 98 6.

522 1581 176 106 Les
622 1581 377 106 cotisations
924 1581 176 106 des
1025 1581 377 106 sociétaires
1327 1581 151 106 et
1402 1581 176 106 les
1478 1581 176 106 fonds

456 1670 338 86 provenant
716 1670 208 86 tant
846 1670 156 86 de
924 1670 416 86 l’allocation
1263 1670 364 86 municipale
1523 1670 130 86 que

456 1756 149 65 du
531 1756 224 65 droit
680 1756 299 65 d’entrée
905 1756 125 65 à
954 1756 399 65 l’exposition
1278 1756 149 65 et
1353 1756 149 65 de
1428 1756 149 65 la
1478 1756 174 65 vente

454 1810 188 83 des
562 1810 403 83 catalogues,
884 1810 215 83 sont
991 1810 296 83 employés:

528 1881 141 82 1°
598 1881 117 82 A
645 1881 258 82 l’achat
832 1881 164 82 des
926 1881 281 82 tableaux
1137 1881 141 82 et
1207 1881 234 82 objets
1371 1881 211 82 d’art
1488 1881 164 82 choi-

457 1961 178 88 sis
558 1961 229 88 parmi
711 1961 203 88 ceux
838 1961 178 88 qui
940 1961 203 88 font
1067 1961 254 88 partie
1245 1961 153 88 de
1296 1961 356 88 l’Exposition

457 2025 145 94 et
529 2025 169 94 qui
626 2025 241 94 seront
795 2025 217 94 tirés
940 2025 145 94 au
988 2025 169 94 sort;

521 2087 144 88 2°
593 2087 168 88 Aux
689 2087 217 88 frais
834 2087 144 88 de
906 2087 481 88 l’administration
1315 2087 144 88 de
1387 2087 144 88 la
1435 2087 217 88 Société

451 2177 149 73 et
526 2177 124 73 à
575 2177 198 73 ceux
699 2177 149 73 de
748 2177 372 73 l’Exposition.

933 2292 233 79 ART.
1049 2292 117 79 7.

517 2379 173 104 Les
616 2379 371 104 Expositions
913 2379 198 104 sont
1013 2379 371 104 bisannuelles.
