3129.1338582677167 4952.755905511811
1155.9055118110236 688.1889763779527 351.18110236220474 132.28346456692913 —
1226.7716535433071 688.1889763779527 211.0236220472441 132.28346456692913 7

1181.1023622047244 889.7637795275591 366.92913385826773 127.55905511811024 ART.
1363.7795275590552 889.7637795275591 184.251968503937 127.55905511811024 8.

521.2598425196851 1003.1496062992126 351.18110236220474 157.48031496062993 Pour
740.1574803149606 1003.1496062992126 437.79527559055117 157.48031496062993 former
1047.244094488189 1003.1496062992126 262.99212598425197 157.48031496062993 le
1179.5275590551182 1003.1496062992126 351.18110236220474 157.48031496062993 Jury
1398.4251968503936 1003.1496062992126 437.79527559055117 157.48031496062993 chargé
1703.9370078740158 1003.1496062992126 570.0787401574803 157.48031496062993 d’acheter
2099.212598425197 1003.1496062992126 218.89763779527559 157.48031496062993 les

434.6456692913386 1165.3543307086613 374.8031496062992 118.11023622047244 objets
697.6377952755905 1165.3543307086613 338.5826771653543 118.11023622047244 d’art
922.8346456692914 1165.3543307086613 450.3937007874016 118.11023622047244 destinés
1261.4173228346456 1165.3543307086613 187.4015748031496 118.11023622047244 à
1335.4330708661416 1165.3543307086613 225.1968503937008 118.11023622047244 la
1448.8188976377953 1165.3543307086613 450.3937007874016 118.11023622047244 loterie,
1785.8267716535433 1165.3543307086613 225.1968503937008 118.11023622047244 la
1861.4173228346456 1165.3543307086613 450.3937007874016 118.11023622047244 Commission

433.07086614173227 1270.8661417322835 400.0 135.43307086614172 pourra
713.3858267716536 1270.8661417322835 640.9448818897638 135.43307086614172 s’adjoindre,
1233.0708661417323 1270.8661417322835 280.31496062992125 135.43307086614172 par
1393.7007874015749 1270.8661417322835 240.9448818897638 135.43307086614172 la
1513.3858267716535 1270.8661417322835 319.68503937007875 135.43307086614172 voie
1713.3858267716535 1270.8661417322835 240.9448818897638 135.43307086614172 du
1834.6456692913387 1270.8661417322835 480.31496062992125 135.43307086614172 scrutin,
2154.3307086614172 1270.8661417322835 160.62992125984252 135.43307086614172 un

433.07086614173227 1393.7007874015749 225.1968503937008 135.43307086614172 ou
546.4566929133858 1393.7007874015749 488.18897637795277 135.43307086614172 plusieurs
885.0393700787401 1393.7007874015749 525.9842519685039 135.43307086614172 sociétaires.

1177.9527559055118 1544.8818897637796 374.8031496062992 182.6771653543307 ART.
1365.3543307086613 1544.8818897637796 187.4015748031496 182.6771653543307 9.

532.2834645669292 1708.6614173228347 373.2283464566929 182.6771653543307 Avant
781.1023622047244 1708.6614173228347 248.8188976377953 182.6771653543307 la
905.511811023622 1708.6614173228347 456.6929133858268 182.6771653543307 clôture
1237.7952755905512 1708.6614173228347 248.8188976377953 182.6771653543307 de
1362.2047244094488 1708.6614173228347 664.5669291338583 182.6771653543307 l’Exposition
1900.7874015748032 1708.6614173228347 332.2834645669291 182.6771653543307 aura
2067.716535433071 1708.6614173228347 248.8188976377953 182.6771653543307 lieu

437.79527559055117 1883.4645669291338 292.9133858267717 144.88188976377953 une
606.2992125984252 1883.4645669291338 418.8976377952756 144.88188976377953 séance
899.2125984251968 1883.4645669291338 502.3622047244094 144.88188976377953 publique
1277.1653543307086 1883.4645669291338 335.43307086614175 144.88188976377953 dans
1486.6141732283465 1883.4645669291338 502.3622047244094 144.88188976377953 laquelle
1862.992125984252 1883.4645669291338 418.8976377952756 144.88188976377953 chacun
2114.9606299212596 1883.4645669291338 209.4488188976378 144.88188976377953 des

433.07086614173227 2029.9212598425197 429.9212598425197 88.18897637795276 objets
733.8582677165355 2029.9212598425197 429.9212598425197 88.18897637795276 acquis
1034.6456692913387 2029.9212598425197 300.78740157480314 88.18897637795276 par
1206.2992125984251 2029.9212598425197 258.26771653543307 88.18897637795276 le
1335.4330708661416 2029.9212598425197 343.3070866141732 88.18897637795276 Jury
1549.6062992125985 2029.9212598425197 472.4409448818898 88.18897637795276 recevra
1892.9133858267717 2029.9212598425197 258.26771653543307 88.18897637795276 un
1979.5275590551182 2029.9212598425197 343.3070866141732 88.18897637795276 numéro

437.79527559055117 2108.6614173228345 450.3937007874016 146.45669291338584 d’ordre
765.3543307086615 2108.6614173228345 245.66929133858267 146.45669291338584 et
888.1889763779527 2108.6614173228345 450.3937007874016 146.45669291338584 formera
1215.748031496063 2108.6614173228345 245.66929133858267 146.45669291338584 un
1338.5826771653544 2108.6614173228345 286.61417322834643 146.45669291338584 lot
1503.9370078740158 2108.6614173228345 614.1732283464567 146.45669291338584 particulier
1995.275590551181 2108.6614173228345 327.5590551181102 146.45669291338584 dans
2159.0551181102364 2108.6614173228345 163.7795275590551 146.45669291338584 le

440.9448818897638 2244.0944881889764 376.37795275590554 121.25984251968504 tirage
703.9370078740158 2244.0944881889764 225.1968503937008 121.25984251968504 au
817.3228346456693 2244.0944881889764 300.78740157480314 121.25984251968504 sort
1004.7244094488188 2244.0944881889764 262.99212598425197 121.25984251968504 qui
1155.9055118110236 2244.0944881889764 300.78740157480314 121.25984251968504 sera
1343.3070866141732 2244.0944881889764 300.78740157480314 121.25984251968504 fait
1530.708661417323 2244.0944881889764 376.37795275590554 121.25984251968504 séance
1755.9055118110236 2244.0944881889764 376.37795275590554 121.25984251968504 tenante.

533.8582677165355 2332.283464566929 313.38582677165357 113.38582677165354 Des
711.8110236220473 2332.283464566929 626.7716535433071 113.38582677165354 bulletins,
1204.724409448819 2332.283464566929 492.9133858267717 113.38582677165354 portant
1562.2047244094488 2332.283464566929 447.244094488189 113.38582677165354 chacun
1875.5905511811025 2332.283464566929 267.7165354330709 113.38582677165354 le
1965.3543307086613 2332.283464566929 357.4803149606299 113.38582677165354 numéro

440.9448818897638 2433.0708661417325 360.62992125984255 127.55905511811024 d’une
680.3149606299213 2433.0708661417325 400.0 127.55905511811024 action
960.6299212598425 2433.0708661417325 240.9448818897638 127.55905511811024 et
1081.8897637795276 2433.0708661417325 240.9448818897638 127.55905511811024 le
1201.5748031496064 2433.0708661417325 280.31496062992125 127.55905511811024 nom
1362.2047244094488 2433.0708661417325 240.9448818897638 127.55905511811024 de
1481.8897637795276 2433.0708661417325 680.3149606299213 127.55905511811024 l’actionnaire
2003.1496062992126 2433.0708661417325 319.68503937007875 127.55905511811024 auquel

444.09448818897636 2560.6299212598424 307.0866141732283 107.08661417322834 elle
636.2204724409448 2560.6299212598424 576.3779527559055 107.08661417322834 appartient,
1096.0629921259842 2560.6299212598424 384.251968503937 107.08661417322834 seront
1365.3543307086613 2560.6299212598424 344.88188976377955 107.08661417322834 jetés
1595.275590551181 2560.6299212598424 307.0866141732283 107.08661417322834 dans
1787.4015748031495 2560.6299212598424 269.29133858267716 107.08661417322834 une
1940.1574803149606 2560.6299212598424 307.0866141732283 107.08661417322834 urne
2094.488188976378 2560.6299212598424 229.92125984251967 107.08661417322834 dont

447.244094488189 2688.1889763779527 220.4724409448819 151.1811023622047 on
557.4803149606299 2688.1889763779527 439.37007874015745 151.1811023622047 retirera
886.6141732283464 2688.1889763779527 366.92913385826773 151.1811023622047 autant
1143.3070866141732 2688.1889763779527 220.4724409448819 151.1811023622047 de
1251.9685039370079 2688.1889763779527 403.1496062992126 151.1811023622047 numéros
1546.4566929133857 2688.1889763779527 366.92913385826773 151.1811023622047 qu’ily
1801.5748031496064 2688.1889763779527 292.9133858267717 151.1811023622047 aura
1985.8267716535433 2688.1889763779527 220.4724409448819 151.1811023622047 de
2058.267716535433 2688.1889763779527 256.6929133858268 151.1811023622047 lots.

1173.2283464566929 2867.716535433071 366.92913385826773 143.30708661417322 ART.
1355.9055118110236 2867.716535433071 229.92125984251967 143.30708661417322 10.

535.4330708661417 3015.748031496063 291.33858267716533 143.30708661417322 Les
700.7874015748032 3015.748031496063 540.1574803149606 143.30708661417322 personnes
1116.5354330708662 3015.748031496063 291.33858267716533 143.30708661417322 qui
1283.4645669291338 3015.748031496063 415.748031496063 143.30708661417322 auront
1574.8031496062993 3015.748031496063 374.8031496062992 143.30708661417322 gagné
1823.6220472440946 3015.748031496063 291.33858267716533 143.30708661417322 des
1990.5511811023623 3015.748031496063 332.2834645669291 143.30708661417322 lots
2155.9055118110236 3015.748031496063 166.9291338582677 143.30708661417322 ne

440.9448818897638 3187.4015748031497 557.4803149606299 105.51181102362204 pourront,
869.2913385826772 3187.4015748031497 343.3070866141732 105.51181102362204 dans
1083.4645669291338 3187.4015748031497 385.8267716535433 105.51181102362204 aucun
1340.1574803149606 3187.4015748031497 343.3070866141732 105.51181102362204 cas,
1554.3307086614172 3187.4015748031497 299.21259842519686 105.51181102362204 les
1725.984251968504 3187.4015748031497 385.8267716535433 105.51181102362204 faire
1940.1574803149606 3187.4015748031497 385.8267716535433 105.51181102362204 enlever

445.6692913385827 3281.8897637795276 351.18110236220474 105.51181102362204 avant
680.3149606299213 3281.8897637795276 234.64566929133858 105.51181102362204 la
798.4251968503937 3281.8897637795276 429.9212598425197 105.51181102362204 clôture
1110.236220472441 3281.8897637795276 234.64566929133858 105.51181102362204 de
1228.3464566929133 3281.8897637795276 664.5669291338583 105.51181102362204 l’Exposition.
1774.8031496062993 3281.8897637795276 234.64566929133858 105.51181102362204 La
1892.9133858267717 3281.8897637795276 429.9212598425197 105.51181102362204 Société
2166.9291338582675 3281.8897637795276 155.90551181102362 105.51181102362204 se

444.09448818897636 3382.6771653543306 459.84251968503935 111.81102362204724 réserve
779.5275590551181 3382.6771653543306 250.39370078740157 111.81102362204724 le
903.9370078740158 3382.6771653543306 376.37795275590554 111.81102362204724 droit
1154.3307086614172 3382.6771653543306 250.39370078740157 111.81102362204724 de
1280.3149606299212 3382.6771653543306 584.2519685039371 111.81102362204724 conserver,
1740.1574803149606 3382.6771653543306 459.84251968503935 111.81102362204724 pendant
2031.4960629921259 3382.6771653543306 292.9133858267717 111.81102362204724 trois

447.244094488189 3532.283464566929 359.0551181102362 88.18897637795276 mois,
686.6141732283464 3532.283464566929 319.68503937007875 88.18897637795276 ceux
886.6141732283464 3532.283464566929 280.31496062992125 88.18897637795276 des
1045.6692913385828 3532.283464566929 400.0 88.18897637795276 objets
1325.984251968504 3532.283464566929 439.37007874015745 88.18897637795276 achetés
1645.6692913385828 3532.283464566929 280.31496062992125 88.18897637795276 qui
1804.724409448819 3532.283464566929 400.0 88.18897637795276 seront
2044.0944881889764 3532.283464566929 280.31496062992125 88.18897637795276 dési-

447.244094488189 3607.8740157480315 319.68503937007875 149.60629921259843 gnés
647.2440944881889 3607.8740157480315 319.68503937007875 149.60629921259843 pour
847.2440944881889 3607.8740157480315 319.68503937007875 149.60629921259843 être
1045.6692913385828 3607.8740157480315 439.37007874015745 149.60629921259843 gravés,
1366.9291338582677 3607.8740157480315 680.3149606299213 149.60629921259843 lithographiés
1925.984251968504 3607.8740157480315 239.37007874015748 149.60629921259843 ou
2006.2992125984251 3607.8740157480315 319.68503937007875 149.60629921259843 photo

403.1496062992126 3733.8582677165355 447.244094488189 140.15748031496062 graphiés.
