3100.787401574803 4933.858267716535
417.3228346456693 801.5748031496063 244.09448818897638 119.68503937007874 209.

415.748031496063 914.9606299212599 248.8188976377953 108.66141732283465 210.

451.9685039370079 992.1259842519685 319.68503937007875 102.36220472440945 211.
651.9685039370079 992.1259842519685 480.31496062992125 102.36220472440945 Jaquiné,
1011.0236220472441 992.1259842519685 559.0551181102362 102.36220472440945 inspecteur
1450.3937007874015 992.1259842519685 439.37007874015745 102.36220472440945 général
1771.6535433070867 992.1259842519685 519.6850393700787 102.36220472440945 honoraire
2130.7086614173227 992.1259842519685 200.0 102.36220472440945 des

757.4803149606299 1100.7874015748032 307.0866141732283 125.98425196850394 ponts
962.2047244094488 1100.7874015748032 204.7244094488189 125.98425196850394 et
1064.5669291338584 1100.7874015748032 477.1653543307087 125.98425196850394 chaussées,
1439.3700787401574 1100.7874015748032 307.0866141732283 125.98425196850394 place
1644.0944881889764 1100.7874015748032 204.7244094488189 125.98425196850394 de
1746.4566929133857 1100.7874015748032 204.7244094488189 125.98425196850394 la
1848.8188976377953 1100.7874015748032 442.5196850393701 125.98425196850394 Carrière,
2155.9055118110236 1100.7874015748032 170.07874015748033 125.98425196850394 10.

461.4173228346457 1220.4724409448818 305.51181102362204 96.06299212598425 212.
651.9685039370079 1220.4724409448818 458.26771653543307 96.06299212598425 Jassada,
995.2755905511812 1220.4724409448818 533.8582677165355 96.06299212598425 inspecteur
1414.1732283464567 1220.4724409448818 266.1417322834646 96.06299212598425 des
1566.9291338582677 1220.4724409448818 418.8976377952756 96.06299212598425 chemins
1872.4409448818897 1220.4724409448818 228.3464566929134 96.06299212598425 de
1985.8267716535433 1220.4724409448818 305.51181102362204 96.06299212598425 fer,
2138.582677165354 1220.4724409448818 190.5511811023622 96.06299212598425 rue

752.7559055118111 1311.8110236220473 401.5748031496063 118.11023622047244 Isabey,
1007.8740157480315 1311.8110236220473 182.6771653543307 118.11023622047244 19.

456.6929133858268 1420.4724409448818 296.06299212598424 118.11023622047244 213.
640.9448818897638 1420.4724409448818 406.2992125984252 118.11023622047244 Jasson,
937.007874015748 1420.4724409448818 554.3307086614174 118.11023622047244 architecte,
1379.5275590551182 1420.4724409448818 258.26771653543307 118.11023622047244 rue
1527.5590551181103 1420.4724409448818 222.04724409448818 118.11023622047244 de
1639.3700787401574 1420.4724409448818 222.04724409448818 118.11023622047244 la
1749.6062992125985 1420.4724409448818 444.09448818897636 118.11023622047244 Monnaie,
2045.6692913385828 1420.4724409448818 148.03149606299212 118.11023622047244 8.

458.26771653543307 1518.1102362204724 297.6377952755906 99.21259842519684 214.
644.0944881889764 1518.1102362204724 409.4488188976378 99.21259842519684 Joybert
941.7322834645669 1518.1102362204724 333.8582677165354 99.21259842519684 (de),
1165.3543307086613 1518.1102362204724 259.84251968503935 99.21259842519684 rue
1313.3858267716535 1518.1102362204724 223.6220472440945 99.21259842519684 de
1425.1968503937007 1518.1102362204724 519.6850393700787 99.21259842519684 l’Hospice,
1796.8503937007874 1518.1102362204724 185.82677165354332 99.21259842519684 49.

456.6929133858268 1650.3937007874015 292.9133858267717 105.51181102362204 215.
639.3700787401575 1650.3937007874015 403.1496062992126 105.51181102362204 Jullien
932.2834645669292 1650.3937007874015 292.9133858267717 105.51181102362204 (Mme
1116.5354330708662 1650.3937007874015 403.1496062992126 105.51181102362204 Emile),
1409.4488188976377 1650.3937007874015 330.70866141732284 105.51181102362204 place
1629.9212598425197 1650.3937007874015 659.8425196850394 105.51181102362204 Saint-Georges,
2143.3070866141734 1650.3937007874015 182.6771653543307 105.51181102362204 95.

466.1417322834646 1721.259842519685 258.26771653543307 133.85826771653544 216.
628.3464566929134 1721.259842519685 387.40157480314963 133.85826771653544 Karcher,
919.6850393700787 1721.259842519685 322.8346456692913 133.85826771653544 avenue
1146.4566929133857 1721.259842519685 193.70078740157481 133.85826771653544 de
1242.5196850393702 1721.259842519685 193.70078740157481 133.85826771653544 la
1340.1574803149606 1721.259842519685 387.40157480314963 133.85826771653544 Garenne,
1631.4960629921259 1721.259842519685 162.20472440944883 133.85826771653544 8
1662.992125984252 1721.259842519685 420.4724409448819 133.85826771653544 <i>ter</i>

411.0236220472441 1829.9212598425197 253.54330708661416 121.25984251968504 217.

459.84251968503935 1924.4094488188975 308.66141732283467 118.11023622047244 218.
651.9685039370079 1924.4094488188975 385.8267716535433 118.11023622047244 Keller
921.2598425196851 1924.4094488188975 500.78740157480314 118.11023622047244 (Edmond),
1267.716535433071 1924.4094488188975 462.99212598425197 118.11023622047244 Lunéville.

461.4173228346457 2034.6456692913387 297.6377952755906 130.70866141732284 219.
648.8188976377953 2034.6456692913387 409.4488188976378 130.70866141732284 Krantz,
946.4566929133858 2034.6456692913387 521.2598425196851 130.70866141732284 professeur
1355.9055118110236 2034.6456692913387 185.82677165354332 130.70866141732284 à
1429.9212598425197 2034.6456692913387 223.6220472440945 130.70866141732284 la
1541.732283464567 2034.6456692913387 409.4488188976378 130.70866141732284 Faculté
1839.3700787401574 2034.6456692913387 259.84251968503935 130.70866141732284 des
1951.1811023622047 2034.6456692913387 371.65354330708664 130.70866141732284 Lettres,

757.4803149606299 2144.8818897637793 259.84251968503935 125.98425196850394 rue
907.0866141732283 2144.8818897637793 259.84251968503935 125.98425196850394 des
1055.1181102362204 2144.8818897637793 595.2755905511812 125.98425196850394 Dominiçains,
1502.3622047244094 2144.8818897637793 148.03149606299212 125.98425196850394 6.

417.3228346456693 2242.51968503937 245.66929133858267 103.93700787401575 220.

459.84251968503935 2333.8582677165355 307.0866141732283 122.83464566929133 221.
651.9685039370079 2333.8582677165355 538.5826771653543 122.83464566929133 Labarrière
1074.015748031496 2333.8582677165355 461.4173228346457 122.83464566929133 (Emile),
1420.4724409448818 2333.8582677165355 269.29133858267716 122.83464566929133 rue
1574.8031496062993 2333.8582677165355 500.78740157480314 122.83464566929133 Grégoire,
1921.259842519685 2333.8582677165355 192.1259842519685 122.83464566929133 16.

459.84251968503935 2442.51968503937 308.66141732283467 130.70866141732284 222.
651.9685039370079 2442.51968503937 423.62204724409446 130.70866141732284 Lacombe
960.6299212598425 2442.51968503937 385.8267716535433 130.70866141732284 (Ch.),
1229.9212598425197 2442.51968503937 269.29133858267716 130.70866141732284 rue
1384.251968503937 2442.51968503937 500.78740157480314 130.70866141732284 Désilles,
1730.708661417323 2442.51968503937 154.33070866141733 130.70866141732284 5.

455.11811023622045 2554.3307086614172 319.68503937007875 108.66141732283465 223.
655.1181102362204 2554.3307086614172 400.0 108.66141732283465 Ladret
935.4330708661417 2554.3307086614172 519.6850393700787 108.66141732283465 (Eugène),
1335.4330708661416 2554.3307086614172 360.62992125984255 108.66141732283465 maire
1574.8031496062993 2554.3307086614172 240.9448818897638 108.66141732283465 de
1655.1181102362204 2554.3307086614172 360.62992125984255 108.66141732283465 Longwy.

451.9685039370079 2650.3937007874015 349.6062992125984 133.85826771653544 224.
670.8661417322835 2650.3937007874015 566.9291338582677 133.85826771653544 Lallement
1107.0866141732283 2650.3937007874015 261.4173228346457 133.85826771653544 de
1237.7952755905512 2650.3937007874015 349.6062992125984 133.85826771653544 Mont
1455.1181102362204 2650.3937007874015 349.6062992125984 133.85826771653544 (Mme
1674.015748031496 2650.3937007874015 349.6062992125984 133.85826771653544 de),
1891.3385826771653 2650.3937007874015 305.51181102362204 133.85826771653544 rue
2022.0472440944882 2650.3937007874015 305.51181102362204 133.85826771653544 d’Al

754.3307086614174 2765.3543307086616 381.1023622047244 118.11023622047244 liance,
996.8503937007874 2765.3543307086616 173.22834645669292 118.11023622047244 15.

456.6929133858268 2848.818897637795 307.0866141732283 122.83464566929133 225.
648.8188976377953 2848.818897637795 384.251968503937 122.83464566929133 Lambel
918.1102362204724 2848.818897637795 384.251968503937 122.83464566929133 (comte
1187.4015748031495 2848.818897637795 307.0866141732283 122.83464566929133 de),
1379.5275590551182 2848.818897637795 461.4173228346457 122.83464566929133 Fléville
1686.6141732283465 2848.818897637795 461.4173228346457 122.83464566929133 (M.

461.4173228346457 2966.9291338582675 297.6377952755906 103.93700787401575 226.
647.2440944881889 2966.9291338582675 557.4803149606299 103.93700787401575 Landreville
1092.9133858267717 2966.9291338582675 445.6692913385827 103.93700787401575 (marquis
1428.3464566929133 2966.9291338582675 297.6377952755906 103.93700787401575 de),
1614.1732283464567 2966.9291338582675 259.84251968503935 103.93700787401575 rue
1762.2047244094488 2966.9291338582675 519.6850393700787 103.93700787401575 Stanislas,
2133.8582677165355 2966.9291338582675 185.82677165354332 103.93700787401575 51.

458.26771653543307 3085.0393700787404 297.6377952755906 102.36220472440945 227.
645.6692913385826 3085.0393700787404 559.0551181102362 102.36220472440945 Landreville
1092.9133858267717 3085.0393700787404 373.2283464566929 102.36220472440945 (comte
1352.755905511811 3085.0393700787404 297.6377952755906 102.36220472440945 de),
1538.5826771653544 3085.0393700787404 261.4173228346457 102.36220472440945 rue
1688.1889763779527 3085.0393700787404 521.2598425196851 102.36220472440945 Stanislas,
2061.417322834646 3085.0393700787404 185.82677165354332 102.36220472440945 51.

461.4173228346457 3181.1023622047246 297.6377952755906 113.38582677165354 228.
648.8188976377953 3181.1023622047246 447.244094488189 113.38582677165354 Landrian
984.2519685039371 3181.1023622047246 261.4173228346457 113.38582677165354 (P.
1133.8582677165355 3181.1023622047246 297.6377952755906 113.38582677165354 de),
1319.6850393700788 3181.1023622047246 261.4173228346457 113.38582677165354 rue
1469.291338582677 3181.1023622047246 411.0236220472441 113.38582677165354 Bailly,
1730.708661417323 3181.1023622047246 185.82677165354332 113.38582677165354 17.

467.7165354330709 3259.8425196850394 248.8188976377953 129.13385826771653 229.
623.6220472440945 3259.8425196850394 248.8188976377953 129.13385826771653 Lang
779.5275590551181 3259.8425196850394 404.7244094488189 129.13385826771653 (Benoit),
1091.3385826771653 3259.8425196850394 217.3228346456693 129.13385826771653 rue
1215.748031496063 3259.8425196850394 187.4015748031496 129.13385826771653 de
1308.6614173228347 3259.8425196850394 280.31496062992125 129.13385826771653 Metz,
1496.0629921259842 3259.8425196850394 187.4015748031496 129.13385826771653 69
1557.4803149606298 3259.8425196850394 404.7244094488189 129.13385826771653 <i>bis</i>

458.26771653543307 3381.1023622047246 318.1102362204724 113.38582677165354 230.
656.6929133858267 3381.1023622047246 318.1102362204724 113.38582677165354 Lang
855.1181102362204 3381.1023622047246 396.8503937007874 113.38582677165354 (Ch.),
1132.283464566929 3381.1023622047246 357.4803149606299 113.38582677165354 Cours
1330.708661417323 3381.1023622047246 396.8503937007874 113.38582677165354 Léopold.

461.4173228346457 3483.464566929134 289.76377952755905 100.78740157480316 231.
642.5196850393701 3483.464566929134 289.76377952755905 100.78740157480316 Lang
823.6220472440945 3483.464566929134 507.0866141732283 100.78740157480316 (Raphaël),
1222.0472440944882 3483.464566929134 325.98425196850394 100.78740157480316 place
1439.3700787401574 3483.464566929134 543.3070866141733 100.78740157480316 Saint-Jean,
1837.7952755905512 3483.464566929134 144.88188976377953 100.78740157480316 4.

461.4173228346457 3590.551181102362 299.21259842519686 103.93700787401575 232.
648.8188976377953 3590.551181102362 299.21259842519686 103.93700787401575 Lang
836.2204724409448 3590.551181102362 448.81889763779526 103.93700787401575 (Salomon
1173.2283464566929 3590.551181102362 411.0236220472441 103.93700787401575 Louis),
1472.4409448818897 3590.551181102362 261.4173228346457 103.93700787401575 rue
1622.0472440944882 3590.551181102362 225.1968503937008 103.93700787401575 de
1733.8582677165355 3590.551181102362 225.1968503937008 103.93700787401575 la
1845.6692913385828 3590.551181102362 411.0236220472441 103.93700787401575 Source,
2107.0866141732286 3590.551181102362 187.4015748031496 103.93700787401575 10.

461.4173228346457 3714.9606299212596 305.51181102362204 133.85826771653544 233.
651.9685039370079 3714.9606299212596 305.51181102362204 133.85826771653544 Lang
842.5196850393701 3714.9606299212596 305.51181102362204 133.85826771653544 (Mme
1034.6456692913387 3714.9606299212596 496.06299212598424 133.85826771653544 Salomon),
1415.748031496063 3714.9606299212596 267.7165354330709 133.85826771653544 rue
1568.5039370078741 3714.9606299212596 229.92125984251967 133.85826771653544 de
1683.4645669291338 3714.9606299212596 229.92125984251967 133.85826771653544 la
1798.4251968503936 3714.9606299212596 420.4724409448819 133.85826771653544 Source,
2066.1417322834645 3714.9606299212596 190.5511811023622 133.85826771653544 10.
