1969 3133
265 509 155 76 209.

264 581 158 69 210.

287 630 203 65 211.
414 630 305 65 Jaquiné,
642 630 355 65 inspecteur
921 630 279 65 général
1125 630 330 65 honoraire
1353 630 127 65 des

481 699 195 80 ponts
611 699 130 80 et
676 699 303 80 chaussées,
914 699 195 80 place
1044 699 130 80 de
1109 699 130 80 la
1174 699 281 80 Carrière,
1369 699 108 80 10.

293 775 194 61 212.
414 775 291 61 Jassada,
632 775 339 61 inspecteur
898 775 169 61 des
995 775 266 61 chemins
1189 775 145 61 de
1261 775 194 61 fer,
1358 775 121 61 rue

478 833 255 75 Isabey,
640 833 116 75 19.

290 902 188 75 213.
407 902 258 75 Jasson,
595 902 352 75 architecte,
876 902 164 75 rue
970 902 141 75 de
1041 902 141 75 la
1111 902 282 75 Monnaie,
1299 902 94 75 8.

291 964 189 63 214.
409 964 260 63 Joybert
598 964 212 63 (de),
740 964 165 63 rue
834 964 142 63 de
905 964 330 63 l’Hospice,
1141 964 118 63 49.

290 1048 186 67 215.
406 1048 256 67 Jullien
592 1048 186 67 (Mme
709 1048 256 67 Emile),
895 1048 210 67 place
1035 1048 419 67 Saint-Georges,
1361 1048 116 67 95.

296 1093 164 85 216.
399 1093 246 85 Karcher,
584 1093 205 85 avenue
728 1093 123 85 de
789 1093 123 85 la
851 1093 246 85 Garenne,
1036 1093 103 85 8
1056 1093 267 85 <i>ter</i>.

261 1162 161 77 217.

292 1222 196 75 218.
414 1222 245 75 Keller
585 1222 318 75 (Edmond),
805 1222 294 75 Lunéville.

293 1292 189 83 219.
412 1292 260 83 Krantz,
601 1292 331 83 professeur
861 1292 118 83 à
908 1292 142 83 la
979 1292 260 83 Faculté
1168 1292 165 83 des
1239 1292 236 83 Lettres,

481 1362 165 80 rue
576 1362 165 80 des
670 1362 378 80 Dominiçains,
954 1362 94 80 6.

265 1424 156 66 220.

292 1482 195 78 221.
414 1482 342 78 Labarrière
682 1482 293 78 (Emile),
902 1482 171 78 rue
1000 1482 318 78 Grégoire,
1220 1482 122 78 16.

292 1551 196 83 222.
414 1551 269 83 Lacombe
610 1551 245 83 (Ch.),
781 1551 171 83 rue
879 1551 318 83 Désilles,
1099 1551 98 83 5.

289 1622 203 69 223.
416 1622 254 69 Ladret
594 1622 330 69 (Eugène),
848 1622 229 69 maire
1000 1622 153 69 de
1051 1622 229 69 Longwy.

287 1683 222 85 224.
426 1683 360 85 Lallement
703 1683 166 85 de
786 1683 222 85 Mont
924 1683 222 85 (Mme
1063 1683 222 85 de),
1201 1683 194 85 rue
1284 1683 194 85 d’Al

479 1756 242 75 liance,
633 1756 110 75 15.

290 1809 195 78 225.
412 1809 244 78 Lambel
583 1809 244 78 (comte
754 1809 195 78 de),
876 1809 293 78 Fléville
1071 1809 293 78 (M.

293 1884 189 66 226.
411 1884 354 66 Landreville
694 1884 283 66 (marquis
907 1884 189 66 de),
1025 1884 165 66 rue
1119 1884 330 66 Stanislas,
1355 1884 118 66 51.

291 1959 189 65 227.
410 1959 355 65 Landreville
694 1959 237 65 (comte
859 1959 189 65 de),
977 1959 166 65 rue
1072 1959 331 65 Stanislas,
1309 1959 118 65 51.

293 2020 189 72 228.
412 2020 284 72 Landrian
625 2020 166 72 (P.
720 2020 189 72 de),
838 2020 166 72 rue
933 2020 261 72 Bailly,
1099 2020 118 72 17.

297 2070 158 82 229.
396 2070 158 82 Lang
495 2070 257 82 (Benoit),
693 2070 138 82 rue
772 2070 119 82 de
831 2070 178 82 Metz,
950 2070 119 82 69
989 2070 257 82 <i>bis</i>.

291 2147 202 72 230.
417 2147 202 72 Lang
543 2147 252 72 (Ch.),
719 2147 227 72 Cours
845 2147 252 72 Léopold.

293 2212 184 64 231.
408 2212 184 64 Lang
523 2212 322 64 (Raphaël),
776 2212 207 64 place
914 2212 345 64 Saint-Jean,
1167 2212 92 64 4.

293 2280 190 66 232.
412 2280 190 66 Lang
531 2280 285 66 (Salomon
745 2280 261 66 Louis),
935 2280 166 66 rue
1030 2280 143 66 de
1101 2280 143 66 la
1172 2280 261 66 Source,
1338 2280 119 66 10.

293 2359 194 85 233.
414 2359 194 85 Lang
535 2359 194 85 (Mme
657 2359 315 85 Salomon),
899 2359 170 85 rue
996 2359 146 85 de
1069 2359 146 85 la
1142 2359 267 85 Source,
1312 2359 121 85 10.
