3239.3700787401576 4921.259842519685
1398.4251968503936 666.1417322834645 300.78740157480314 135.43307086614172 —
1518.1102362204724 666.1417322834645 360.62992125984255 135.43307086614172 20
1639.3700787401574 666.1417322834645 181.10236220472441 135.43307086614172 —

680.3149606299213 806.2992125984252 311.81102362204723 138.58267716535434 284.
875.5905511811023 806.2992125984252 507.0866141732283 138.58267716535434 Maringer,
1266.1417322834645 806.2992125984252 390.5511811023622 138.58267716535434 maire,
1538.5826771653544 806.2992125984252 467.7165354330709 138.58267716535434 faubourg
1889.763779527559 806.2992125984252 584.2519685039371 138.58267716535434 Saint-Jean.
2318.1102362204724 806.2992125984252 195.2755905511811 138.58267716535434 28.

681.8897637795276 941.7322834645669 299.21259842519686 102.36220472440945 285.
869.2913385826772 941.7322834645669 374.8031496062992 102.36220472440945 Marly,
1132.283464566929 941.7322834645669 374.8031496062992 102.36220472440945 ancien
1393.7007874015749 941.7322834645669 448.81889763779526 102.36220472440945 notaire,
1730.708661417323 941.7322834645669 262.99212598425197 102.36220472440945 rue
1881.8897637795276 941.7322834645669 412.59842519685037 102.36220472440945 Lepois,
2143.3070866141734 941.7322834645669 187.4015748031496 102.36220472440945 11.

681.8897637795276 1044.0944881889764 262.99212598425197 94.48818897637796 286.
845.6692913385826 1044.0944881889764 327.5590551181102 94.48818897637796 Martin
1075.5905511811025 1044.0944881889764 459.84251968503935 94.48818897637796 (Camille),
1436.2204724409448 1044.0944881889764 229.92125984251967 94.48818897637796 rue
1566.9291338582677 1044.0944881889764 196.8503937007874 94.48818897637796 de
1666.1417322834645 1044.0944881889764 524.4094488188977 94.48818897637796 Boudonville,
2059.8425196850394 1044.0944881889764 491.33858267716533 94.48818897637796 11<i>1is</i>

675.5905511811023 1140.1574803149606 297.6377952755906 111.81102362204724 287.
861.4173228346457 1140.1574803149606 297.6377952755906 111.81102362204724 Marx
1048.8188976377953 1140.1574803149606 445.6692913385827 111.81102362204724 (Roger),
1382.6771653543308 1140.1574803149606 259.84251968503935 111.81102362204724 rue
1532.283464566929 1140.1574803149606 631.496062992126 111.81102362204724 Saint-Lazare,
2051.968503937008 1140.1574803149606 259.84251968503935 111.81102362204724 24,
2163.779527559055 1140.1574803149606 297.6377952755906 111.81102362204724 Paris.

669.2913385826772 1248.8188976377953 319.68503937007875 114.96062992125984 288.
867.7165354330708 1248.8188976377953 598.4251968503937 114.96062992125984 Marx-Picard
1348.0314960629921 1248.8188976377953 398.4251968503937 114.96062992125984 Emile,
1626.7716535433071 1248.8188976377953 398.4251968503937 114.96062992125984 avenue
1905.5118110236222 1248.8188976377953 239.37007874015748 114.96062992125984 de
2025.1968503937007 1248.8188976377953 239.37007874015748 114.96062992125984 la
2105.511811023622 1248.8188976377953 439.37007874015745 114.96062992125984 Garennne.

670.8661417322835 1322.8346456692914 310.23622047244095 135.43307086614172 289.
864.5669291338583 1322.8346456692914 581.1023622047244 135.43307086614172 Marx-Picard
1329.1338582677165 1322.8346456692914 425.1968503937008 135.43307086614172 (René),
1639.3700787401574 1322.8346456692914 270.86614173228344 135.43307086614172 rue
1793.7007874015749 1322.8346456692914 658.2677165354331 135.43307086614172 Saint-Julien,
2297.6377952755906 1322.8346456692914 154.33070866141733 135.43307086614172 8.

670.8661417322835 1431.4960629921259 299.21259842519686 119.68503937007874 290.
858.2677165354331 1431.4960629921259 411.0236220472441 119.68503937007874 Mathieu
1157.4803149606298 1431.4960629921259 522.8346456692914 119.68503937007874 (Charles),
1566.9291338582677 1431.4960629921259 261.4173228346457 119.68503937007874 rue
1716.5354330708662 1431.4960629921259 223.6220472440945 119.68503937007874 de
1828.3464566929133 1431.4960629921259 223.6220472440945 119.68503937007874 la
1940.1574803149606 1431.4960629921259 522.8346456692914 119.68503937007874 Ravinelle,
2313.3858267716537 1431.4960629921259 187.4015748031496 119.68503937007874 33.

675.5905511811023 1530.708661417323 280.31496062992125 116.53543307086615 291.
850.3937007874016 1530.708661417323 385.8267716535433 116.53543307086615 Mathis,
1132.283464566929 1530.708661417323 456.6929133858268 116.53543307086615 tailleur,
1483.4645669291338 1530.708661417323 316.53543307086613 116.53543307086615 place
1694.4881889763778 1530.708661417323 491.33858267716533 116.53543307086615 Stanislas,
2045.6692913385828 1530.708661417323 140.15748031496062 116.53543307086615 5.

669.2913385826772 1644.0944881889764 318.1102362204724 121.25984251968504 292.
867.7165354330708 1644.0944881889764 437.79527559055117 121.25984251968504 Maugras
1185.8267716535433 1644.0944881889764 477.1653543307087 121.25984251968504 (Emile),
1505.5118110236222 1644.0944881889764 596.8503937007874 121.25984251968504 Varangéville.

667.7165354330708 1757.4803149606298 294.48818897637796 110.23622047244095 293.
851.9685039370079 1757.4803149606298 368.503937007874 110.23622047244095 Maure,
1110.236220472441 1757.4803149606298 294.48818897637796 110.23622047244095 anc.
1294.4881889763778 1757.4803149606298 552.7559055118111 110.23622047244095 conseiller,
1737.007874015748 1757.4803149606298 258.26771653543307 110.23622047244095 rue
1885.0393700787401 1757.4803149606298 222.04724409448818 110.23622047244095 de
1995.275590551181 1757.4803149606298 516.5354330708661 110.23622047244095 l’Hospice,
2363.779527559055 1757.4803149606298 148.03149606299212 110.23622047244095 6.

667.7165354330708 1850.3937007874015 313.38582677165357 100.78740157480316 294.
862.992125984252 1850.3937007874015 313.38582677165357 100.78740157480316 May,
1059.8425196850394 1850.3937007874015 548.0314960629921 100.78740157480316 professeur
1489.763779527559 1850.3937007874015 195.2755905511811 100.78740157480316 à
1568.5039370078741 1850.3937007874015 234.64566929133858 100.78740157480316 la
1685.0393700787401 1850.3937007874015 429.9212598425197 100.78740157480316 Faculté
1998.4251968503936 1850.3937007874015 234.64566929133858 100.78740157480316 de
2116.535433070866 1850.3937007874015 392.12598425196853 100.78740157480316 droit,
2351.181102362205 1850.3937007874015 195.2755905511811 100.78740157480316 rue

924.4094488188977 1948.0314960629921 488.18897637795277 130.70866141732284 Stanislas,
1272.4409448818897 1948.0314960629921 174.8031496062992 130.70866141732284 46.

651.9685039370079 2059.8425196850394 377.9527559055118 100.78740157480316 295.
888.1889763779527 2059.8425196850394 614.1732283464567 100.78740157480316 Meixmoron
1360.6299212598426 2059.8425196850394 283.46456692913387 100.78740157480316 de
1502.3622047244094 2059.8425196850394 566.9291338582677 100.78740157480316 Dombasle
1925.984251968504 2059.8425196850394 425.1968503937008 100.78740157480316 (de),
2209.448818897638 2059.8425196850394 330.70866141732284 100.78740157480316 rue
2351.181102362205 2059.8425196850394 188.9763779527559 100.78740157480316 de

918.1102362204724 2176.3779527559054 560.6299212598425 113.38582677165354 Strasbourg,
1329.1338582677165 2176.3779527559054 187.4015748031496 113.38582677165354 19.

651.9685039370079 2278.740157480315 349.6062992125984 100.78740157480316 296.
870.8661417322835 2278.740157480315 568.503937007874 100.78740157480316 Meixmoron
1308.6614173228347 2278.740157480315 262.99212598425197 100.78740157480316 de
1439.3700787401574 2278.740157480315 524.4094488188977 100.78740157480316 Dombasle
1833.0708661417323 2278.740157480315 349.6062992125984 100.78740157480316 (Mme
2050.3937007874015 2278.740157480315 349.6062992125984 100.78740157480316 de),
2225.196850393701 2278.740157480315 218.89763779527559 100.78740157480316 id.

656.6929133858267 2370.0787401574803 294.48818897637796 124.40944881889764 297.
840.9448818897638 2370.0787401574803 404.7244094488189 124.40944881889764 Merling
1135.4330708661416 2370.0787401574803 404.7244094488189 124.40944881889764 (Léon),
1429.9212598425197 2370.0787401574803 258.26771653543307 124.40944881889764 rue
1576.3779527559054 2370.0787401574803 220.4724409448819 124.40944881889764 de
1688.1889763779527 2370.0787401574803 220.4724409448819 124.40944881889764 la
1798.4251968503936 2370.0787401574803 588.9763779527559 124.40944881889764 Salpêtrière,
2239.3700787401576 2370.0787401574803 148.03149606299212 124.40944881889764 4.

656.6929133858267 2474.015748031496 288.18897637795277 137.00787401574803 298.
837.7952755905512 2474.015748031496 288.18897637795277 137.00787401574803 Metz
1017.3228346456693 2474.015748031496 396.8503937007874 137.00787401574803 (Victor
1305.5118110236222 2474.015748031496 288.18897637795277 137.00787401574803 de),
1486.6141732283465 2474.015748031496 324.40944881889766 137.00787401574803 villa
1702.3622047244094 2474.015748031496 215.748031496063 137.00787401574803 de
1811.023622047244 2474.015748031496 215.748031496063 137.00787401574803 la
1881.8897637795276 2474.015748031496 433.07086614173227 137.00787401574803 Pépinière.

658.2677165354331 2587.4015748031497 281.8897637795276 92.91338582677166 299.
833.0708661417323 2587.4015748031497 281.8897637795276 92.91338582677166 Metz
1009.4488188976378 2587.4015748031497 316.53543307086613 92.91338582677166 (Mlle
1222.0472440944882 2587.4015748031497 281.8897637795276 92.91338582677166 de),
1396.8503937007874 2587.4015748031497 316.53543307086613 92.91338582677166 villa
1609.4488188976377 2587.4015748031497 211.0236220472441 92.91338582677166 de
1714.9606299212599 2587.4015748031497 211.0236220472441 92.91338582677166 la
1785.8267716535433 2587.4015748031497 422.0472440944882 92.91338582677166 Pépinière.

655.1181102362204 2697.6377952755906 313.38582677165357 105.51181102362204 300.
850.3937007874016 2697.6377952755906 587.4015748031496 105.51181102362204 Metz-Noblat
1321.259842519685 2697.6377952755906 274.01574803149606 105.51181102362204 (A.
1477.1653543307086 2697.6377952755906 313.38582677165357 105.51181102362204 de),
1672.4409448818897 2697.6377952755906 234.64566929133858 105.51181102362204 r.
1790.5511811023623 2697.6377952755906 234.64566929133858 105.51181102362204 de
1907.0866141732283 2697.6377952755906 234.64566929133858 105.51181102362204 la
2025.1968503937007 2697.6377952755906 548.0314960629921 105.51181102362204 Ravinelle,
2417.3228346456694 2697.6377952755906 155.90551181102362 105.51181102362204 2

653.5433070866142 2806.299212598425 292.9133858267717 100.78740157480316 301.
836.2204724409448 2806.299212598425 439.37007874015745 100.78740157480316 Michaut,
1165.3543307086613 2806.299212598425 622.0472440944882 100.78740157480316 cristalleries
1677.1653543307086 2806.299212598425 218.89763779527559 100.78740157480316 de
1751.1811023622047 2806.299212598425 401.5748031496063 100.78740157480316 Baccarat.

650.3937007874016 2903.9370078740158 300.78740157480314 105.51181102362204 302.
837.7952755905512 2903.9370078740158 376.37795275590554 105.51181102362204 Michel
1100.7874015748032 2903.9370078740158 412.59842519685037 105.51181102362204 (René),
1401.5748031496064 2903.9370078740158 262.99212598425197 105.51181102362204 rue
1552.755905511811 2903.9370078740158 639.3700787401575 105.51181102362204 Saint-Dizier,
2040.9448818897638 2903.9370078740158 187.4015748031496 105.51181102362204 12.

648.8188976377953 3003.149606299213 311.81102362204723 122.83464566929133 303.
844.0944881889764 3003.149606299213 351.18110236220474 122.83464566929133 Milan
1078.740157480315 3003.149606299213 390.5511811023622 122.83464566929133 (Ch.),
1351.1811023622047 3003.149606299213 272.4409448818898 122.83464566929133 rue
1507.0866141732283 3003.149606299213 234.64566929133858 122.83464566929133 du
1625.1968503937007 3003.149606299213 429.9212598425197 122.83464566929133 Montet,
1897.6377952755906 3003.149606299213 195.2755905511811 122.83464566929133 11.

650.3937007874016 3116.535433070866 296.06299212598424 97.63779527559055 304.
834.6456692913385 3116.535433070866 480.31496062992125 97.63779527559055 Moitrier,
1204.724409448819 3116.535433070866 258.26771653543307 97.63779527559055 rue
1352.755905511811 3116.535433070866 480.31496062992125 97.63779527559055 Désilles,
1685.0393700787401 3116.535433070866 148.03149606299212 97.63779527559055 8.

647.2440944881889 3200.0 299.21259842519686 124.40944881889764 305.
834.6456692913385 3200.0 411.0236220472441 124.40944881889764 Molitor
1132.283464566929 3200.0 447.244094488189 124.40944881889764 (comte),
1469.291338582677 3200.0 261.4173228346457 124.40944881889764 rue
1617.3228346456692 3200.0 223.6220472440945 124.40944881889764 de
1729.1338582677165 3200.0 223.6220472440945 124.40944881889764 la
1842.5196850393702 3200.0 373.2283464566929 124.40944881889764 Baume,
2102.3622047244094 3200.0 261.4173228346457 124.40944881889764 10,
2214.1732283464567 3200.0 299.21259842519686 124.40944881889764 Paris.

645.6692913385826 3332.283464566929 296.06299212598424 94.48818897637796 306.
831.496062992126 3332.283464566929 296.06299212598424 94.48818897637796 Mont
1017.3228346456693 3332.283464566929 407.87401574803147 94.48818897637796 (Pierre
1313.3858267716535 3332.283464566929 296.06299212598424 94.48818897637796 de),
1499.2125984251968 3332.283464566929 259.84251968503935 94.48818897637796 rue
1647.244094488189 3332.283464566929 481.8897637795276 94.48818897637796 Girardet,
1981.1023622047244 3332.283464566929 148.03149606299212 94.48818897637796 1.

644.0944881889764 3420.472440944882 297.6377952755906 111.81102362204724 307.
829.9212598425197 3420.472440944882 483.46456692913387 111.81102362204724 Montigny,
1201.5748031496064 3420.472440944882 519.6850393700787 111.81102362204724 tapissier,
1611.023622047244 3420.472440944882 259.84251968503935 111.81102362204724 rue
1759.0551181102362 3420.472440944882 409.4488188976378 111.81102362204724 Callot,
2020.4724409448818 3420.472440944882 148.03149606299212 111.81102362204724 6.

640.9448818897638 3525.984251968504 318.1102362204724 107.08661417322834 308.
839.3700787401575 3525.984251968504 518.1102362204724 107.08661417322834 Montureux
1237.7952755905512 3525.984251968504 398.4251968503937 107.08661417322834 (comte
1516.5354330708662 3525.984251968504 318.1102362204724 107.08661417322834 de),
1716.5354330708662 3525.984251968504 278.74015748031496 107.08661417322834 rue
1875.5905511811025 3525.984251968504 239.37007874015748 107.08661417322834 de
1995.275590551181 3525.984251968504 398.4251968503937 107.08661417322834 Guise,
2234.6456692913384 3525.984251968504 159.0551181102362 107.08661417322834 6.

639.3700787401575 3650.3937007874015 305.51181102362204 94.48818897637796 309.
829.9212598425197 3650.3937007874015 344.88188976377955 94.48818897637796 March
1059.8425196850394 3650.3937007874015 420.4724409448819 94.48818897637796 (Mlle),
1365.3543307086613 3650.3937007874015 535.4330708661417 94.48818897637796 directrice
1785.8267716535433 3650.3937007874015 229.92125984251967 94.48818897637796 de
1900.7874015748032 3650.3937007874015 420.4724409448819 94.48818897637796 l’Ecole
2168.503937007874 3650.3937007874015 344.88188976377955 94.48818897637796 normale

896.0629921259842 3721.259842519685 662.992125984252 157.48031496062993 d’institutrices,
1426.7716535433071 3721.259842519685 398.4251968503937 157.48031496062993 Maxéville.
