3166.9291338582675 4974.8031496062995
1125.984251968504 741.7322834645669 303.93700787401576 152.75590551181102 —
1247.244094488189 741.7322834645669 363.7795275590551 152.75590551181102 33
1368.5039370078741 741.7322834645669 182.6771653543307 152.75590551181102 —

625.1968503937007 883.4645669291339 374.8031496062992 127.55905511811024 BRUNET
888.1889763779527 883.4645669291339 488.18897637795277 127.55905511811024 (Eugène),
1262.992125984252 883.4645669291339 338.5826771653543 127.55905511811024 élève
1488.1889763779527 883.4645669291339 225.1968503937008 127.55905511811024 de
1601.5748031496064 883.4645669291339 412.59842519685037 127.55905511811024 Defaux,
1902.3622047244094 883.4645669291339 225.1968503937008 127.55905511811024 né
2014.1732283464567 883.4645669291339 187.4015748031496 127.55905511811024 à
2051.968503937008 883.4645669291339 225.1968503937008 127.55905511811024 Sar-

711.8110236220473 993.7007874015748 307.0866141732283 105.51181102362204 celles
897.6377952755905 993.7007874015748 552.7559055118111 105.51181102362204 (Seine

713.3858267716536 1083.4645669291338 343.3070866141732 132.28346456692913 Paris,
977.9527559055118 1083.4645669291338 185.82677165354332 132.28346456692913 59,
1083.4645669291338 1083.4645669291338 185.82677165354332 132.28346456692913 rue
1163.7795275590552 1083.4645669291338 475.59055118110234 132.28346456692913 d’Amsterdam

411.0236220472441 1223.6220472440946 207.8740157480315 127.55905511811024 76
514.9606299212599 1223.6220472440946 173.22834645669292 127.55905511811024 —
584.2519685039371 1223.6220472440946 207.8740157480315 127.55905511811024 Un
688.1889763779527 1223.6220472440946 277.1653543307087 127.55905511811024 coin
861.4173228346457 1223.6220472440946 207.8740157480315 127.55905511811024 de
965.3543307086615 1223.6220472440946 381.1023622047244 127.55905511811024 marais,
1242.5196850393702 1223.6220472440946 173.22834645669292 127.55905511811024 à
1310.236220472441 1223.6220472440946 311.81102362204723 127.55905511811024 Episy
1483.4645669291338 1223.6220472440946 658.2677165354331 127.55905511811024 (Seine

400.0 1307.0866141732283 288.18897637795277 121.25984251968504 77
544.8818897637796 1307.0866141732283 240.9448818897638 121.25984251968504 —
640.9448818897638 1307.0866141732283 576.3779527559055 121.25984251968504 L’Ecluse
1074.015748031496 1307.0866141732283 288.18897637795277 121.25984251968504 du
1217.3228346456692 1307.0866141732283 480.31496062992125 121.25984251968504 canal,
1505.5118110236222 1307.0866141732283 240.9448818897638 121.25984251968504 id.

634.6456692913385 1456.6929133858268 404.7244094488189 155.90551181102362 BRUNET
918.1102362204724 1456.6929133858268 322.8346456692913 155.90551181102362 (Mme
1080.3149606299212 1456.6929133858268 404.7244094488189 155.90551181102362 Sophie).

729.1338582677165 1588.976377952756 343.3070866141732 151.1811023622047 Paris,
993.7007874015748 1588.976377952756 184.251968503937 151.1811023622047 59,
1099.2125984251968 1588.976377952756 184.251968503937 151.1811023622047 rue
1177.9527559055118 1588.976377952756 474.01574803149606 151.1811023622047 d’Amsterdam

425.1968503937008 1718.1102362204724 217.3228346456693 111.81102362204724 78
533.8582677165355 1718.1102362204724 181.10236220472441 111.81102362204724 —
606.2992125984252 1718.1102362204724 362.20472440944883 111.81102362204724 Fleurs
858.2677165354331 1718.1102362204724 217.3228346456693 111.81102362204724 de
930.7086614173228 1718.1102362204724 253.54330708661416 111.81102362204724 Nice.

414.1732283464567 1804.724409448819 247.24409448818898 110.23622047244095 79
537.007874015748 1804.724409448819 206.29921259842519 110.23622047244095 —
579.5275590551181 1804.724409448819 329.13385826771656 110.23622047244095 Roses.

655.1181102362204 1996.8503937007874 363.7795275590551 111.81102362204724 BUFFET
910.2362204724409 1996.8503937007874 327.5590551181102 111.81102362204724 (Mlle
1127.5590551181103 1996.8503937007874 436.2204724409449 111.81102362204724 Jeanne),
1455.1181102362204 1996.8503937007874 327.5590551181102 111.81102362204724 élève
1674.015748031496 1996.8503937007874 218.89763779527559 111.81102362204724 de
1782.6771653543308 1996.8503937007874 400.0 111.81102362204724 Carolus
2037.7952755905512 1996.8503937007874 255.11811023622047 111.81102362204724 Duran

729.1338582677165 2094.488188976378 200.0 102.36220472440945 et
828.3464566929134 2094.488188976378 366.92913385826773 102.36220472440945 Henner,
1096.0629921259842 2094.488188976378 233.0708661417323 102.36220472440945 née
1228.3464566929133 2094.488188976378 166.9291338582677 102.36220472440945 à
1262.992125984252 2094.488188976378 266.1417322834646 102.36220472440945 Paris.

741.7322834645669 2176.3779527559054 348.0314960629921 146.45669291338584 Paris,
1009.4488188976378 2176.3779527559054 187.4015748031496 146.45669291338584 46,
1116.5354330708662 2176.3779527559054 214.17322834645668 146.45669291338584 quai
1250.3937007874015 2176.3779527559054 240.9448818897638 146.45669291338584 Henri
1384.251968503937 2176.3779527559054 214.17322834645668 146.45669291338584 IV

431.496062992126 2329.1338582677167 207.8740157480315 116.53543307086615 80
535.4330708661417 2329.1338582677167 173.22834645669292 116.53543307086615 —
604.7244094488188 2329.1338582677167 417.3228346456693 116.53543307086615 Portrait
918.1102362204724 2329.1338582677167 207.8740157480315 116.53543307086615 de
1022.0472440944882 2329.1338582677167 277.1653543307087 116.53543307086615 Mlle
1195.275590551181 2329.1338582677167 486.61417322834643 116.53543307086615 Marguerite
1543.3070866141732 2329.1338582677167 138.58267716535434 116.53543307086615 B.

703.9370078740158 2516.535433070866 425.1968503937008 88.18897637795276 BUSSIÈRE
1022.0472440944882 2516.535433070866 459.84251968503935 88.18897637795276 (Ernest),
1376.3779527559054 2516.535433070866 318.1102362204724 88.18897637795276 élève
1587.4015748031495 2516.535433070866 212.5984251968504 88.18897637795276 de
1694.4881889763778 2516.535433070866 354.3307086614173 88.18897637795276 Pêtre,
1941.732283464567 2516.535433070866 354.3307086614173 88.18897637795276 Dumont
2154.3307086614172 2516.535433070866 141.73228346456693 88.18897637795276 et

774.8031496062993 2595.2755905511813 384.251968503937 107.08661417322834 Thomas,
1053.5433070866143 2595.2755905511813 209.4488188976378 107.08661417322834 né
1159.0551181102362 2595.2755905511813 174.8031496062992 107.08661417322834 à
1193.7007874015749 2595.2755905511813 628.3464566929134 107.08661417322834 Ars

716.5354330708661 2680.314960629921 338.5826771653543 143.30708661417322 Nancy,
977.9527559055118 2680.314960629921 182.6771653543307 143.30708661417322 59,
1081.8897637795276 2680.314960629921 311.81102362204723 143.30708661417322 faubourg
1289.763779527559 2680.314960629921 417.3228346456693 143.30708661417322 Stanislas

436.2204724409449 2811.0236220472443 226.77165354330708 110.23622047244095 81
549.6062992125984 2811.0236220472443 188.9763779527559 110.23622047244095 —
625.1968503937007 2811.0236220472443 340.15748031496065 110.23622047244095 Buste
851.9685039370079 2811.0236220472443 226.77165354330708 110.23622047244095 de
966.9291338582677 2811.0236220472443 226.77165354330708 110.23622047244095 M.
1080.3149606299212 2811.0236220472443 226.77165354330708 110.23622047244095 P.
1155.9055118110236 2811.0236220472443 151.1811023622047 110.23622047244095 T.

434.6456692913386 2899.212598425197 236.2204724409449 113.38582677165354 82
552.7559055118111 2899.212598425197 196.8503937007874 113.38582677165354 —
631.496062992126 2899.212598425197 510.23622047244095 113.38582677165354 Médaillon
1023.6220472440945 2899.212598425197 236.2204724409449 113.38582677165354 de
1141.732283464567 2899.212598425197 275.59055118110234 113.38582677165354 Mme
1259.8425196850394 2899.212598425197 157.48031496062993 113.38582677165354 T.

604.7244094488188 3074.015748031496 570.0787401574803 129.13385826771653 CALDERON.

444.09448818897636 3207.8740157480315 231.49606299212599 155.90551181102362 83
560.6299212598425 3207.8740157480315 193.70078740157481 155.90551181102362 —
637.7952755905512 3207.8740157480315 270.86614173228344 155.90551181102362 Vue
792.1259842519685 3207.8740157480315 231.49606299212599 155.90551181102362 de
869.2913385826772 3207.8740157480315 348.0314960629921 155.90551181102362 Venise.

675.5905511811023 3429.9212598425197 363.7795275590551 129.13385826771653 CALVÈS
930.7086614173228 3429.9212598425197 291.33858267716533 129.13385826771653 (G),
1113.3858267716535 3429.9212598425197 327.5590551181102 129.13385826771653 élève
1330.708661417323 3429.9212598425197 218.89763779527559 129.13385826771653 de
1440.9448818897638 3429.9212598425197 437.79527559055117 129.13385826771653 Daubigny
1768.5039370078741 3429.9212598425197 218.89763779527559 129.13385826771653 et
1877.1653543307086 3429.9212598425197 363.7795275590551 129.13385826771653 Guille
2096.0629921259842 3429.9212598425197 218.89763779527559 129.13385826771653 met,

757.4803149606299 3522.834645669291 195.2755905511811 108.66141732283465 né
855.1181102362204 3522.834645669291 163.7795275590551 108.66141732283465 à
888.1889763779527 3522.834645669291 261.4173228346457 108.66141732283465 Paris.

765.3543307086615 3609.448818897638 344.88188976377955 149.60629921259843 Paris,
1031.4960629921259 3609.448818897638 185.82677165354332 149.60629921259843 44,
1137.007874015748 3609.448818897638 185.82677165354332 149.60629921259843 rue
1242.5196850393702 3609.448818897638 159.0551181102362 149.60629921259843 de
1322.8346456692914 3609.448818897638 159.0551181102362 149.60629921259843 la
1401.5748031496064 3609.448818897638 212.5984251968504 149.60629921259843 Tour
1508.6614173228347 3609.448818897638 450.3937007874016 149.60629921259843 d’Auvergne

456.6929133858268 3737.0078740157483 209.4488188976378 113.38582677165354 84
560.6299212598425 3737.0078740157483 174.8031496062992 113.38582677165354 —
631.496062992126 3737.0078740157483 280.31496062992125 113.38582677165354 Dans
806.2992125984252 3737.0078740157483 209.4488188976378 113.38582677165354 la
877.1653543307086 3737.0078740157483 349.6062992125984 113.38582677165354 prairie.

453.54330708661416 3820.472440944882 223.6220472440945 122.83464566929133 85
565.3543307086615 3820.472440944882 185.82677165354332 122.83464566929133 —
639.3700787401575 3820.472440944882 297.6377952755906 122.83464566929133 Chez
825.1968503937007 3820.472440944882 223.6220472440945 122.83464566929133 le
900.7874015748032 3820.472440944882 409.4488188976378 122.83464566929133 maréchal.

2007.8740157480315 3929.1338582677167 155.90551181102362 103.93700787401575 3
