3258.267716535433 4940.157480314961
1566.9291338582677 700.7874015748032 299.21259842519686 146.45669291338584 —
1686.6141732283465 700.7874015748032 359.0551181102362 146.45669291338584 34
1806.2992125984251 700.7874015748032 179.5275590551181 146.45669291338584 —

1070.8661417322835 829.9212598425197 321.25984251968504 137.00787401574803 CANET
1285.0393700787401 829.9212598425197 499.21259842519686 137.00787401574803 (Charles),
1677.1653543307086 829.9212598425197 321.25984251968504 137.00787401574803 élève
1891.3385826771653 829.9212598425197 214.17322834645668 137.00787401574803 de
1998.4251968503936 829.9212598425197 214.17322834645668 137.00787401574803 Le
2105.511811023622 829.9212598425197 428.34645669291336 137.00787401574803 Sénéchal
2426.771653543307 829.9212598425197 214.17322834645668 137.00787401574803 de
2497.6377952755906 829.9212598425197 214.17322834645668 137.00787401574803 Ker-

1148.0314960629921 946.4566929133858 387.40157480314963 119.68503937007874 dréoreth
1437.7952755905512 946.4566929133858 193.70078740157481 119.68503937007874 et
1533.8582677165355 946.4566929133858 193.70078740157481 119.68503937007874 J.
1631.4960629921259 946.4566929133858 289.76377952755905 119.68503937007874 Noël,
1823.6220472440946 946.4566929133858 193.70078740157481 119.68503937007874 né
1921.259842519685 946.4566929133858 160.62992125984252 119.68503937007874 à
1952.755905511811 946.4566929133858 258.26771653543307 119.68503937007874 Paris.

1154.3307086614172 1039.3700787401574 352.755905511811 146.45669291338584 Paris,
1425.1968503937007 1039.3700787401574 190.5511811023622 146.45669291338584 16,
1533.8582677165355 1039.3700787401574 190.5511811023622 146.45669291338584 rue
1644.0944881889764 1039.3700787401574 163.7795275590551 146.45669291338584 de
1724.4094488188975 1039.3700787401574 163.7795275590551 146.45669291338584 la
1806.2992125984251 1039.3700787401574 272.4409448818898 146.45669291338584 Grande
1970.0787401574803 1039.3700787401574 434.6456692913386 146.45669291338584 Chaumière

840.9448818897638 1181.1023622047244 217.3228346456693 170.07874015748033 86
949.6062992125984 1181.1023622047244 181.10236220472441 170.07874015748033 —
1022.0472440944882 1181.1023622047244 217.3228346456693 170.07874015748033 La
1130.708661417323 1181.1023622047244 362.20472440944883 170.07874015748033 Loire,
1385.8267716535433 1181.1023622047244 181.10236220472441 170.07874015748033 à
1422.0472440944882 1181.1023622047244 325.98425196850394 170.07874015748033 Nantes.

1067.716535433071 1433.0708661417323 341.73228346456693 110.23622047244095 CASSÉI
1307.0866141732283 1433.0708661417323 409.4488188976378 110.23622047244095 (Henri),
1615.748031496063 1433.0708661417323 307.0866141732283 110.23622047244095 élève
1820.4724409448818 1433.0708661417323 204.7244094488189 110.23622047244095 de
1922.8346456692914 1433.0708661417323 376.37795275590554 110.23622047244095 l’Ecole
2195.2755905511813 1433.0708661417323 239.37007874015748 110.23622047244095 des
2299.212598425197 1433.0708661417323 409.4488188976378 110.23622047244095 beaux

1141.732283464567 1511.8110236220473 217.3228346456693 107.08661417322834 de
1250.3937007874015 1511.8110236220473 362.20472440944883 107.08661417322834 Nancy,
1503.9370078740158 1511.8110236220473 217.3228346456693 107.08661417322834 né
1612.5984251968505 1511.8110236220473 181.10236220472441 107.08661417322834 à
1648.8188976377953 1511.8110236220473 289.76377952755905 107.08661417322834 Nancy.

1152.755905511811 1606.2992125984251 332.2834645669291 121.25984251968504 Nancy,
1407.8740157480315 1606.2992125984251 179.5275590551181 121.25984251968504 15,
1510.236220472441 1606.2992125984251 179.5275590551181 121.25984251968504 rue
1612.5984251968505 1606.2992125984251 152.75590551181102 121.25984251968504 de
1662.992125984252 1606.2992125984251 434.6456692913386 121.25984251968504 Malzéville

839.3700787401575 1741.732283464567 220.4724409448819 137.00787401574803 87
949.6062992125984 1741.732283464567 184.251968503937 137.00787401574803 —
1022.0472440944882 1741.732283464567 440.9448818897638 137.00787401574803 Portrait
1352.755905511811 1741.732283464567 220.4724409448819 137.00787401574803 de
1462.992125984252 1741.732283464567 256.6929133858268 137.00787401574803 mon
1573.2283464566929 1741.732283464567 294.48818897637796 137.00787401574803 neveu.

1066.1417322834645 1968.5039370078741 521.2598425196851 113.38582677165354 CHABELLARD
1477.1653543307086 1968.5039370078741 447.244094488189 113.38582677165354 (André),
1812.5984251968505 1968.5039370078741 335.43307086614175 113.38582677165354 élève
2036.2204724409448 1968.5039370078741 223.6220472440945 113.38582677165354 de
2148.031496062992 1968.5039370078741 223.6220472440945 113.38582677165354 J.
2259.8425196850394 1968.5039370078741 447.244094488189 113.38582677165354 Lefebvre
2557.48031496063 1968.5039370078741 149.60629921259843 113.38582677165354 et

1143.3070866141732 2077.165354330709 209.4488188976378 110.23622047244095 B.
1247.244094488189 2077.165354330709 453.54330708661416 110.23622047244095 Constant,
1596.8503937007874 2077.165354330709 209.4488188976378 110.23622047244095 né
1700.7874015748032 2077.165354330709 174.8031496062992 110.23622047244095 à
1735.4330708661416 2077.165354330709 384.251968503937 110.23622047244095 Bordeaux.

1154.3307086614172 2185.8267716535433 335.43307086614175 110.23622047244095 Paris,
1412.5984251968505 2185.8267716535433 181.10236220472441 110.23622047244095 13,
1514.9606299212599 2185.8267716535433 181.10236220472441 110.23622047244095 rue
1618.8976377952756 2185.8267716535433 154.33070866141733 110.23622047244095 de
1670.8661417322835 2185.8267716535433 387.40157480314963 110.23622047244095 Ravignan

833.0708661417323 2300.787401574803 233.0708661417323 113.38582677165354 88
949.6062992125984 2300.787401574803 193.70078740157481 113.38582677165354 —
988.9763779527559 2300.787401574803 541.7322834645669 113.38582677165354 Confidences.

834.6456692913385 2403.149606299213 226.77165354330708 100.78740157480316 89
948.0314960629921 2403.149606299213 188.9763779527559 100.78740157480316 —
1023.6220472440945 2403.149606299213 226.77165354330708 100.78740157480316 Le
1137.007874015748 2403.149606299213 379.5275590551181 100.78740157480316 marché
1403.1496062992126 2403.149606299213 264.56692913385825 100.78740157480316 aux
1554.3307086614172 2403.149606299213 379.5275590551181 100.78740157480316 pommes
1818.8976377952756 2403.149606299213 188.9763779527559 100.78740157480316 à
1858.267716535433 2403.149606299213 302.3622047244094 100.78740157480316 Paris.

1061.4173228346456 2645.6692913385828 382.6771653543307 111.81102362204724 CHABOT
1329.1338582677165 2645.6692913385828 382.6771653543307 111.81102362204724 (Jules
1595.275590551181 2645.6692913385828 305.51181102362204 111.81102362204724 de),
1787.4015748031495 2645.6692913385828 343.3070866141732 111.81102362204724 élève
2015.748031496063 2645.6692913385828 229.92125984251967 111.81102362204724 de
2130.7086614173227 2645.6692913385828 496.06299212598424 111.81102362204724 Balouzet,
2513.3858267716537 2645.6692913385828 229.92125984251967 111.81102362204724 né
2588.9763779527557 2645.6692913385828 114.96062992125984 111.81102362204724 à

1102.3622047244094 2743.3070866141734 670.8661417322835 110.23622047244095 Nogent

1155.9055118110236 2850.3937007874015 359.0551181102362 113.38582677165354 Verdun,
1437.7952755905512 2850.3937007874015 179.5275590551181 113.38582677165354 10,
1540.1574803149606 2850.3937007874015 229.92125984251967 113.38582677165354 place
1667.716535433071 2850.3937007874015 359.0551181102362 113.38582677165354 d’Armes

831.496062992126 2982.6771653543306 223.6220472440945 119.68503937007874 90
943.3070866141733 2982.6771653543306 185.82677165354332 119.68503937007874 —
1018.8976377952756 2982.6771653543306 335.43307086614175 119.68503937007874 Bords
1242.5196850393702 2982.6771653543306 223.6220472440945 119.68503937007874 de
1354.3307086614172 2982.6771653543306 223.6220472440945 119.68503937007874 la
1428.3464566929133 2982.6771653543306 299.21259842519686 119.68503937007874 Meuse.

1056.6929133858268 3209.448818897638 590.5511811023622 111.81102362204724 CHARBONNIER
1529.1338582677165 3209.448818897638 511.81102362204723 111.81102362204724 (Ernest),
1921.259842519685 3209.448818897638 354.3307086614173 111.81102362204724 élève
2157.48031496063 3209.448818897638 236.2204724409449 111.81102362204724 de
2275.5905511811025 3209.448818897638 433.07086614173227 111.81102362204724 Cabanel
2551.181102362205 3209.448818897638 157.48031496062993 111.81102362204724 et

1138.5826771653544 3313.3858267716537 398.4251968503937 105.51181102362204 Sellier,
1436.2204724409448 3313.3858267716537 198.4251968503937 105.51181102362204 né
1537.007874015748 3313.3858267716537 165.35433070866142 105.51181102362204 à
1570.0787401574803 3313.3858267716537 264.56692913385825 105.51181102362204 Nancy.

1143.3070866141732 3412.5984251968503 332.2834645669291 129.13385826771653 Nancy,
1398.4251968503936 3412.5984251968503 179.5275590551181 129.13385826771653 21,
1500.7874015748032 3412.5984251968503 179.5275590551181 129.13385826771653 rue
1604.724409448819 3412.5984251968503 154.33070866141733 129.13385826771653 de
1655.1181102362204 3412.5984251968503 281.8897637795276 129.13385826771653 Metz

822.0472440944882 3533.8582677165355 250.39370078740157 127.55905511811024 91
948.0314960629921 3533.8582677165355 209.4488188976378 127.55905511811024 —
990.5511811023622 3533.8582677165355 333.8582677165354 127.55905511811024 Repos.

829.9212598425197 3620.472440944882 218.89763779527559 133.85826771653544 92
938.5826771653543 3620.472440944882 182.6771653543307 133.85826771653544 —
1011.0236220472441 3620.472440944882 327.5590551181102 133.85826771653544 Place
1229.9212598425197 3620.472440944882 218.89763779527559 133.85826771653544 du
1338.5826771653544 3620.472440944882 472.4409448818898 133.85826771653544 Couchant,
1703.9370078740158 3620.472440944882 182.6771653543307 133.85826771653544 à
1740.1574803149606 3620.472440944882 400.0 133.85826771653544 Liverdun.

823.6220472440945 3711.8110236220473 250.39370078740157 99.21259842519684 93
948.0314960629921 3711.8110236220473 207.8740157480315 99.21259842519684 —
1031.4960629921259 3711.8110236220473 291.33858267716533 99.21259842519684 Rue
1198.4251968503936 3711.8110236220473 250.39370078740157 99.21259842519684 du
1322.8346456692914 3711.8110236220473 333.8582677165354 99.21259842519684 beau
1530.708661417323 3711.8110236220473 374.8031496062992 99.21259842519684 Jour,
1740.1574803149606 3711.8110236220473 207.8740157480315 99.21259842519684 id.

834.6456692913385 3795.2755905511813 201.5748031496063 103.93700787401575 94
935.4330708661417 3795.2755905511813 168.50393700787401 103.93700787401575 —
1003.1496062992126 3795.2755905511813 437.79527559055117 103.93700787401575 Education
1340.1574803149606 3795.2755905511813 201.5748031496063 103.93700787401575 de
1440.9448818897638 3795.2755905511813 201.5748031496063 103.93700787401575 la
1541.732283464567 3795.2755905511813 337.00787401574803 103.93700787401575 Vierge
1744.8818897637796 3795.2755905511813 437.79527559055117 103.93700787401575 (esquisse).
