3296.0629921259842 4965.354330708661
1559.0551181102362 669.2913385826772 296.06299212598424 100.78740157480316 —
1617.3228346456692 669.2913385826772 236.2204724409449 100.78740157480316 42

1091.3385826771653 782.6771653543307 485.03937007874015 103.93700787401575 DESCELLES
1464.5669291338584 782.6771653543307 411.0236220472441 103.93700787401575 (Raoul)
1763.7795275590552 782.6771653543307 335.43307086614175 103.93700787401575 élève
1987.4015748031495 782.6771653543307 223.6220472440945 103.93700787401575 de
2100.787401574803 782.6771653543307 411.0236220472441 103.93700787401575 Mirbeck
2398.4251968503936 782.6771653543307 223.6220472440945 103.93700787401575 et
2474.015748031496 782.6771653543307 223.6220472440945 103.93700787401575 Gra-

1173.2283464566929 877.1653543307086 262.99212598425197 114.96062992125984 tia,
1337.007874015748 877.1653543307086 196.8503937007874 114.96062992125984 né
1436.2204724409448 877.1653543307086 163.7795275590551 114.96062992125984 à
1469.291338582677 877.1653543307086 492.9133858267717 114.96062992125984 Raon

1177.9527559055118 977.9527559055118 431.496062992126 124.40944881889764 Saint-Dié,
1533.8582677165355 977.9527559055118 152.75590551181102 124.40944881889764 5,
1609.4488188976377 977.9527559055118 177.95275590551182 124.40944881889764 rue
1710.236220472441 977.9527559055118 152.75590551181102 124.40944881889764 de
1762.2047244094488 977.9527559055118 481.8897637795276 124.40944881889764 l’Orphelinat

836.2204724409448 1127.5590551181103 248.8188976377953 118.11023622047244 192
977.9527559055118 1127.5590551181103 177.95275590551182 118.11023622047244 —
1048.8188976377953 1127.5590551181103 425.1968503937008 118.11023622047244 Portrait
1366.9291338582677 1127.5590551181103 212.5984251968504 118.11023622047244 de
1474.015748031496 1127.5590551181103 212.5984251968504 118.11023622047244 M.
1579.5275590551182 1127.5590551181103 212.5984251968504 118.11023622047244 L.
1650.3937007874015 1127.5590551181103 141.73228346456693 118.11023622047244 P.

825.1968503937007 1215.748031496063 333.8582677165354 105.51181102362204 193
1015.7480314960629 1215.748031496063 239.37007874015748 105.51181102362204 —
1111.8110236220473 1215.748031496063 333.8582677165354 105.51181102362204 id.
1302.3622047244094 1215.748031496063 381.1023622047244 105.51181102362204 Mlle
1540.1574803149606 1215.748031496063 286.61417322834643 105.51181102362204 de
1636.2204724409448 1215.748031496063 190.5511811023622 105.51181102362204 L.

834.6456692913385 1292.9133858267717 269.29133858267716 102.36220472440945 194
987.4015748031496 1292.9133858267717 192.1259842519685 102.36220472440945 —
1064.5669291338584 1292.9133858267717 231.49606299212599 102.36220472440945 La
1181.1023622047244 1292.9133858267717 346.45669291338584 102.36220472440945 femme
1411.023622047244 1292.9133858267717 231.49606299212599 102.36220472440945 du
1488.1889763779527 1292.9133858267717 423.62204724409446 102.36220472440945 bûcheron.

829.9212598425197 1370.0787401574803 283.46456692913387 108.66141732283465 195
992.1259842519685 1370.0787401574803 201.5748031496063 108.66141732283465 —
1033.0708661417323 1370.0787401574803 322.8346456692913 108.66141732283465 Repos.

1094.4881889763778 1566.9291338582677 362.20472440944883 148.03149606299212 DESCH
1337.007874015748 1566.9291338582677 563.7795275590552 148.03149606299212 (Auguste),
1779.5275590551182 1566.9291338582677 362.20472440944883 148.03149606299212 élève
2020.4724409448818 1566.9291338582677 240.9448818897638 148.03149606299212 de
2140.1574803149606 1566.9291338582677 481.8897637795276 148.03149606299212 Larcher,
2502.3622047244094 1566.9291338582677 240.9448818897638 148.03149606299212 né
2582.6771653543306 1566.9291338582677 121.25984251968504 148.03149606299212 à

1168.5039370078741 1680.3149606299212 190.5511811023622 96.06299212598425 à
1206.2992125984251 1680.3149606299212 303.93700787401576 96.06299212598425 Nancy.

1182.6771653543308 1751.1811023622047 348.0314960629921 138.58267716535434 Nancy,
1450.3937007874015 1751.1811023622047 187.4015748031496 138.58267716535434 13,
1557.4803149606298 1751.1811023622047 348.0314960629921 138.58267716535434 boulevard
1823.6220472440946 1751.1811023622047 160.62992125984252 138.58267716535434 de
1903.9370078740158 1751.1811023622047 160.62992125984252 138.58267716535434 la
1957.4803149606298 1751.1811023622047 428.34645669291336 138.58267716535434 Pépinière

837.7952755905512 1932.283464566929 266.1417322834646 111.81102362204724 196
988.9763779527559 1932.283464566929 190.5511811023622 111.81102362204724 —
1066.1417322834645 1932.283464566929 379.5275590551181 111.81102362204724 Nature
1292.9133858267717 1932.283464566929 303.93700787401576 111.81102362204724 morte.

837.7952755905512 2022.0472440944882 251.96850393700788 108.66141732283465 197
982.6771653543307 2022.0472440944882 181.10236220472441 108.66141732283465 —
1055.1181102362204 2022.0472440944882 433.07086614173227 108.66141732283465 Portrait
1379.5275590551182 2022.0472440944882 217.3228346456693 108.66141732283465 de
1488.1889763779527 2022.0472440944882 217.3228346456693 108.66141732283465 M.
1559.0551181102362 2022.0472440944882 217.3228346456693 108.66141732283465 D...

1099.2125984251968 2226.771653543307 576.3779527559055 157.48031496062993 DESGRANGES
1551.1811023622047 2226.771653543307 494.48818897637796 157.48031496062993 (Félix),
1922.8346456692914 2226.771653543307 370.0787401574803 157.48031496062993 élève
2168.503937007874 2226.771653543307 247.24409448818898 157.48031496062993 de
2292.9133858267714 2226.771653543307 411.0236220472441 157.48031496062993 Gérôme
2538.582677165354 2226.771653543307 165.35433070866142 157.48031496062993 et

1177.9527559055118 2327.5590551181103 423.62204724409446 105.51181102362204 Vierling,
1503.9370078740158 2327.5590551181103 195.2755905511811 105.51181102362204 né
1601.5748031496064 2327.5590551181103 162.20472440944883 105.51181102362204 à
1634.6456692913387 2327.5590551181103 259.84251968503935 105.51181102362204 Paris.

1185.8267716535433 2426.771653543307 349.6062992125984 121.25984251968504 Paris,
1455.1181102362204 2426.771653543307 188.9763779527559 121.25984251968504 15,
1562.2047244094488 2426.771653543307 188.9763779527559 121.25984251968504 rue
1644.0944881889764 2426.771653543307 645.6692913385826 121.25984251968504 Campagne

844.0944881889764 2554.3307086614172 239.37007874015748 105.51181102362204 198
981.1023622047244 2554.3307086614172 171.6535433070866 105.51181102362204 .
1050.3937007874015 2554.3307086614172 480.31496062992125 105.51181102362204 Braconnier
1426.7716535433071 2554.3307086614172 514.9606299212599 105.51181102362204 dépouillant
1839.3700787401574 2554.3307086614172 206.29921259842519 105.51181102362204 un
1907.0866141732283 2554.3307086614172 308.66141732283467 105.51181102362204 lièvre.

1103.9370078740158 2815.748031496063 434.6456692913386 105.51181102362204 DESLIENS
1429.9212598425197 2815.748031496063 325.98425196850394 105.51181102362204 (Mlle
1647.244094488189 2815.748031496063 434.6456692913386 105.51181102362204 Cécile),
1974.8031496062993 2815.748031496063 325.98425196850394 105.51181102362204 élève
2192.1259842519685 2815.748031496063 217.3228346456693 105.51181102362204 de
2264.566929133858 2815.748031496063 434.6456692913386 105.51181102362204 Desgoffes,

1179.5275590551182 2896.0629921259842 346.45669291338584 118.11023622047244 Gérôme
1422.0472440944882 2896.0629921259842 207.8740157480315 118.11023622047244 et
1525.984251968504 2896.0629921259842 415.748031496063 118.11023622047244 Galland,
1836.2204724409448 2896.0629921259842 242.51968503937007 118.11023622047244 née
1974.8031496062993 2896.0629921259842 173.22834645669292 118.11023622047244 à
2009.4488188976377 2896.0629921259842 277.1653543307087 118.11023622047244 Paris.

1188.976377952756 2974.803149606299 325.98425196850394 124.40944881889764 Paris,
1439.3700787401574 2974.803149606299 151.1811023622047 124.40944881889764 7,
1514.9606299212599 2974.803149606299 176.3779527559055 124.40944881889764 rue
1615.748031496063 2974.803149606299 151.1811023622047 124.40944881889764 de
1666.1417322834645 2974.803149606299 401.5748031496063 124.40944881889764 Vaugirard

844.0944881889764 3105.511811023622 250.39370078740157 110.23622047244095 199
987.4015748031496 3105.511811023622 177.95275590551182 110.23622047244095 —
1058.267716535433 3105.511811023622 428.34645669291336 110.23622047244095 Portrait
1379.5275590551182 3105.511811023622 214.17322834645668 110.23622047244095 de
1486.6141732283465 3105.511811023622 250.39370078740157 110.23622047244095 Mme
1593.7007874015749 3105.511811023622 214.17322834645668 110.23622047244095 Z...

840.9448818897638 3193.700787401575 255.11811023622047 97.63779527559055 200
985.8267716535433 3193.700787401575 182.6771653543307 97.63779527559055 —
1022.0472440944882 3193.700787401575 510.23622047244095 97.63779527559055 Qu’y

1105.5118110236222 3409.448818897638 407.87401574803147 107.08661417322834 DEVANEL
1403.1496062992126 3409.448818897638 445.6692913385827 107.08661417322834 (Jules),
1737.007874015748 3409.448818897638 222.04724409448818 107.08661417322834 né
1847.244094488189 3409.448818897638 185.82677165354332 107.08661417322834 à
1885.0393700787401 3409.448818897638 333.8582677165354 107.08661417322834 Nantes.

1190.5511811023623 3514.9606299212596 337.00787401574803 129.13385826771653 Paris,
1448.8188976377953 3514.9606299212596 181.10236220472441 129.13385826771653 63,
1552.755905511811 3514.9606299212596 181.10236220472441 129.13385826771653 rue
1631.4960629921259 3514.9606299212596 544.8818897637796 129.13385826771653 Claude

845.6692913385826 3634.6456692913384 248.8188976377953 121.25984251968504 201
987.4015748031496 3634.6456692913384 177.95275590551182 121.25984251968504 —
1058.267716535433 3634.6456692913384 212.5984251968504 121.25984251968504 La
1163.7795275590552 3634.6456692913384 425.1968503937008 121.25984251968504 campagne
1483.4645669291338 3634.6456692913384 177.95275590551182 121.25984251968504 à
1518.1102362204724 3634.6456692913384 708.6614173228346 121.25984251968504 Briis

840.9448818897638 3732.283464566929 277.1653543307087 97.63779527559055 202
998.4251968503937 3732.283464566929 198.4251968503937 97.63779527559055 —
1037.7952755905512 3732.283464566929 514.9606299212599 97.63779527559055 Concarneau.
