3100.787401574803 4933.858267716535
1212.5984251968505 661.4173228346457 299.21259842519686 173.22834645669292 —
1332.283464566929 661.4173228346457 359.0551181102362 173.22834645669292 51
1451.9685039370079 661.4173228346457 179.5275590551181 173.22834645669292 —

751.1811023622047 798.4251968503937 467.7165354330709 135.43307086614172 GRINGOIRE
1111.8110236220473 798.4251968503937 574.8031496062993 135.43307086614172 (Pierrette),
1579.5275590551182 798.4251968503937 251.96850393700788 135.43307086614172 née
1722.8346456692914 798.4251968503937 179.5275590551181 135.43307086614172 à
1795.275590551181 798.4251968503937 359.0551181102362 135.43307086614172 Paris,
2045.6692913385828 798.4251968503937 324.40944881889766 135.43307086614172 élève
2226.771653543307 798.4251968503937 143.30708661417322 135.43307086614172 de

787.4015748031496 908.6614173228346 359.0551181102362 124.40944881889764 Munier
1039.3700787401574 908.6614173228346 215.748031496063 124.40944881889764 et
1110.236220472441 908.6614173228346 286.61417322834643 124.40944881889764 Tanze.

875.5905511811023 1017.3228346456693 337.00787401574803 138.58267716535434 Paris,
1133.8582677165355 1017.3228346456693 181.10236220472441 138.58267716535434 36,
1237.7952755905512 1017.3228346456693 259.84251968503935 138.58267716535434 Avenue
1393.7007874015749 1017.3228346456693 311.81102362204723 138.58267716535434 Hoche

489.76377952755905 1179.5275590551182 270.86614173228344 116.53543307086615 306
645.6692913385826 1179.5275590551182 193.70078740157481 116.53543307086615 —
683.4645669291339 1179.5275590551182 387.40157480314963 116.53543307086615 Martyre.

489.76377952755905 1275.5905511811025 267.7165354330709 122.83464566929133 307
642.5196850393701 1275.5905511811025 192.1259842519685 122.83464566929133 —
680.3149606299213 1275.5905511811025 344.88188976377955 122.83464566929133 Sainte.

755.9055118110236 1582.6771653543308 403.1496062992126 99.21259842519684 GROBON
1039.3700787401574 1582.6771653543308 606.2992125984252 99.21259842519684 (François),
1524.4094488188975 1582.6771653543308 363.7795275590551 99.21259842519684 élève
1765.3543307086613 1582.6771653543308 242.51968503937007 99.21259842519684 de
1886.6141732283465 1582.6771653543308 444.09448818897636 99.21259842519684 l’Ecole
2170.0787401574803 1582.6771653543308 201.5748031496063 99.21259842519684 des

837.7952755905512 1681.8897637795276 497.6377952755906 96.06299212598425 Beaux-Arts
1229.9212598425197 1681.8897637795276 214.17322834645668 96.06299212598425 de
1337.007874015748 1681.8897637795276 319.68503937007875 96.06299212598425 Lyon,
1549.6062992125985 1681.8897637795276 214.17322834645668 96.06299212598425 de
1656.6929133858268 1681.8897637795276 462.99212598425197 96.06299212598425 Bonnefond
2012.5984251968505 1681.8897637795276 214.17322834645668 96.06299212598425 et
2119.685039370079 1681.8897637795276 214.17322834645668 96.06299212598425 de
2190.551181102362 1681.8897637795276 177.95275590551182 96.06299212598425 Or-

836.2204724409448 1754.3307086614172 267.7165354330709 110.23622047244095 sel,
1003.1496062992126 1754.3307086614172 201.5748031496063 110.23622047244095 né
1103.9370078740158 1754.3307086614172 166.9291338582677 110.23622047244095 à
1137.007874015748 1754.3307086614172 234.64566929133858 110.23622047244095 Lyon.

848.8188976377953 1872.4409448818897 327.5590551181102 113.38582677165354 Paris,
1100.7874015748032 1872.4409448818897 151.1811023622047 113.38582677165354 5,
1176.3779527559054 1872.4409448818897 176.3779527559055 113.38582677165354 rue
1277.1653543307086 1872.4409448818897 176.3779527559055 113.38582677165354 des
1351.1811023622047 1872.4409448818897 377.9527559055118 113.38582677165354 Camélias

508.66141732283467 2012.5984251968505 240.9448818897638 122.83464566929133 308
647.2440944881889 2012.5984251968505 173.22834645669292 122.83464566929133 —
716.5354330708661 2012.5984251968505 207.8740157480315 122.83464566929133 La
818.8976377952756 2012.5984251968505 310.23622047244095 122.83464566929133 Seine
1026.7716535433071 2012.5984251968505 240.9448818897638 122.83464566929133 est
1130.708661417323 2012.5984251968505 275.59055118110234 122.83464566929133 prise.

510.23622047244095 2105.511811023622 247.24409448818898 125.98425196850394 309
650.3937007874016 2105.511811023622 176.3779527559055 125.98425196850394 —
721.2598425196851 2105.511811023622 459.84251968503935 125.98425196850394 Intérieur
1075.5905511811025 2105.511811023622 388.9763779527559 125.98425196850394 normand
1357.4803149606298 2105.511811023622 212.5984251968504 125.98425196850394 au
1464.5669291338584 2105.511811023622 388.9763779527559 125.98425196850394 village
1746.4566929133857 2105.511811023622 212.5984251968504 125.98425196850394 de
1817.3228346456692 2105.511811023622 283.46456692913387 125.98425196850394 Gonvi.

510.23622047244095 2196.850393700787 247.24409448818898 99.21259842519684 310
650.3937007874016 2196.850393700787 176.3779527559055 99.21259842519684 —
721.2598425196851 2196.850393700787 212.5984251968504 99.21259842519684 Le
826.7716535433071 2196.850393700787 388.9763779527559 99.21259842519684 chapeau
1110.236220472441 2196.850393700787 212.5984251968504 99.21259842519684 du
1181.1023622047244 2196.850393700787 423.62204724409446 99.21259842519684 jardinier.

842.5196850393701 2508.6614173228345 458.26771653543307 107.08661417322834 GUESQUIN
1185.8267716535433 2508.6614173228345 496.06299212598424 107.08661417322834 (Arthur),
1566.9291338582677 2508.6614173228345 343.3070866141732 107.08661417322834 élève
1796.8503937007874 2508.6614173228345 228.3464566929134 107.08661417322834 de
1910.236220472441 2508.6614173228345 228.3464566929134 107.08661417322834 L.
1987.4015748031495 2508.6614173228345 381.1023622047244 107.08661417322834 Thiriot,

919.6850393700787 2600.0 220.4724409448819 92.91338582677166 né
1029.9212598425197 2600.0 184.251968503937 92.91338582677166 à
1066.1417322834645 2600.0 294.48818897637796 92.91338582677166 Nancy.

933.8582677165355 2707.0866141732286 330.70866141732284 124.40944881889764 Menton
1187.4015748031495 2707.0866141732286 278.74015748031496 124.40944881889764 (iAlpes
1365.3543307086613 2707.0866141732286 431.496062992126 124.40944881889764 Maritimes)

511.81102362204723 2862.9921259842517 242.51968503937007 154.33070866141733 311
650.3937007874016 2862.9921259842517 173.22834645669292 154.33070866141733 —
719.6850393700787 2862.9921259842517 415.748031496063 154.33070866141733 Portrait
1031.4960629921259 2862.9921259842517 207.8740157480315 154.33070866141733 de
1137.007874015748 2862.9921259842517 207.8740157480315 154.33070866141733 M.
1240.9448818897638 2862.9921259842517 207.8740157480315 154.33070866141733 L.
1310.236220472441 2862.9921259842517 346.45669291338584 154.33070866141733 Thiriot.

774.8031496062993 3190.551181102362 355.90551181102364 137.00787401574803 GUIMET
1023.6220472440945 3190.551181102362 426.7716535433071 137.00787401574803 (J.-B.),
1344.8818897637796 3190.551181102362 319.68503937007875 137.00787401574803 élève
1557.4803149606298 3190.551181102362 212.5984251968504 137.00787401574803 de
1664.5669291338584 3190.551181102362 319.68503937007875 137.00787401574803 Paget
1877.1653543307086 3190.551181102362 212.5984251968504 137.00787401574803 et
1984.251968503937 3190.551181102362 212.5984251968504 137.00787401574803 L.
2055.1181102362207 3190.551181102362 319.68503937007875 137.00787401574803 Devoir,

853.5433070866142 3288.1889763779527 195.2755905511811 113.38582677165354 né
951.1811023622047 3288.1889763779527 162.20472440944883 113.38582677165354 à
1017.3228346456693 3288.1889763779527 390.5511811023622 113.38582677165354 Bourgoin
1277.1653543307086 3288.1889763779527 324.40944881889766 113.38582677165354 (Isère).

866.1417322834645 3395.2755905511813 325.98425196850394 144.88188976377953 Nancy,
1116.5354330708662 3395.2755905511813 149.60629921259843 144.88188976377953 2,
1192.1259842519685 3395.2755905511813 174.8031496062992 144.88188976377953 rue
1267.716535433071 3395.2755905511813 425.1968503937008 144.88188976377953 Grandville

521.2598425196851 3548.031496062992 248.8188976377953 137.00787401574803 312
664.5669291338583 3548.031496062992 177.95275590551182 137.00787401574803 —
735.4330708661417 3548.031496062992 248.8188976377953 137.00787401574803 Vue
878.7401574803149 3548.031496062992 214.17322834645668 137.00787401574803 de
985.8267716535433 3548.031496062992 214.17322834645668 137.00787401574803 la
1092.9133858267717 3548.031496062992 392.12598425196853 137.00787401574803 Macina,
1377.9527559055118 3548.031496062992 214.17322834645668 137.00787401574803 de
1448.8188976377953 3548.031496062992 285.03937007874015 137.00787401574803 Capri.

522.8346456692914 3659.8425196850394 245.66929133858267 92.91338582677166 313
662.992125984252 3659.8425196850394 176.3779527559055 92.91338582677166 —
733.8582677165355 3659.8425196850394 422.0472440944882 92.91338582677166 Souvenir
1050.3937007874015 3659.8425196850394 211.0236220472441 92.91338582677166 de
1155.9055118110236 3659.8425196850394 211.0236220472441 92.91338582677166 la
1225.1968503937007 3659.8425196850394 527.5590551181102 92.91338582677166 Méditerranée.

527.5590551181102 3735.433070866142 228.3464566929134 105.51181102362204 314
658.2677165354331 3735.433070866142 162.20472440944883 105.51181102362204 —
722.8346456692914 3735.433070866142 228.3464566929134 105.51181102362204 Vue
853.5433070866142 3735.433070866142 292.9133858267717 105.51181102362204 prise
1048.8188976377953 3735.433070866142 195.2755905511811 105.51181102362204 de
1146.4566929133857 3735.433070866142 292.9133858267717 105.51181102362204 l’île
1310.236220472441 3735.433070866142 357.4803149606299 105.51181102362204 d’Ischia.
