3163.779527559055 4974.8031496062995
1182.6771653543308 661.4173228346457 294.48818897637796 152.75590551181102 —
1299.2125984251968 661.4173228346457 352.755905511811 152.75590551181102 57
1417.3228346456692 661.4173228346457 176.3779527559055 152.75590551181102 —

464.56692913385825 815.7480314960629 266.1417322834646 118.11023622047244 394
615.7480314960629 815.7480314960629 188.9763779527559 118.11023622047244 —
691.3385826771654 815.7480314960629 228.3464566929134 118.11023622047244 Un
806.2992125984252 815.7480314960629 266.1417322834646 118.11023622047244 nid
957.4803149606299 815.7480314960629 228.3464566929134 118.11023622047244 en
1033.0708661417323 815.7480314960629 341.73228346456693 118.11023622047244 Egypte.

462.99212598425197 929.1338582677165 262.99212598425197 77.16535433070867 395
614.1732283464567 929.1338582677165 187.4015748031496 77.16535433070867 —
688.1889763779527 929.1338582677165 262.99212598425197 77.16535433070867 Les
839.3700787401575 929.1338582677165 450.3937007874016 77.16535433070867 colosses
1177.9527559055118 929.1338582677165 225.1968503937008 77.16535433070867 de
1251.9685039370079 929.1338582677165 338.5826771653543 77.16535433070867 Memnon.

464.56692913385825 977.9527559055118 267.7165354330709 103.93700787401575 396
617.3228346456693 977.9527559055118 190.5511811023622 103.93700787401575 —
692.9133858267717 977.9527559055118 267.7165354330709 103.93700787401575 Nid
847.2440944881889 977.9527559055118 229.92125984251967 103.93700787401575 de
922.8346456692914 977.9527559055118 382.6771653543307 103.93700787401575 mouëtte.

464.56692913385825 1051.9685039370079 267.7165354330709 105.51181102362204 397
617.3228346456693 1051.9685039370079 267.7165354330709 105.51181102362204 Les
770.0787401574803 1051.9685039370079 574.8031496062993 105.51181102362204 hirondelles
1190.5511811023623 1051.9685039370079 459.84251968503935 105.51181102362204 (automne).

464.56692913385825 1151.1811023622047 240.9448818897638 100.78740157480316 398
603.1496062992126 1151.1811023622047 171.6535433070866 100.78740157480316 —
670.8661417322835 1151.1811023622047 240.9448818897638 100.78740157480316 Les
809.4488188976378 1151.1811023622047 516.5354330708661 100.78740157480316 hirondelles
1187.4015748031495 1151.1811023622047 481.8897637795276 100.78740157480316 (printemps).

719.6850393700787 1294.4881889763778 392.12598425196853 141.73228346456693 JOYBERT
1006.2992125984252 1294.4881889763778 321.25984251968504 141.73228346456693 (Jean
1218.8976377952756 1294.4881889763778 285.03937007874015 141.73228346456693 dE),
1398.4251968503936 1294.4881889763778 321.25984251968504 141.73228346456693 élève
1612.5984251968505 1294.4881889763778 214.17322834645668 141.73228346456693 de
1719.6850393700788 1294.4881889763778 392.12598425196853 141.73228346456693 Camille
1968.5039370078741 1294.4881889763778 321.25984251968504 141.73228346456693 Martin.

814.1732283464567 1411.023622047244 325.98425196850394 121.25984251968504 Nancy,
1064.5669291338584 1411.023622047244 176.3779527559055 121.25984251968504 49,
1165.3543307086613 1411.023622047244 176.3779527559055 121.25984251968504 rue
1266.1417322834645 1411.023622047244 151.1811023622047 121.25984251968504 de
1316.5354330708662 1411.023622047244 401.5748031496063 121.25984251968504 l’Hospice

469.29133858267716 1565.3543307086613 240.9448818897638 91.33858267716535 399
606.2992125984252 1565.3543307086613 171.6535433070866 91.33858267716535 —
675.5905511811023 1565.3543307086613 206.29921259842519 91.33858267716535 Le
779.5275590551181 1565.3543307086613 343.3070866141732 91.33858267716535 désert
1020.4724409448819 1565.3543307086613 447.244094488189 91.33858267716535 (Marine),
1329.1338582677165 1565.3543307086613 618.8976377952756 91.33858267716535 Villers

447.244094488189 1628.3464566929133 355.90551181102364 110.23622047244095 400
650.3937007874016 1628.3464566929133 253.54330708661416 110.23622047244095 —
751.1811023622047 1628.3464566929133 305.51181102362204 110.23622047244095 La
903.9370078740158 1628.3464566929133 559.0551181102362 110.23622047244095 falaise
1310.236220472441 1628.3464566929133 355.90551181102364 110.23622047244095 id.
1462.992125984252 1628.3464566929133 253.54330708661416 110.23622047244095 id.

442.5196850393701 1710.236220472441 403.1496062992126 94.48818897637796 401
674.0157480314961 1710.236220472441 288.18897637795277 94.48818897637796 —
788.9763779527559 1710.236220472441 634.6456692913385 94.48818897637796 Rochers
1250.3937007874015 1710.236220472441 403.1496062992126 94.48818897637796 id.
1423.6220472440946 1710.236220472441 288.18897637795277 94.48818897637796 id.

451.9685039370079 1790.5511811023623 338.5826771653543 88.18897637795276 402
645.6692913385826 1790.5511811023623 240.9448818897638 88.18897637795276 —
741.7322834645669 1790.5511811023623 434.6456692913386 88.18897637795276 Ferme
1031.4960629921259 1790.5511811023623 628.3464566929134 88.18897637795276 normande,
1467.716535433071 1790.5511811023623 240.9448818897638 88.18897637795276 id.

440.9448818897638 1877.1653543307086 423.62204724409446 114.96062992125984 403
681.8897637795276 1877.1653543307086 302.3622047244094 114.96062992125984 —
803.1496062992126 1877.1653543307086 483.46456692913387 114.96062992125984 Sous
1105.5118110236222 1877.1653543307086 544.8818897637796 114.96062992125984 bois,
1407.8740157480315 1877.1653543307086 302.3622047244094 114.96062992125984 id.

724.4094488188977 2044.0944881889764 365.3543307086614 141.73228346456693 JULIEN
979.5275590551181 2044.0944881889764 327.5590551181102 141.73228346456693 (Mlle
1198.4251968503936 2044.0944881889764 365.3543307086614 141.73228346456693 Anna),
1453.5433070866143 2044.0944881889764 327.5590551181102 141.73228346456693 élève
1672.4409448818897 2044.0944881889764 218.89763779527559 141.73228346456693 de
1782.6771653543308 2044.0944881889764 437.79527559055117 141.73228346456693 Chaplin,
2110.236220472441 2044.0944881889764 255.11811023622047 141.73228346456693 née
2220.472440944882 2044.0944881889764 108.66141732283465 141.73228346456693 à

771.6535433070866 2155.9055118110236 264.56692913385825 83.46456692913385 Paris.

820.4724409448819 2253.5433070866143 373.2283464566929 111.81102362204724 Neuilly
1113.3858267716535 2253.5433070866143 319.68503937007875 111.81102362204724 (Seine),
1352.755905511811 2253.5433070866143 160.62992125984252 111.81102362204724 2,
1433.0708661417323 2253.5433070866143 346.45669291338584 111.81102362204724 boulevard
1672.4409448818897 2253.5433070866143 480.31496062992125 111.81102362204724 d’Inhermann

470.86614173228344 2376.3779527559054 237.79527559055117 92.91338582677166 404
607.8740157480315 2376.3779527559054 170.07874015748033 92.91338582677166 —
675.5905511811023 2376.3779527559054 270.86614173228344 92.91338582677166 Sous
845.6692913385826 2376.3779527559054 270.86614173228344 92.91338582677166 bois
1014.1732283464567 2376.3779527559054 270.86614173228344 92.91338582677166 dans
1184.251968503937 2376.3779527559054 203.1496062992126 92.91338582677166 la
1286.6141732283465 2376.3779527559054 305.51181102362204 92.91338582677166 forêt
1489.763779527559 2376.3779527559054 203.1496062992126 92.91338582677166 de
1557.4803149606298 2376.3779527559054 543.3070866141733 92.91338582677166 Fontainebleau.

469.29133858267716 2459.8425196850394 256.6929133858268 108.66141732283465 405
615.7480314960629 2459.8425196850394 182.6771653543307 108.66141732283465 —
688.1889763779527 2459.8425196850394 220.4724409448819 108.66141732283465 La
798.4251968503937 2459.8425196850394 330.70866141732284 108.66141732283465 Seine
1018.8976377952756 2459.8425196850394 182.6771653543307 108.66141732283465 à
1055.1181102362204 2459.8425196850394 366.92913385826773 108.66141732283465 Valvins.

777.9527559055118 2644.0944881889764 502.3622047244094 116.53543307086615 KAUFFMANN
1165.3543307086613 2644.0944881889764 502.3622047244094 116.53543307086615 (Victor),
1552.755905511811 2644.0944881889764 231.49606299212599 116.53543307086615 né
1667.716535433071 2644.0944881889764 193.70078740157481 116.53543307086615 à
1707.0866141732283 2644.0944881889764 270.86614173228344 116.53543307086615 Metz.

861.4173228346457 2757.48031496063 327.5590551181102 122.83464566929133 Nancy,
1113.3858267716535 2757.48031496063 176.3779527559055 122.83464566929133 40,
1214.1732283464567 2757.48031496063 176.3779527559055 122.83464566929133 rue
1314.9606299212599 2757.48031496063 151.1811023622047 122.83464566929133 de
1365.3543307086613 2757.48031496063 277.1653543307087 122.83464566929133 Metz

470.86614173228344 2856.6929133858266 261.4173228346457 137.00787401574803 406
620.4724409448819 2856.6929133858266 185.82677165354332 137.00787401574803 —
694.488188976378 2856.6929133858266 335.43307086614175 137.00787401574803 Buste
881.8897637795276 2856.6929133858266 409.4488188976378 137.00787401574803 d’enfant.

472.4409448818898 2966.9291338582675 259.84251968503935 110.23622047244095 407
620.4724409448819 2966.9291338582675 185.82677165354332 110.23622047244095 —
694.488188976378 2966.9291338582675 333.8582677165354 110.23622047244095 Buste
916.5354330708661 2966.9291338582675 222.04724409448818 110.23622047244095 de
1026.7716535433071 2966.9291338582675 370.0787401574803 110.23622047244095 femme,
1248.8188976377953 2966.9291338582675 296.06299212598424 110.23622047244095 étude.

470.86614173228344 3066.1417322834645 242.51968503937007 89.76377952755905 408
609.4488188976378 3066.1417322834645 173.22834645669292 89.76377952755905 —
678.7401574803149 3066.1417322834645 311.81102362204723 89.76377952755905 Buste
886.6141732283464 3066.1417322834645 207.8740157480315 89.76377952755905 de
992.1259842519685 3066.1417322834645 207.8740157480315 89.76377952755905 M.
1096.0629921259842 3066.1417322834645 451.9685039370079 89.76377952755905 Thiébaut,
1407.8740157480315 3066.1417322834645 729.1338582677165 89.76377952755905 peintre

741.7322834645669 3256.6929133858266 302.3622047244094 96.06299212598425 KIND
930.7086614173228 3256.6929133858266 530.7086614173228 96.06299212598425 (Auguste),
1348.0314960629921 3256.6929133858266 340.15748031496065 96.06299212598425 élève
1574.8031496062993 3256.6929133858266 226.77165354330708 96.06299212598425 de
1688.1889763779527 3256.6929133858266 264.56692913385825 96.06299212598425 Ch.
1839.3700787401574 3256.6929133858266 417.3228346456693 96.06299212598425 Thomas,
2143.3070866141734 3256.6929133858266 226.77165354330708 96.06299212598425 né
2218.8976377952754 3256.6929133858266 113.38582677165354 96.06299212598425 à

818.8976377952756 3338.582677165354 431.496062992126 133.85826771653544 Spickeren
1116.5354330708662 3338.582677165354 431.496062992126 133.85826771653544 (Lorraine).

828.3464566929134 3433.0708661417325 266.1417322834646 111.81102362204724 Nancy
1028.3464566929133 3433.0708661417325 133.85826771653544 111.81102362204724 et
1072.4409448818897 3433.0708661417325 266.1417322834646 111.81102362204724 Paris

472.4409448818898 3555.9055118110236 256.6929133858268 113.38582677165354 409
618.8976377952756 3555.9055118110236 184.251968503937 113.38582677165354 —
692.9133858267717 3555.9055118110236 366.92913385826773 113.38582677165354 Fleurs
949.6062992125984 3555.9055118110236 220.4724409448819 113.38582677165354 de
1023.6220472440945 3555.9055118110236 256.6929133858268 113.38582677165354 Nice.

470.86614173228344 3645.6692913385828 274.01574803149606 108.66141732283465 410
628.3464566929134 3645.6692913385828 195.2755905511811 108.66141732283465 —
667.7165354330708 3645.6692913385828 470.86614173228344 108.66141732283465 Capucines.

474.01574803149606 3711.8110236220473 258.26771653543307 122.83464566929133 411
620.4724409448819 3711.8110236220473 184.251968503937 122.83464566929133 —
694.488188976378 3711.8110236220473 184.251968503937 122.83464566929133 4
768.503937007874 3711.8110236220473 440.9448818897638 122.83464566929133 Panneaux
1062.992125984252 3711.8110236220473 440.9448818897638 122.83464566929133 décoratifs
