3135.433070866142 4955.905511811024
1114.9606299212599 696.0629921259842 289.76377952755905 149.60629921259843 —
1173.2283464566929 696.0629921259842 231.49606299212599 149.60629921259843 61

661.4173228346457 862.992125984252 587.4015748031496 103.93700787401575 LESCAFFETTE
1132.283464566929 862.992125984252 548.0314960629921 103.93700787401575 (Charles),
1562.2047244094488 862.992125984252 352.755905511811 103.93700787401575 élève
1798.4251968503936 862.992125984252 234.64566929133858 103.93700787401575 de
1875.5905511811025 862.992125984252 392.12598425196853 103.93700787401575 Flameng,

743.3070866141733 948.0314960629921 388.9763779527559 122.83464566929133 Ferrier,
1036.2204724409448 948.0314960629921 357.4803149606299 122.83464566929133 Bramtôt
1296.0629921259842 948.0314960629921 195.2755905511811 122.83464566929133 et
1393.7007874015749 948.0314960629921 195.2755905511811 122.83464566929133 R.
1489.763779527559 948.0314960629921 422.0472440944882 122.83464566929133 Bessière,
1814.1732283464567 948.0314960629921 195.2755905511811 122.83464566929133 né
1911.8110236220473 948.0314960629921 162.20472440944883 122.83464566929133 à
1944.8818897637796 948.0314960629921 324.40944881889766 122.83464566929133 Réchésy,

751.1811023622047 1028.3464566929133 322.8346456692913 119.68503937007874 Paris,
1000.0 1028.3464566929133 198.4251968503937 119.68503937007874 112,
1124.4094488188975 1028.3464566929133 173.22834645669292 119.68503937007874 rue
1223.6220472440946 1028.3464566929133 149.60629921259843 119.68503937007874 de
1297.6377952755906 1028.3464566929133 149.60629921259843 119.68503937007874 la
1348.0314960629921 1028.3464566929133 371.65354330708664 119.68503937007874 Chapelle

398.4251968503937 1151.1811023622047 269.29133858267716 129.13385826771653 447
551.1811023622047 1151.1811023622047 192.1259842519685 129.13385826771653 —
628.3464566929134 1151.1811023622047 385.8267716535433 129.13385826771653 Nature
859.8425196850394 1151.1811023622047 308.66141732283467 129.13385826771653 morte.

664.5669291338583 1333.8582677165355 357.4803149606299 138.58267716535434 LETSCH
914.9606299212599 1333.8582677165355 428.34645669291336 138.58267716535434 (Louis),
1236.2204724409448 1333.8582677165355 321.25984251968504 138.58267716535434 élève
1450.3937007874015 1333.8582677165355 214.17322834645668 138.58267716535434 de
1557.4803149606298 1333.8582677165355 357.4803149606299 138.58267716535434 Pierre
1806.2992125984251 1333.8582677165355 392.12598425196853 138.58267716535434 Dupuis,
2092.9133858267714 1333.8582677165355 214.17322834645668 138.58267716535434 né
2163.779527559055 1333.8582677165355 107.08661417322834 138.58267716535434 à

744.8818897637796 1440.9448818897638 368.503937007874 103.93700787401575 Bregenz
979.5275590551181 1440.9448818897638 434.6456692913386 103.93700787401575 (Autriche).

755.9055118110236 1524.4094488188975 412.59842519685037 130.70866141732284 Mulbouse,
1091.3385826771653 1524.4094488188975 335.43307086614175 130.70866141732284 Kamispfad
1349.6062992125985 1524.4094488188975 258.26771653543307 130.70866141732284 (villa
1503.9370078740158 1524.4094488188975 310.23622047244095 130.70866141732284 rose)

398.4251968503937 1656.6929133858268 283.46456692913387 110.23622047244095 448
560.6299212598425 1656.6929133858268 203.1496062992126 110.23622047244095 —
601.5748031496063 1656.6929133858268 324.40944881889766 110.23622047244095 Roses.

403.1496062992126 1760.6299212598426 239.37007874015748 107.08661417322834 449
540.1574803149606 1760.6299212598426 170.07874015748033 107.08661417322834 —
607.8740157480315 1760.6299212598426 307.0866141732283 107.08661417322834 Lilas
812.5984251968504 1760.6299212598426 204.7244094488189 107.08661417322834 et
914.9606299212599 1760.6299212598426 341.73228346456693 107.08661417322834 boules
1154.3307086614172 1760.6299212598426 204.7244094488189 107.08661417322834 de
1223.6220472440946 1760.6299212598426 272.4409448818898 107.08661417322834 neige.

667.7165354330708 1974.8031496062993 400.0 107.08661417322834 LICOURT
957.4803149606299 1974.8031496062993 400.0 107.08661417322834 (Paul),
1248.8188976377953 1974.8031496062993 327.5590551181102 107.08661417322834 élève
1466.1417322834645 1974.8031496062993 217.3228346456693 107.08661417322834 de
1576.3779527559054 1974.8031496062993 508.66141732283467 107.08661417322834 Harpignies
1974.8031496062993 1974.8031496062993 217.3228346456693 107.08661417322834 et
2048.818897637795 1974.8031496062993 217.3228346456693 107.08661417322834 Yon,

741.7322834645669 2047.244094488189 209.4488188976378 81.88976377952756 né
845.6692913385826 2047.244094488189 174.8031496062992 81.88976377952756 à
916.5354330708661 2047.244094488189 662.992125984252 81.88976377952756 Sivry-sur-Meuse
1439.3700787401574 2047.244094488189 349.6062992125984 81.88976377952756 (Meuse).

752.7559055118111 2124.4094488188975 327.5590551181102 121.25984251968504 Nancy,
1004.7244094488188 2124.4094488188975 176.3779527559055 121.25984251968504 14,
1105.5118110236222 2124.4094488188975 176.3779527559055 121.25984251968504 rue
1204.724409448819 2124.4094488188975 151.1811023622047 121.25984251968504 de
1255.1181102362204 2124.4094488188975 302.3622047244094 121.25984251968504 Guise

411.0236220472441 2237.7952755905512 244.09448818897638 165.35433070866142 450
551.1811023622047 2237.7952755905512 174.8031496062992 165.35433070866142 —
620.4724409448819 2237.7952755905512 209.4488188976378 165.35433070866142 Le
724.4094488188977 2237.7952755905512 384.251968503937 165.35433070866142 village
1004.7244094488188 2237.7952755905512 209.4488188976378 165.35433070866142 de
1108.6614173228347 2237.7952755905512 384.251968503937 165.35433070866142 Lamath,
1388.976377952756 2237.7952755905512 244.09448818897638 165.35433070866142 sur
1529.1338582677165 2237.7952755905512 209.4488188976378 165.35433070866142 la
1598.4251968503936 2237.7952755905512 384.251968503937 165.35433070866142 Mortagne.

409.4488188976378 2351.181102362205 248.8188976377953 108.66141732283465 451
552.7559055118111 2351.181102362205 177.95275590551182 108.66141732283465 —
623.6220472440945 2351.181102362205 212.5984251968504 108.66141732283465 La
729.1338582677165 2351.181102362205 390.5511811023622 108.66141732283465 rivière
1014.1732283464567 2351.181102362205 212.5984251968504 108.66141732283465 de
1085.0393700787401 2351.181102362205 390.5511811023622 108.66141732283465 Mortagne.

406.2992125984252 2431.496062992126 261.4173228346457 96.06299212598425 452
555.9055118110236 2431.496062992126 187.4015748031496 96.06299212598425 —
593.7007874015748 2431.496062992126 674.0157480314961 96.06299212598425 Sorcy

407.87401574803147 2499.212598425197 237.79527559055117 100.78740157480316 453
544.8818897637796 2499.212598425197 170.07874015748033 100.78740157480316 —
612.5984251968504 2499.212598425197 203.1496062992126 100.78740157480316 La
713.3858267716536 2499.212598425197 373.2283464566929 100.78740157480316 Scierie
985.8267716535433 2499.212598425197 203.1496062992126 100.78740157480316 de
1053.5433070866143 2499.212598425197 678.7401574803149 100.78740157480316 Pierre

406.2992125984252 2579.527559055118 242.51968503937007 97.63779527559055 454
544.8818897637796 2579.527559055118 173.22834645669292 97.63779527559055 —
614.1732283464567 2579.527559055118 311.81102362204723 97.63779527559055 Avril
822.0472440944882 2579.527559055118 311.81102362204723 97.63779527559055 (sous
996.8503937007874 2579.527559055118 277.1653543307087 97.63779527559055 bois).

404.7244094488189 2639.3700787401576 253.54330708661416 102.36220472440945 455
549.6062992125984 2639.3700787401576 181.10236220472441 102.36220472440945 —
622.0472440944882 2639.3700787401576 217.3228346456693 102.36220472440945 Le
730.7086614173228 2639.3700787401576 362.20472440944883 102.36220472440945 paquis
984.2519685039371 2639.3700787401576 217.3228346456693 102.36220472440945 de
1056.6929133858268 2639.3700787401576 688.1889763779527 102.36220472440945 Mont

404.7244094488189 2735.433070866142 250.39370078740157 99.21259842519684 456
548.0314960629921 2735.433070866142 179.5275590551181 99.21259842519684 —
620.4724409448819 2735.433070866142 214.17322834645668 99.21259842519684 La
727.5590551181102 2735.433070866142 250.39370078740157 99.21259842519684 rue
869.2913385826772 2735.433070866142 464.56692913385825 99.21259842519684 Pierrerue
1226.7716535433071 2735.433070866142 179.5275590551181 99.21259842519684 à
1262.992125984252 2735.433070866142 250.39370078740157 99.21259842519684 Void.

404.7244094488189 2806.299212598425 258.26771653543307 94.48818897637796 457
551.1811023622047 2806.299212598425 184.251968503937 94.48818897637796 —
625.1968503937007 2806.299212598425 222.04724409448818 94.48818897637796 Un
735.4330708661417 2806.299212598425 332.2834645669291 94.48818897637796 matin
957.4803149606299 2806.299212598425 258.26771653543307 94.48818897637796 sur
1105.5118110236222 2806.299212598425 222.04724409448818 94.48818897637796 la
1179.5275590551182 2806.299212598425 368.503937007874 94.48818897637796 Meurthe.

404.7244094488189 2878.740157480315 266.1417322834646 92.91338582677166 458
557.4803149606299 2878.740157480315 190.5511811023622 92.91338582677166 —
633.0708661417323 2878.740157480315 228.3464566929134 92.91338582677166 Un
746.4566929133858 2878.740157480315 303.93700787401576 92.91338582677166 coin
937.007874015748 2878.740157480315 228.3464566929134 92.91338582677166 de
1014.1732283464567 2878.740157480315 266.1417322834646 92.91338582677166 Void.

407.87401574803147 2963.779527559055 237.79527559055117 118.11023622047244 459
544.8818897637796 2963.779527559055 170.07874015748033 118.11023622047244 —
612.5984251968504 2963.779527559055 204.7244094488189 118.11023622047244 La
714.9606299212599 2963.779527559055 340.15748031496065 118.11023622047244 vallée
952.7559055118111 2963.779527559055 204.7244094488189 118.11023622047244 de
1055.1181102362204 2963.779527559055 204.7244094488189 118.11023622047244 la
1155.9055118110236 2963.779527559055 407.87401574803147 118.11023622047244 Moselle,
1462.992125984252 2963.779527559055 170.07874015748033 118.11023622047244 à
1496.0629921259842 2963.779527559055 272.4409448818898 118.11023622047244 Sexey.

664.5669291338583 3155.9055118110236 431.496062992126 108.66141732283465 LOMBARD
977.9527559055118 3155.9055118110236 510.23622047244095 108.66141732283465 (Edmond),
1370.0787401574803 3155.9055118110236 352.755905511811 108.66141732283465 élève
1606.2992125984251 3155.9055118110236 234.64566929133858 108.66141732283465 de
1722.8346456692914 3155.9055118110236 470.86614173228344 108.66141732283465 Devilly,
2077.165354330709 3155.9055118110236 234.64566929133858 108.66141732283465 né
2154.3307086614172 3155.9055118110236 118.11023622047244 108.66141732283465 à

746.4566929133858 3223.6220472440946 340.15748031496065 97.63779527559055 Norroy
951.1811023622047 3223.6220472440946 784.2519685039371 97.63779527559055 (Meurthe

757.4803149606299 3333.8582677165355 330.70866141732284 116.53543307086615 Nancy,
1012.5984251968504 3333.8582677165355 177.95275590551182 116.53543307086615 15,
1113.3858267716535 3333.8582677165355 177.95275590551182 116.53543307086615 rue
1190.5511811023623 3333.8582677165355 433.07086614173227 116.53543307086615 Grandville

403.1496062992126 3461.417322834646 264.56692913385825 99.21259842519684 460
554.3307086614174 3461.417322834646 188.9763779527559 99.21259842519684 —
629.9212598425197 3461.417322834646 226.77165354330708 99.21259842519684 La
743.3070866141733 3461.417322834646 302.3622047244094 99.21259842519684 mare
896.0629921259842 3461.417322834646 455.11811023622045 99.21259842519684 (automne).

406.2992125984252 3546.4566929133857 253.54330708661416 86.61417322834646 461
551.1811023622047 3546.4566929133857 181.10236220472441 86.61417322834646 —
587.4015748031496 3546.4566929133857 469.29133858267716 86.61417322834646 Autreville.

407.87401574803147 3609.448818897638 250.39370078740157 89.76377952755905 462
551.1811023622047 3609.448818897638 177.95275590551182 89.76377952755905 —
622.0472440944882 3609.448818897638 321.25984251968504 89.76377952755905 Bords
836.2204724409448 3609.448818897638 214.17322834645668 89.76377952755905 de
943.3070866141733 3609.448818897638 214.17322834645668 89.76377952755905 la
1014.1732283464567 3609.448818897638 357.4803149606299 89.76377952755905 Moselle.

407.87401574803147 3688.1889763779527 245.66929133858267 96.06299212598425 463
548.0314960629921 3688.1889763779527 174.8031496062992 96.06299212598425 —
617.3228346456693 3688.1889763779527 420.4724409448819 96.06299212598425 Ruisseau
933.8582677165355 3688.1889763779527 280.31496062992125 96.06299212598425 dans
1110.236220472441 3688.1889763779527 211.0236220472441 96.06299212598425 un
1179.5275590551182 3688.1889763779527 351.18110236220474 96.06299212598425 village.

406.2992125984252 3765.3543307086616 255.11811023622047 114.96062992125984 464
552.7559055118111 3765.3543307086616 182.6771653543307 114.96062992125984 —
625.1968503937007 3765.3543307086616 329.13385826771656 114.96062992125984 Reine
844.0944881889764 3765.3543307086616 255.11811023622047 114.96062992125984 des
954.3307086614174 3765.3543307086616 255.11811023622047 114.96062992125984 prés.
