3274.015748031496 4959.055118110236
1530.708661417323 719.6850393700787 299.21259842519686 107.08661417322834 —
1650.3937007874015 719.6850393700787 359.0551181102362 107.08661417322834 68
1770.0787401574803 719.6850393700787 179.5275590551181 107.08661417322834 —

1059.8425196850394 855.1181102362204 414.1732283464567 130.70866141732284 NOLLIEM
1360.6299212598426 855.1181102362204 451.9685039370079 130.70866141732284 (Alex.),
1699.2125984251968 855.1181102362204 338.5826771653543 130.70866141732284 élève
1924.4094488188975 855.1181102362204 225.1968503937008 130.70866141732284 de
2037.7952755905512 855.1181102362204 338.5826771653543 130.70866141732284 Luigi
2262.9921259842517 855.1181102362204 338.5826771653543 130.70866141732284 Loir,
2489.763779527559 855.1181102362204 225.1968503937008 130.70866141732284 né
2563.779527559055 855.1181102362204 113.38582677165354 130.70866141732284 à

1097.6377952755906 941.7322834645669 277.1653543307087 103.93700787401575 Caen.

1152.755905511811 1044.0944881889764 329.13385826771656 133.85826771653544 Paris,
1406.2992125984251 1044.0944881889764 152.75590551181102 133.85826771653544 6,
1481.8897637795276 1044.0944881889764 177.95275590551182 133.85826771653544 rue
1584.251968503937 1044.0944881889764 329.13385826771656 133.85826771653544 Hippolyte
1812.5984251968505 1044.0944881889764 303.93700787401576 133.85826771653544 Lebas

803.1496062992126 1176.3779527559054 245.66929133858267 144.88188976377953 55)
943.3070866141733 1176.3779527559054 174.8031496062992 144.88188976377953 —
1012.5984251968504 1176.3779527559054 351.18110236220474 144.88188976377953 Vallée
1258.267716535433 1176.3779527559054 211.0236220472441 144.88188976377953 de
1363.7795275590552 1176.3779527559054 456.6929133858268 144.88188976377953 Cauterets
1680.3149606299212 1176.3779527559054 700.7874015748032 144.88188976377953 (Hautes

800.0 1288.1889763779527 259.84251968503935 137.00787401574803 556
949.6062992125984 1288.1889763779527 185.82677165354332 137.00787401574803 —
1023.6220472440945 1288.1889763779527 370.0787401574803 137.00787401574803 Bateau
1283.4645669291338 1288.1889763779527 222.04724409448818 137.00787401574803 au
1357.4803149606298 1288.1889763779527 370.0787401574803 137.00787401574803 Tréport.

1059.8425196850394 1518.1102362204724 429.9212598425197 110.23622047244095 NOUVIANT
1382.6771653543308 1518.1102362204724 573.2283464566929 110.23622047244095 (Théophile),
1848.8188976377953 1518.1102362204724 322.8346456692913 110.23622047244095 élève
2062.9921259842517 1518.1102362204724 215.748031496063 110.23622047244095 de
2171.6535433070867 1518.1102362204724 429.9212598425197 110.23622047244095 Migette,
2492.9133858267714 1518.1102362204724 215.748031496063 110.23622047244095 né
2565.3543307086616 1518.1102362204724 107.08661417322834 110.23622047244095 à

1099.2125984251968 1607.8740157480315 266.1417322834646 113.38582677165354 Metz.

1148.0314960629921 1710.236220472441 329.13385826771656 122.83464566929133 Nancy,
1401.5748031496064 1710.236220472441 152.75590551181102 122.83464566929133 53
1477.1653543307086 1710.236220472441 203.1496062992126 122.83464566929133 bis,
1604.724409448819 1710.236220472441 177.95275590551182 122.83464566929133 rue
1705.5118110236222 1710.236220472441 152.75590551181102 122.83464566929133 de
1755.9055118110236 1710.236220472441 406.2992125984252 122.83464566929133 l’Hospice

800.0 1872.4409448818897 256.6929133858268 103.93700787401575 557
946.4566929133858 1872.4409448818897 184.251968503937 103.93700787401575 —
1020.4724409448819 1872.4409448818897 330.70866141732284 103.93700787401575 Ferme
1240.9448818897638 1872.4409448818897 220.4724409448819 103.93700787401575 de
1313.3858267716535 1872.4409448818897 514.9606299212599 103.93700787401575 Pixerécourt.

800.0 1948.0314960629921 240.9448818897638 132.28346456692913 558
938.5826771653543 1948.0314960629921 171.6535433070866 132.28346456692913 —
1006.2992125984252 1948.0314960629921 377.9527559055118 132.28346456692913 Poligny
1281.8897637795276 1948.0314960629921 343.3070866141732 132.28346456692913 (Jura)
1522.8346456692914 1948.0314960629921 206.29921259842519 132.28346456692913 la
1625.1968503937007 1948.0314960629921 310.23622047244095 132.28346456692913 route
1833.0708661417323 1948.0314960629921 206.29921259842519 132.28346456692913 de
1900.7874015748032 1948.0314960629921 275.59055118110234 132.28346456692913 Milan.

1056.6929133858268 2174.803149606299 395.2755905511811 130.70866141732284 PARISET
1344.8818897637796 2174.803149606299 324.40944881889766 130.70866141732284 (Mlle
1560.6299212598426 2174.803149606299 431.496062992126 130.70866141732284 Jeanne),
1885.0393700787401 2174.803149606299 324.40944881889766 130.70866141732284 élève
2100.787401574803 2174.803149606299 215.748031496063 130.70866141732284 de
2207.8740157480315 2174.803149606299 431.496062992126 130.70866141732284 Larcher,
2496.0629921259842 2174.803149606299 179.5275590551181 130.70866141732284 née

1130.708661417323 2283.464566929134 185.82677165354332 114.96062992125984 à
1168.5039370078741 2283.464566929134 409.4488188976378 114.96062992125984 Mulhouse.

1144.8818897637796 2377.952755905512 352.755905511811 108.66141732283465 Nancy,
1415.748031496063 2377.952755905512 190.5511811023622 108.66141732283465 15,
1524.4094488188975 2377.952755905512 190.5511811023622 108.66141732283465 rue
1633.0708661417323 2377.952755905512 162.20472440944883 108.66141732283465 du
1686.6141732283465 2377.952755905512 461.4173228346457 108.66141732283465 Pont

795.2755905511812 2541.732283464567 267.7165354330709 119.68503937007874 559
948.0314960629921 2541.732283464567 190.5511811023622 119.68503937007874 —
985.8267716535433 2541.732283464567 381.1023622047244 119.68503937007874 Réverie.

796.8503937007874 2640.9448818897636 244.09448818897638 92.91338582677166 560
935.4330708661417 2640.9448818897636 173.22834645669292 92.91338582677166 —
1004.7244094488188 2640.9448818897636 417.3228346456693 92.91338582677166 Portrait
1318.1102362204724 2640.9448818897636 207.8740157480315 92.91338582677166 de
1422.0472440944882 2640.9448818897636 244.09448818897638 92.91338582677166 Mme
1562.2047244094488 2640.9448818897636 278.74015748031496 92.91338582677166 V...
1735.4330708661416 2640.9448818897636 207.8740157480315 92.91338582677166 et
1839.3700787401574 2640.9448818897636 244.09448818897638 92.91338582677166 son
1943.3070866141732 2640.9448818897636 244.09448818897638 92.91338582677166 chat.

800.0 2707.0866141732286 229.92125984251967 127.55905511811024 561
932.2834645669292 2707.0866141732286 163.7795275590551 127.55905511811024 —
996.8503937007874 2707.0866141732286 393.7007874015748 127.55905511811024 Portrait
1292.9133858267717 2707.0866141732286 196.8503937007874 127.55905511811024 de
1392.1259842519685 2707.0866141732286 262.99212598425197 127.55905511811024 Mlle
1555.9055118110236 2707.0866141732286 196.8503937007874 127.55905511811024 J.
1622.0472440944882 2707.0866141732286 196.8503937007874 127.55905511811024 E...

1056.6929133858268 2932.283464566929 403.1496062992126 146.45669291338584 PARISET
1349.6062992125985 2932.283464566929 329.13385826771656 146.45669291338584 (Mlle
1568.5039370078741 2932.283464566929 329.13385826771656 146.45669291338584 Amy),
1787.4015748031495 2932.283464566929 329.13385826771656 146.45669291338584 élève
2007.8740157480315 2932.283464566929 218.89763779527559 146.45669291338584 de
2118.1102362204724 2932.283464566929 439.37007874015745 146.45669291338584 Larcher,
2447.244094488189 2932.283464566929 256.6929133858268 146.45669291338584 née
2555.9055118110236 2932.283464566929 110.23622047244095 146.45669291338584 à

1089.763779527559 3031.496062992126 418.8976377952756 92.91338582677166 Mulhouse.

1137.007874015748 3144.8818897637793 362.20472440944883 135.43307086614172 Nancy,
1417.3228346456692 3144.8818897637793 195.2755905511811 135.43307086614172 15,
1527.5590551181103 3144.8818897637793 195.2755905511811 135.43307086614172 rue
1639.3700787401574 3144.8818897637793 166.9291338582677 135.43307086614172 du
1696.0629921259842 3144.8818897637793 474.01574803149606 135.43307086614172 Pont

792.1259842519685 3288.1889763779527 239.37007874015748 141.73228346456693 562
929.1338582677165 3288.1889763779527 171.6535433070866 141.73228346456693 —
998.4251968503937 3288.1889763779527 274.01574803149606 141.73228346456693 Dans
1170.0787401574803 3288.1889763779527 239.37007874015748 141.73228346456693 les
1307.0866141732283 3288.1889763779527 343.3070866141732 141.73228346456693 terres
1511.8110236220473 3288.1889763779527 617.3228346456693 141.73228346456693 (Berck

763.7795275590552 3409.448818897638 462.99212598425197 78.74015748031496 563
1028.3464566929133 3409.448818897638 330.70866141732284 78.74015748031496 —
1160.6299212598426 3409.448818897638 661.4173228346457 78.74015748031496 Brumes
1557.4803149606298 3409.448818897638 330.70866141732284 78.74015748031496 id.

795.2755905511812 3472.4409448818897 247.24409448818898 86.61417322834646 564
935.4330708661417 3472.4409448818897 176.3779527559055 86.61417322834646 —
1006.2992125984252 3472.4409448818897 529.1338582677165 86.61417322834646 Chercheuses
1428.3464566929133 3472.4409448818897 211.0236220472441 86.61417322834646 de
1533.8582677165355 3472.4409448818897 316.53543307086613 86.61417322834646 vers.
1710.236220472441 3472.4409448818897 176.3779527559055 86.61417322834646 id.

788.9763779527559 3541.732283464567 285.03937007874015 92.91338582677166 565
951.1811023622047 3541.732283464567 203.1496062992126 92.91338582677166 —
1033.0708661417323 3541.732283464567 406.2992125984252 92.91338582677166 L’anse
1318.1102362204724 3541.732283464567 244.09448818897638 92.91338582677166 au
1439.3700787401574 3541.732283464567 406.2992125984252 92.91338582677166 beurre
1683.4645669291338 3541.732283464567 203.1496062992126 92.91338582677166 id.

790.5511811023622 3612.5984251968503 274.01574803149606 100.78740157480316 566
948.0314960629921 3612.5984251968503 195.2755905511811 100.78740157480316 —
1025.1968503937007 3612.5984251968503 392.12598425196853 100.78740157480316 Partie
1300.7874015748032 3612.5984251968503 234.64566929133858 100.78740157480316 de
1417.3228346456692 3612.5984251968503 431.496062992126 100.78740157480316 crocket
1692.9133858267717 3612.5984251968503 195.2755905511811 100.78740157480316 id.

790.5511811023622 3692.9133858267714 259.84251968503935 96.06299212598425 567
938.5826771653543 3692.9133858267714 370.0787401574803 96.06299212598425 Ruines
1196.8503937007874 3692.9133858267714 370.0787401574803 96.06299212598425 (Aller
1418.8976377952756 3692.9133858267714 444.09448818897636 96.06299212598425 heiligen).

788.9763779527559 3757.48031496063 262.99212598425197 124.40944881889764 568
940.1574803149606 3757.48031496063 188.9763779527559 124.40944881889764 —
1015.7480314960629 3757.48031496063 376.37795275590554 124.40944881889764 Chemin
1278.740157480315 3757.48031496063 262.99212598425197 124.40944881889764 des
1429.9212598425197 3757.48031496063 300.78740157480314 124.40944881889764 fées
1579.5275590551182 3757.48031496063 451.9685039370079 124.40944881889764 (Oppenau).
