3277.165354330709 4971.653543307087
1577.9527559055118 732.2834645669292 214.17322834645668 118.11023622047244 74

1031.4960629921259 844.0944881889764 470.86614173228344 121.25984251968504 QUINTARD
1384.251968503937 844.0944881889764 508.66141732283467 121.25984251968504 (Lucien),
1776.3779527559054 844.0944881889764 352.755905511811 121.25984251968504 élève
2011.023622047244 844.0944881889764 234.64566929133858 121.25984251968504 de
2129.1338582677167 844.0944881889764 470.86614173228344 121.25984251968504 Devilly,
2442.51968503937 844.0944881889764 195.2755905511811 121.25984251968504 Ed.

1110.236220472441 960.6299212598425 439.37007874015745 103.93700787401575 Petitjean
1447.244094488189 960.6299212598425 203.1496062992126 103.93700787401575 et
1548.0314960629921 960.6299212598425 236.2204724409449 103.93700787401575 Ed.
1683.4645669291338 960.6299212598425 270.86614173228344 103.93700787401575 Yon,
1853.5433070866143 960.6299212598425 203.1496062992126 103.93700787401575 né
1954.3307086614172 960.6299212598425 168.50393700787401 103.93700787401575 à
1987.4015748031495 960.6299212598425 270.86614173228344 103.93700787401575 Nancy.

1119.6850393700788 1064.5669291338584 314.96062992125985 135.43307086614172 Nancy,
1360.6299212598426 1064.5669291338584 144.88188976377953 135.43307086614172 4,
1434.6456692913387 1064.5669291338584 170.07874015748033 135.43307086614172 rue
1507.0866141732283 1064.5669291338584 338.5826771653543 135.43307086614172 Gilbert

762.2047244094488 1211.023622047244 255.11811023622047 135.43307086614172 626
907.0866141732283 1211.023622047244 182.6771653543307 135.43307086614172 —
981.1023622047244 1211.023622047244 327.5590551181102 135.43307086614172 Plage
1198.4251968503936 1211.023622047244 218.89763779527559 135.43307086614172 de
1308.6614173228347 1211.023622047244 400.0 135.43307086614172 Cabourg
1562.2047244094488 1211.023622047244 474.01574803149606 135.43307086614172 (Calvados).

759.0551181102362 1299.2125984251968 253.54330708661416 103.93700787401575 627
903.9370078740158 1299.2125984251968 181.10236220472441 103.93700787401575 —
976.3779527559055 1299.2125984251968 253.54330708661416 103.93700787401575 Sur
1121.259842519685 1299.2125984251968 217.3228346456693 103.93700787401575 la
1195.275590551181 1299.2125984251968 289.76377952755905 103.93700787401575 plage.

759.0551181102362 1359.0551181102362 255.11811023622047 119.68503937007874 628
905.511811023622 1359.0551181102362 182.6771653543307 119.68503937007874 —
977.9527559055118 1359.0551181102362 255.11811023622047 119.68503937007874 Une
1124.4094488188975 1359.0551181102362 365.3543307086614 119.68503937007874 route,
1379.5275590551182 1359.0551181102362 291.33858267716533 119.68503937007874 près
1562.2047244094488 1359.0551181102362 218.89763779527559 119.68503937007874 de
1634.6456692913387 1359.0551181102362 365.3543307086614 119.68503937007874 Cabourg.

760.6299212598425 1433.0708661417323 256.6929133858268 121.25984251968504 629
907.0866141732283 1433.0708661417323 184.251968503937 121.25984251968504 —
981.1023622047244 1433.0708661417323 330.70866141732284 121.25984251968504 Bords
1201.5748031496064 1433.0708661417323 220.4724409448819 121.25984251968504 de
1311.8110236220473 1433.0708661417323 220.4724409448819 121.25984251968504 la
1384.251968503937 1433.0708661417323 294.48818897637796 121.25984251968504 Dives.

759.0551181102362 1522.8346456692914 247.24409448818898 121.25984251968504 630
899.2125984251968 1522.8346456692914 176.3779527559055 121.25984251968504 —
970.0787401574803 1522.8346456692914 316.53543307086613 121.25984251968504 Morte
1181.1023622047244 1522.8346456692914 176.3779527559055 121.25984251968504 à
1251.9685039370079 1522.8346456692914 423.62204724409446 121.25984251968504 Ranville
1533.8582677165355 1522.8346456692914 458.26771653543307 121.25984251968504 (Calvados).

751.1811023622047 1600.0 296.06299212598424 116.53543307086615 631
921.2598425196851 1600.0 211.0236220472441 116.53543307086615 —
1004.7244094488188 1600.0 422.0472440944882 116.53543307086615 Eglise
1300.7874015748032 1600.0 253.54330708661416 116.53543307086615 de
1428.3464566929133 1600.0 381.1023622047244 116.53543307086615 Dives
1639.3700787401574 1600.0 211.0236220472441 116.53543307086615 Id.

754.3307086614174 1675.5905511811025 248.8188976377953 129.13385826771653 632
897.6377952755905 1675.5905511811025 177.95275590551182 129.13385826771653 —
968.503937007874 1675.5905511811025 319.68503937007875 129.13385826771653 Cadre
1144.8818897637796 1675.5905511811025 532.2834645669292 129.13385826771653 d’aquarelles.

1014.1732283464567 1877.1653543307086 574.8031496062993 154.33070866141733 RAISSIGNIER
1472.4409448818897 1877.1653543307086 459.84251968503935 154.33070866141733 (Emile),
1817.3228346456692 1877.1653543307086 344.88188976377955 154.33070866141733 élève
2047.244094488189 1877.1653543307086 229.92125984251967 154.33070866141733 de
2162.2047244094488 1877.1653543307086 459.84251968503935 154.33070866141733 Jouffroy
2469.2913385826773 1877.1653543307086 152.75590551181102 154.33070866141733 et

1094.4881889763778 2001.5748031496064 341.73228346456693 107.08661417322834 Rapin,
1333.8582677165355 2001.5748031496064 204.7244094488189 107.08661417322834 né
1436.2204724409448 2001.5748031496064 171.6535433070866 107.08661417322834 à
1505.5118110236222 2001.5748031496064 274.01574803149606 107.08661417322834 Oran
1642.5196850393702 2001.5748031496064 409.4488188976378 107.08661417322834 (Algérie).

1097.6377952755906 2088.1889763779527 351.18110236220474 116.53543307086615 Paris,
1368.5039370078741 2088.1889763779527 162.20472440944883 116.53543307086615 8,
1448.8188976377953 2088.1889763779527 188.9763779527559 116.53543307086615 rue
1557.4803149606298 2088.1889763779527 162.20472440944883 116.53543307086615 de
1637.7952755905512 2088.1889763779527 162.20472440944883 116.53543307086615 la
1692.9133858267717 2088.1889763779527 622.0472440944882 116.53543307086615 Grande

744.8818897637796 2250.3937007874015 255.11811023622047 133.85826771653544 633
889.7637795275591 2250.3937007874015 182.6771653543307 133.85826771653544 —
963.7795275590552 2250.3937007874015 365.3543307086614 133.85826771653544 Sortie
1218.8976377952756 2250.3937007874015 218.89763779527559 133.85826771653544 de
1327.5590551181103 2250.3937007874015 218.89763779527559 133.85826771653544 la
1401.5748031496064 2250.3937007874015 291.33858267716533 133.85826771653544 Ferme.

1003.1496062992126 2448.818897637795 431.496062992126 129.13385826771653 RAVANNE
1316.5354330708662 2448.818897637795 549.6062992125984 129.13385826771653 (Gustavé),
1749.6062992125985 2448.818897637795 352.755905511811 129.13385826771653 élève
1984.251968503937 2448.818897637795 236.2204724409449 129.13385826771653 de
2102.3622047244094 2448.818897637795 236.2204724409449 129.13385826771653 L.
2220.472440944882 2448.818897637795 392.12598425196853 129.13385826771653 Bonnat
2455.1181102362207 2448.818897637795 157.48031496062993 129.13385826771653 et

1083.4645669291338 2571.6535433070867 385.8267716535433 116.53543307086615 Cormon,
1363.7795275590552 2571.6535433070867 211.0236220472441 116.53543307086615 né
1469.291338582677 2571.6535433070867 174.8031496062992 116.53543307086615 à
1538.5826771653544 2571.6535433070867 351.18110236220474 116.53543307086615 Meulan
1749.6062992125985 2571.6535433070867 631.496062992126 116.53543307086615 (Seine

1091.3385826771653 2662.9921259842517 321.25984251968504 138.58267716535434 Paris,
1338.5826771653544 2662.9921259842517 148.03149606299212 138.58267716535434 3,
1412.5984251968505 2662.9921259842517 173.22834645669292 138.58267716535434 rue
1486.6141732283465 2662.9921259842517 370.0787401574803 138.58267716535434 Cauchois

733.8582677165355 2798.4251968503936 244.09448818897638 114.96062992125984 634
872.4409448818898 2798.4251968503936 174.8031496062992 114.96062992125984 —
943.3070866141733 2798.4251968503936 384.251968503937 114.96062992125984 Bateaux
1222.0472440944882 2798.4251968503936 209.4488188976378 114.96062992125984 de
1327.5590551181103 2798.4251968503936 349.6062992125984 114.96062992125984 course
1571.6535433070867 2798.4251968503936 174.8031496062992 114.96062992125984 à
1640.9448818897638 2798.4251968503936 418.8976377952756 114.96062992125984 l’ancre,
1954.3307086614172 2798.4251968503936 209.4488188976378 114.96062992125984 en
2025.1968503937007 2798.4251968503936 278.74015748031496 114.96062992125984 Seine.

732.2834645669292 2903.9370078740158 251.96850393700788 125.98425196850394 635
877.1653543307086 2903.9370078740158 179.5275590551181 125.98425196850394 —
948.0314960629921 2903.9370078740158 251.96850393700788 125.98425196850394 Mer
1092.9133858267717 2903.9370078740158 360.62992125984255 125.98425196850394 calme,
1344.8818897637796 2903.9370078740158 215.748031496063 125.98425196850394 le
1453.5433070866143 2903.9370078740158 324.40944881889766 125.98425196850394 soir,
1669.291338582677 2903.9370078740158 360.62992125984255 125.98425196850394 pointe
1921.259842519685 2903.9370078740158 215.748031496063 125.98425196850394 de
2029.9212598425197 2903.9370078740158 215.748031496063 125.98425196850394 la
2138.582677165354 2903.9370078740158 288.18897637795277 125.98425196850394 Hève
2281.8897637795276 2903.9370078740158 324.40944881889766 125.98425196850394 (Seine

1044.0944881889764 2984.251968503937 433.07086614173227 118.11023622047244 Inférieure).

979.5275590551181 3207.8740157480315 540.1574803149606 143.30708661417322 REINHART
1385.8267716535433 3207.8740157480315 629.9212598425197 143.30708661417322 (Jacques),
1880.3149606299212 3207.8740157480315 269.29133858267716 143.30708661417322 né
2015.748031496063 3207.8740157480315 225.1968503937008 143.30708661417322 à
2059.8425196850394 3207.8740157480315 540.1574803149606 143.30708661417322 Algolsheim

1028.3464566929133 3302.3622047244094 360.62992125984255 111.81102362204724 (Alsace).

1070.8661417322835 3355.9055118110236 431.496062992126 155.90551181102362 Saint-Dié,
1426.7716535433071 3355.9055118110236 177.95275590551182 155.90551181102362 29,
1527.5590551181103 3355.9055118110236 177.95275590551182 155.90551181102362 rue
1604.724409448819 3355.9055118110236 381.1023622047244 155.90551181102362 Concorde

714.9606299212599 3510.236220472441 272.4409448818898 135.43307086614172 636
870.8661417322835 3510.236220472441 195.2755905511811 135.43307086614172 —
949.6062992125984 3510.236220472441 351.18110236220474 135.43307086614172 Effet
1182.6771653543308 3510.236220472441 234.64566929133858 135.43307086614172 de
1300.7874015748032 3510.236220472441 351.18110236220474 135.43307086614172 Neige
1533.8582677165355 3510.236220472441 195.2755905511811 135.43307086614172 à
1612.5984251968505 3510.236220472441 234.64566929133858 135.43307086614172 la
1729.1338582677165 3510.236220472441 507.0866141732283 135.43307086614172 Hardalle,
2119.685039370079 3510.236220472441 311.81102362204723 135.43307086614172 près
2275.5905511811025 3510.236220472441 311.81102362204723 135.43307086614172 Anould

1020.4724409448819 3628.3464566929133 384.251968503937 97.63779527559055 (Vosges).

714.9606299212599 3689.763779527559 244.09448818897638 100.78740157480316 637
855.1181102362204 3689.763779527559 174.8031496062992 100.78740157480316 —
924.4094488188977 3689.763779527559 314.96062992125985 100.78740157480316 Bords
1133.8582677165355 3689.763779527559 209.4488188976378 100.78740157480316 de
1239.3700787401574 3689.763779527559 209.4488188976378 100.78740157480316 la
1343.3070866141732 3689.763779527559 418.8976377952756 100.78740157480316 Meurthe,
1658.267716535433 3689.763779527559 280.31496062992125 100.78740157480316 près
1798.4251968503936 3689.763779527559 418.8976377952756 100.78740157480316 Saint

714.9606299212599 3759.0551181102364 239.37007874015748 110.23622047244095 638
851.9685039370079 3759.0551181102364 171.6535433070866 110.23622047244095 —
921.2598425196851 3759.0551181102364 206.29921259842519 110.23622047244095 La
1023.6220472440945 3759.0551181102364 377.9527559055118 110.23622047244095 Meurthe
1299.2125984251968 3759.0551181102364 171.6535433070866 110.23622047244095 à
1366.9291338582677 3759.0551181102364 445.6692913385827 110.23622047244095 Saint-Dié
1710.236220472441 3759.0551181102364 480.31496062992125 110.23622047244095 (anciennes
2053.5433070866143 3759.0551181102364 445.6692913385827 110.23622047244095 tannéries).
