3239.3700787401576 4933.858267716535
1560.6299212598426 675.5905511811023 302.3622047244094 125.98425196850394 —
1680.3149606299212 675.5905511811023 362.20472440944883 125.98425196850394 78
1801.5748031496064 675.5905511811023 181.10236220472441 125.98425196850394 —

1097.6377952755906 822.0472440944882 327.5590551181102 89.76377952755905 SACHY
1316.5354330708662 822.0472440944882 365.3543307086614 89.76377952755905 (Henri
1571.6535433070867 822.0472440944882 291.33858267716533 89.76377952755905 dE),
1754.3307086614172 822.0472440944882 327.5590551181102 89.76377952755905 élève
1973.2283464566929 822.0472440944882 218.89763779527559 89.76377952755905 de
2081.8897637795276 822.0472440944882 218.89763779527559 89.76377952755905 P.
2192.1259842519685 822.0472440944882 365.3543307086614 89.76377952755905 Colin,
2447.244094488189 822.0472440944882 218.89763779527559 89.76377952755905 A.
2519.685039370079 822.0472440944882 182.6771653543307 89.76377952755905 Ca-

1184.251968503937 916.5354330708661 327.5590551181102 81.88976377952756 banel,
1414.1732283464567 916.5354330708661 196.8503937007874 81.88976377952756 E.
1513.3858267716535 916.5354330708661 296.06299212598424 81.88976377952756 Dubof
1710.236220472441 916.5354330708661 196.8503937007874 81.88976377952756 et
1807.8740157480315 916.5354330708661 492.9133858267717 81.88976377952756 Mazerolles,
2201.5748031496064 916.5354330708661 196.8503937007874 81.88976377952756 né
2300.787401574803 916.5354330708661 163.7795275590551 81.88976377952756 à
2332.283464566929 916.5354330708661 262.99212598425197 81.88976377952756 Paris.

1181.1023622047244 1009.4488188976378 327.5590551181102 118.11023622047244 Paris,
1433.0708661417323 1009.4488188976378 226.77165354330708 118.11023622047244 Ecole
1584.251968503937 1009.4488188976378 176.3779527559055 118.11023622047244 des
1661.4173228346456 1009.4488188976378 428.34645669291336 118.11023622047244 Beaux

985.8267716535433 1114.9606299212599 218.89763779527559 130.70866141732284 689
1111.8110236220473 1114.9606299212599 155.90551181102362 130.70866141732284 —
1173.2283464566929 1114.9606299212599 187.4015748031496 130.70866141732284 Au
1236.2204724409448 1114.9606299212599 374.8031496062992 130.70866141732284 printemps.

1096.0629921259842 1291.3385826771653 269.29133858267716 148.03149606299212 SAGE
1262.992125984252 1291.3385826771653 302.3622047244094 148.03149606299212 (Mlle
1464.5669291338584 1291.3385826771653 436.2204724409449 148.03149606299212 Gabrielle
1801.5748031496064 1291.3385826771653 269.29133858267716 148.03149606299212 LE),
1970.0787401574803 1291.3385826771653 234.64566929133858 148.03149606299212 née
2103.9370078740158 1291.3385826771653 168.50393700787401 148.03149606299212 à
2137.0078740157483 1291.3385826771653 269.29133858267716 148.03149606299212 Paris.

1185.8267716535433 1415.748031496063 299.21259842519686 113.38582677165354 Paris,
1415.748031496063 1415.748031496063 160.62992125984252 113.38582677165354 57,
1508.6614173228347 1415.748031496063 160.62992125984252 113.38582677165354 rue
1577.9527559055118 1415.748031496063 321.25984251968504 113.38582677165354 Pigalle

984.2519685039371 1529.1338582677165 217.3228346456693 105.51181102362204 690
1108.6614173228347 1529.1338582677165 155.90551181102362 105.51181102362204 —
1171.6535433070867 1529.1338582677165 371.65354330708664 105.51181102362204 Pivoines
1450.3937007874015 1529.1338582677165 185.82677165354332 105.51181102362204 et
1511.8110236220473 1529.1338582677165 341.73228346456693 105.51181102362204 Aubépine.

988.9763779527559 1603.1496062992126 200.0 100.78740157480316 691
1102.3622047244094 1603.1496062992126 141.73228346456693 100.78740157480316 —
1130.708661417323 1603.1496062992126 285.03937007874015 100.78740157480316 Pensées.

1096.0629921259842 1765.3543307086613 274.01574803149606 168.50393700787401 SAIN
1267.716535433071 1765.3543307086613 377.9527559055118 168.50393700787401 (Paul),
1543.3070866141732 1765.3543307086613 308.66141732283467 168.50393700787401 élève
1748.0314960629921 1765.3543307086613 206.29921259842519 168.50393700787401 de
1851.9685039370079 1765.3543307086613 412.59842519685037 168.50393700787401 Guilbert
2160.6299212598424 1765.3543307086613 412.59842519685037 168.50393700787401 d’Anelle
2469.2913385826773 1765.3543307086613 206.29921259842519 168.50393700787401 et
2538.582677165354 1765.3543307086613 137.00787401574803 168.50393700787401 Gé

1165.3543307086613 1881.8897637795276 329.13385826771656 111.81102362204724 rôme,
1384.251968503937 1881.8897637795276 220.4724409448819 111.81102362204724 né
1494.4881889763778 1881.8897637795276 182.6771653543307 111.81102362204724 à
1530.708661417323 1881.8897637795276 366.92913385826773 111.81102362204724 Avignon.

1177.9527559055118 1971.6535433070867 333.8582677165354 122.83464566929133 Paris,
1434.6456692913387 1971.6535433070867 179.5275590551181 122.83464566929133 33,
1537.007874015748 1971.6535433070867 179.5275590551181 122.83464566929133 rue
1640.9448818897638 1971.6535433070867 154.33070866141733 122.83464566929133 du
1692.9133858267717 1971.6535433070867 333.8582677165354 122.83464566929133 Dragon

979.5275590551181 2094.488188976378 215.748031496063 129.13385826771653 692
1103.9370078740158 2094.488188976378 154.33070866141733 129.13385826771653 —
1165.3543307086613 2094.488188976378 184.251968503937 129.13385826771653 Le
1256.6929133858268 2094.488188976378 522.8346456692914 129.13385826771653 châtaigneraie
1688.1889763779527 2094.488188976378 184.251968503937 129.13385826771653 du
1781.1023622047244 2094.488188976378 338.5826771653543 129.13385826771653 château
2026.7716535433071 2094.488188976378 184.251968503937 129.13385826771653 de
2088.1889763779527 2094.488188976378 400.0 129.13385826771653 Corbeville.

979.5275590551181 2168.503937007874 225.1968503937008 89.76377952755905 693
1107.0866141732283 2168.503937007874 160.62992125984252 89.76377952755905 —
1171.6535433070867 2168.503937007874 193.70078740157481 89.76377952755905 Le
1269.291338582677 2168.503937007874 258.26771653543307 89.76377952755905 Pont
1429.9212598425197 2168.503937007874 548.0314960629921 89.76377952755905 Saint-Bénézet
1880.3149606299212 2168.503937007874 160.62992125984252 89.76377952755905 à
1913.3858267716535 2168.503937007874 321.25984251968504 89.76377952755905 Avignon.

984.2519685039371 2242.51968503937 231.49606299212599 103.93700787401575 694
1116.5354330708662 2242.51968503937 165.35433070866142 103.93700787401575 —
1182.6771653543308 2242.51968503937 198.4251968503937 103.93700787401575 Le
1281.8897637795276 2242.51968503937 297.6377952755906 103.93700787401575 Rhône
1478.740157480315 2242.51968503937 165.35433070866142 103.93700787401575 à
1511.8110236220473 2242.51968503937 330.70866141732284 103.93700787401575 Avignon.

1086.6141732283465 2400.0 409.4488188976378 129.13385826771653 SARAZIN
1384.251968503937 2400.0 333.8582677165354 129.13385826771653 (Mlle
1607.8740157480315 2400.0 595.2755905511812 129.13385826771653 Marguerite),
2089.763779527559 2400.0 333.8582677165354 129.13385826771653 élève
2313.3858267716537 2400.0 223.6220472440945 129.13385826771653 de
2387.4015748031497 2400.0 297.6377952755906 129.13385826771653 Damas,

1168.5039370078741 2508.6614173228345 231.49606299212599 116.53543307086615 née
1300.7874015748032 2508.6614173228345 165.35433070866142 116.53543307086615 à
1333.8582677165355 2508.6614173228345 464.56692913385825 116.53543307086615 Charleville.

1177.9527559055118 2574.803149606299 480.31496062992125 137.00787401574803 Charleville,
1582.6771653543308 2574.803149606299 151.1811023622047 137.00787401574803 8,
1658.267716535433 2574.803149606299 176.3779527559055 137.00787401574803 rue
1733.8582677165355 2574.803149606299 505.51181102362204 137.00787401574803 Victor

982.6771653543307 2718.1102362204724 215.748031496063 111.81102362204724 695
1107.0866141732283 2718.1102362204724 154.33070866141733 111.81102362204724 —
1137.007874015748 2718.1102362204724 615.7480314960629 111.81102362204724 Reines

982.6771653543307 2795.2755905511813 234.64566929133858 110.23622047244095 696
1116.5354330708662 2795.2755905511813 168.50393700787401 110.23622047244095 —
1184.251968503937 2795.2755905511813 335.43307086614175 110.23622047244095 Pommes
1418.8976377952756 2795.2755905511813 201.5748031496063 110.23622047244095 et
1485.0393700787401 2795.2755905511813 537.007874015748 110.23622047244095 chrysanthèmes.

977.9527559055118 2877.165354330709 196.8503937007874 111.81102362204724 697
1089.763779527559 2877.165354330709 140.15748031496062 111.81102362204724 —
1146.4566929133857 2877.165354330709 365.3543307086614 111.81102362204724 Giroflées
1426.7716535433071 2877.165354330709 168.50393700787401 111.81102362204724 et
1483.4645669291338 2877.165354330709 337.00787401574803 111.81102362204724 narcisses.

992.1259842519685 2952.755905511811 200.0 102.36220472440945 698
1105.5118110236222 2952.755905511811 141.73228346456693 102.36220472440945 —
1162.2047244094488 2952.755905511811 285.03937007874015 102.36220472440945 Fleurs
1362.2047244094488 2952.755905511811 171.6535433070866 102.36220472440945 de
1418.8976377952756 2952.755905511811 200.0 102.36220472440945 Nice.

1088.1889763779527 3118.1102362204724 612.5984251968504 119.68503937007874 SCHIFF(J.-M.),
1600.0 3118.1102362204724 307.0866141732283 119.68503937007874 élève
1804.724409448819 3118.1102362204724 204.7244094488189 119.68503937007874 de
1907.0866141732283 3118.1102362204724 374.8031496062992 119.68503937007874 l’Ecole
2179.527559055118 3118.1102362204724 237.79527559055117 119.68503937007874 des
2280.314960629921 3118.1102362204724 409.4488188976378 119.68503937007874 Beaux

1165.3543307086613 3220.472440944882 198.4251968503937 111.81102362204724 de
1264.5669291338584 3220.472440944882 330.70866141732284 111.81102362204724 Nancy,
1496.0629921259842 3220.472440944882 198.4251968503937 111.81102362204724 né
1593.7007874015749 3220.472440944882 165.35433070866142 111.81102362204724 à
1659.8425196850394 3220.472440944882 725.9842519685039 111.81102362204724 Rettel-les-Siercke
2255.1181102362207 3220.472440944882 428.34645669291336 111.81102362204724 (Lorraine).

1174.8031496062993 3310.236220472441 329.13385826771656 94.48818897637796 Nancy,
1428.3464566929133 3310.236220472441 125.98425196850394 94.48818897637796 3
1478.740157480315 3310.236220472441 203.1496062992126 94.48818897637796 bis,
1604.724409448819 3310.236220472441 177.95275590551182 94.48818897637796 rue
1707.0866141732283 3310.236220472441 151.1811023622047 94.48818897637796 de
1782.6771653543308 3310.236220472441 151.1811023622047 94.48818897637796 La
1833.0708661417323 3310.236220472441 303.93700787401576 94.48818897637796 Salle

987.4015748031496 3396.850393700787 206.29921259842519 140.15748031496062 699
1105.5118110236222 3396.850393700787 148.03149606299212 140.15748031496062 —
1165.3543307086613 3396.850393700787 354.3307086614173 140.15748031496062 Portrait
1429.9212598425197 3396.850393700787 176.3779527559055 140.15748031496062 de
1518.1102362204724 3396.850393700787 176.3779527559055 140.15748031496062 M.
1577.9527559055118 3396.850393700787 176.3779527559055 140.15748031496062 A...

960.6299212598425 3499.212598425197 307.0866141732283 102.36220472440945 700
1135.4330708661416 3499.212598425197 218.89763779527559 102.36220472440945 —
1223.6220472440946 3499.212598425197 307.0866141732283 102.36220472440945 id.
1398.4251968503936 3499.212598425197 262.99212598425197 102.36220472440945 M.
1486.6141732283465 3499.212598425197 262.99212598425197 102.36220472440945 M...

965.3543307086615 3577.952755905512 303.93700787401576 116.53543307086615 701
1140.1574803149606 3577.952755905512 217.3228346456693 116.53543307086615 —
1226.7716535433071 3577.952755905512 303.93700787401576 116.53543307086615 id.
1401.5748031496064 3577.952755905512 303.93700787401576 116.53543307086615 Mme
1530.708661417323 3577.952755905512 261.4173228346457 116.53543307086615 H...

968.503937007874 3645.6692913385828 289.76377952755905 118.11023622047244 702
1133.8582677165355 3645.6692913385828 207.8740157480315 118.11023622047244 —
1217.3228346456692 3645.6692913385828 289.76377952755905 118.11023622047244 id.
1382.6771653543308 3645.6692913385828 332.2834645669291 118.11023622047244 Mlle
1548.0314960629921 3645.6692913385828 248.8188976377953 118.11023622047244 D...

981.1023622047244 3735.433070866142 196.8503937007874 113.38582677165354 703
1094.4881889763778 3735.433070866142 140.15748031496062 113.38582677165354 —
1121.259842519685 3735.433070866142 225.1968503937008 113.38582677165354 Etude.
