3151.181102362205 4974.8031496062995
1168.5039370078741 722.8346456692914 297.6377952755906 116.53543307086615 —
1288.1889763779527 722.8346456692914 357.4803149606299 116.53543307086615 81
1407.8740157480315 722.8346456692914 179.5275590551181 116.53543307086615 —

702.3622047244095 836.2204724409448 401.5748031496063 146.45669291338584 THIRIET
993.7007874015748 836.2204724409448 327.5590551181102 146.45669291338584 (Mlle
1212.5984251968505 836.2204724409448 401.5748031496063 146.45669291338584 Julie),
1503.9370078740158 836.2204724409448 327.5590551181102 146.45669291338584 élève
1722.8346456692914 836.2204724409448 218.89763779527559 146.45669291338584 de
1831.4960629921259 836.2204724409448 437.79527559055117 146.45669291338584 Larcher,
2122.834645669291 836.2204724409448 182.6771653543307 146.45669291338584 née

774.8031496062993 979.5275590551181 177.95275590551182 116.53543307086615 à
811.0236220472441 979.5275590551181 248.8188976377953 116.53543307086615 Metz.

787.4015748031496 1077.1653543307086 325.98425196850394 108.66141732283465 Nancy,
1037.7952755905512 1077.1653543307086 149.60629921259843 108.66141732283465 2,
1113.3858267716535 1077.1653543307086 174.8031496062992 108.66141732283465 rue
1187.4015748031495 1077.1653543307086 351.18110236220474 108.66141732283465 Clodion

436.2204724409449 1203.1496062992126 264.56692913385825 113.38582677165354 730
587.4015748031496 1203.1496062992126 188.9763779527559 113.38582677165354 —
662.992125984252 1203.1496062992126 566.9291338582677 113.38582677165354 Marguerites
1078.740157480315 1203.1496062992126 453.54330708661416 113.38582677165354 d’Automne.

437.79527559055117 1292.9133858267717 242.51968503937007 96.06299212598425 731
576.3779527559055 1292.9133858267717 173.22834645669292 96.06299212598425 —
645.6692913385826 1292.9133858267717 450.3937007874016 96.06299212598425 Corbeille
992.1259842519685 1292.9133858267717 207.8740157480315 96.06299212598425 de
1061.4173228346456 1292.9133858267717 277.1653543307087 96.06299212598425 roses.

429.9212598425197 1366.9291338582677 283.46456692913387 105.51181102362204 732
592.1259842519685 1366.9291338582677 201.5748031496063 105.51181102362204 —
633.0708661417323 1366.9291338582677 322.8346456692913 105.51181102362204 Roses.

703.9370078740158 1570.0787401574803 382.6771653543307 132.28346456692913 THIRIOT
981.1023622047244 1570.0787401574803 417.3228346456693 132.28346456692913 (Louis),
1294.4881889763778 1570.0787401574803 313.38582677165357 132.28346456692913 élève
1502.3622047244094 1570.0787401574803 207.8740157480315 132.28346456692913 de
1607.8740157480315 1570.0787401574803 417.3228346456693 132.28346456692913 Jacolot,
1919.6850393700788 1570.0787401574803 382.6771653543307 132.28346456692913 Leborne
2163.779527559055 1570.0787401574803 138.58267716535434 132.28346456692913 et

777.9527559055118 1664.5669291338584 467.7165354330709 96.06299212598425 Petitjean,
1144.8818897637796 1664.5669291338584 200.0 96.06299212598425 né
1244.0944881889764 1664.5669291338584 166.9291338582677 96.06299212598425 à
1278.740157480315 1664.5669291338584 266.1417322834646 96.06299212598425 Nancy.

774.8031496062993 1744.8818897637796 382.6771653543307 121.25984251968504 Malzéville

436.2204724409449 1889.763779527559 248.8188976377953 111.81102362204724 733
579.5275590551181 1889.763779527559 212.5984251968504 111.81102362204724 La
685.0393700787401 1889.763779527559 426.7716535433071 111.81102362204724 chapelle
1004.7244094488188 1889.763779527559 248.8188976377953 111.81102362204724 des
1148.0314960629921 1889.763779527559 426.7716535433071 111.81102362204724 Oliviers
1467.716535433071 1889.763779527559 319.68503937007875 111.81102362204724 (près
1680.3149606299212 1889.763779527559 212.5984251968504 111.81102362204724 de
1751.1811023622047 1889.763779527559 355.90551181102364 111.81102362204724 Menton).

434.6456692913386 1973.2283464566929 237.79527559055117 91.33858267716535 734
571.6535433070866 1973.2283464566929 170.07874015748033 91.33858267716535 —
639.3700787401575 1973.2283464566929 373.2283464566929 91.33858267716535 Plateau
910.2362204724409 1973.2283464566929 203.1496062992126 91.33858267716535 de
1012.5984251968504 1973.2283464566929 270.86614173228344 91.33858267716535 Sion
1182.6771653543308 1973.2283464566929 305.51181102362204 91.33858267716535 (près
1385.8267716535433 1973.2283464566929 203.1496062992126 91.33858267716535 de
1453.5433070866143 1973.2283464566929 407.87401574803147 91.33858267716535 Vézelise).

436.2204724409449 2023.6220472440946 233.0708661417323 133.85826771653544 735
568.503937007874 2023.6220472440946 166.9291338582677 133.85826771653544 —
636.2204724409448 2023.6220472440946 266.1417322834646 133.85826771653544 Port
801.5748031496063 2023.6220472440946 200.0 133.85826771653544 de
900.7874015748032 2023.6220472440946 299.21259842519686 133.85826771653544 l’île
1100.7874015748032 2023.6220472440946 200.0 133.85826771653544 de
1200.0 2023.6220472440946 299.21259842519686 133.85826771653544 Sarck
1400.0 2023.6220472440946 299.21259842519686 133.85826771653544 (îles
1566.9291338582677 2023.6220472440946 431.496062992126 133.85826771653544 normandes).

434.6456692913386 2122.834645669291 237.79527559055117 111.81102362204724 736
571.6535433070866 2122.834645669291 170.07874015748033 111.81102362204724 —
639.3700787401575 2122.834645669291 237.79527559055117 111.81102362204724 Rue
774.8031496062993 2122.834645669291 203.1496062992126 111.81102362204724 et
877.1653543307086 2122.834645669291 340.15748031496065 111.81102362204724 église
1114.9606299212599 2122.834645669291 203.1496062992126 111.81102362204724 de
1182.6771653543308 2122.834645669291 440.9448818897638 111.81102362204724 Malzéville.

694.488188976378 2269.2913385826773 370.0787401574803 170.07874015748033 THIRY
941.7322834645669 2269.2913385826773 370.0787401574803 170.07874015748033 (Mlle
1188.976377952756 2269.2913385826773 659.8425196850394 170.07874015748033 Antoinette),
1724.4094488188975 2269.2913385826773 288.18897637795277 170.07874015748033 née
1888.1889763779527 2269.2913385826773 206.29921259842519 170.07874015748033 à
1930.708661417323 2269.2913385826773 370.0787401574803 170.07874015748033 Champi

746.4566929133858 2384.251968503937 376.37795275590554 107.08661417322834 gneulles).

777.9527559055118 2481.8897637795276 382.6771653543307 103.93700787401575 Tomblaine

429.9212598425197 2611.0236220472443 277.1653543307087 110.23622047244095 737
587.4015748031496 2611.0236220472443 198.4251968503937 110.23622047244095 —
626.7716535433071 2611.0236220472443 633.0708661417323 110.23622047244095 Chrysanthèmes.

434.6456692913386 2699.212598425197 244.09448818897638 125.98425196850394 738
574.8031496062993 2699.212598425197 174.8031496062992 125.98425196850394 —
644.0944881889764 2699.212598425197 314.96062992125985 125.98425196850394 Roses
853.5433070866142 2699.212598425197 209.4488188976378 125.98425196850394 et
924.4094488188977 2699.212598425197 455.11811023622045 125.98425196850394 clématites.

692.9133858267717 2866.1417322834645 433.07086614173227 140.15748031496062 THOREN
952.7559055118111 2866.1417322834645 303.93700787401576 140.15748031496062 (DE).

787.4015748031496 2973.228346456693 321.25984251968504 140.15748031496062 Paris,
1034.6456692913387 2973.228346456693 148.03149606299212 140.15748031496062 5,
1108.6614173228347 2973.228346456693 173.22834645669292 140.15748031496062 rue
1207.8740157480315 2973.228346456693 148.03149606299212 140.15748031496062 de
1281.8897637795276 2973.228346456693 148.03149606299212 140.15748031496062 la
1330.708661417323 2973.228346456693 272.4409448818898 140.15748031496062 Paix

436.2204724409449 3110.236220472441 255.11811023622047 132.28346456692913 739
581.1023622047244 3110.236220472441 182.6771653543307 132.28346456692913 —
655.1181102362204 3110.236220472441 363.7795275590551 132.28346456692913 Vallée
908.6614173228346 3110.236220472441 218.89763779527559 132.28346456692913 de
1018.8976377952756 3110.236220472441 218.89763779527559 132.28346456692913 la
1091.3385826771653 3110.236220472441 400.0 132.28346456692913 Toucques.

697.6377952755905 3281.8897637795276 548.0314960629921 122.83464566929133 TIMMERMANS
1129.1338582677165 3281.8897637795276 469.29133858267716 122.83464566929133 (Louis),
1480.3149606299212 3281.8897637795276 352.755905511811 122.83464566929133 élève
1714.9606299212599 3281.8897637795276 234.64566929133858 122.83464566929133 de
1833.0708661417323 3281.8897637795276 429.9212598425197 122.83464566929133 l’Ecole
2107.0866141732286 3281.8897637795276 195.2755905511811 122.83464566929133 des

784.2519685039371 3393.700787401575 445.6692913385827 81.88976377952756 beaux-arts
1133.8582677165355 3393.700787401575 190.5511811023622 81.88976377952756 et
1229.9212598425197 3393.700787401575 190.5511811023622 81.88976377952756 de
1325.984251968504 3393.700787401575 414.1732283464567 81.88976377952756 Portaels,
1644.0944881889764 3393.700787401575 190.5511811023622 81.88976377952756 né
1740.1574803149606 3393.700787401575 159.0551181102362 81.88976377952756 à
1771.6535433070867 3393.700787401575 351.18110236220474 81.88976377952756 Bruxelles

787.4015748031496 3474.015748031496 340.15748031496065 130.70866141732284 Paris,
1048.8188976377953 3474.015748031496 157.48031496062993 130.70866141732284 2,
1127.5590551181103 3474.015748031496 182.6771653543307 130.70866141732284 rue
1206.2992125984251 3474.015748031496 601.5748031496063 130.70866141732284 Aumont

440.9448818897638 3629.9212598425197 236.2204724409449 92.91338582677166 740
574.8031496062993 3629.9212598425197 168.50393700787401 92.91338582677166 —
642.5196850393701 3629.9212598425197 540.1574803149606 92.91338582677166 L’avant-port
1080.3149606299212 3629.9212598425197 201.5748031496063 92.91338582677166 du
1182.6771653543308 3629.9212598425197 303.93700787401576 92.91338582677166 Havre
1384.251968503937 3629.9212598425197 337.00787401574803 92.91338582677166 (clair
1620.4724409448818 3629.9212598425197 201.5748031496063 92.91338582677166 de
1688.1889763779527 3629.9212598425197 269.29133858267716 92.91338582677166 lune).

437.79527559055117 3700.787401574803 267.7165354330709 100.78740157480316 741
590.5511811023622 3700.787401574803 190.5511811023622 100.78740157480316 —
666.1417322834645 3700.787401574803 229.92125984251967 100.78740157480316 La
781.1023622047244 3700.787401574803 343.3070866141732 100.78740157480316 Seine
1011.0236220472441 3700.787401574803 190.5511811023622 100.78740157480316 à
1048.8188976377953 3700.787401574803 305.51181102362204 100.78740157480316 Rouen.

437.79527559055117 3768.503937007874 253.54330708661416 125.98425196850394 742
582.6771653543307 3768.503937007874 181.10236220472441 125.98425196850394 —
655.1181102362204 3768.503937007874 217.3228346456693 125.98425196850394 Le
763.7795275590552 3768.503937007874 363.7795275590551 125.98425196850394 marché
1018.8976377952756 3768.503937007874 181.10236220472441 125.98425196850394 à
1091.3385826771653 3768.503937007874 508.66141732283467 125.98425196850394 Concarneau
1453.5433070866143 3768.503937007874 472.4409448818898 125.98425196850394 (Finistère.
