3310.236220472441 4310.236220472441
840.9448818897638 1226.7716535433071 474.01574803149606 173.22834645669292 RACKHAM
1214.1732283464567 1226.7716535433071 373.2283464566929 173.22834645669292 (Madame
1485.0393700787401 1226.7716535433071 508.66141732283467 173.22834645669292 Arthur
1892.9133858267717 1226.7716535433071 237.79527559055117 173.22834645669292 née
2028.3464566929133 1226.7716535433071 406.2992125984252 173.22834645669292 Edyth
2299.212598425197 1226.7716535433071 508.66141732283467 173.22834645669292 Starkie).

826.7716535433071 1467.716535433071 414.1732283464567 163.7795275590551 Épouse
1116.5354330708662 1467.716535433071 248.8188976377953 163.7795275590551 du
1198.4251968503936 1467.716535433071 497.6377952755906 163.7795275590551 précédent.

831.496062992126 1614.1732283464567 283.46456692913387 111.81102362204724 Née
993.7007874015748 1614.1732283464567 203.1496062992126 111.81102362204724 à
1075.5905511811025 1614.1732283464567 607.8740157480315 111.81102362204724 Rosscarbery
1562.2047244094488 1614.1732283464567 527.5590551181102 111.81102362204724 (Irlande)
1966.9291338582677 1614.1732283464567 242.51968503937007 111.81102362204724 le
2088.1889763779527 1614.1732283464567 242.51968503937007 111.81102362204724 27
2209.448818897638 1614.1732283464567 486.61417322834643 111.81102362204724 novembre
2574.803149606299 1614.1732283464567 365.3543307086614 111.81102362204724 1867.
2777.952755905512 1614.1732283464567 121.25984251968504 111.81102362204724 A

746.4566929133858 1707.0866141732283 429.9212598425197 130.70866141732284 étudié,
1059.8425196850394 1707.0866141732283 234.64566929133858 130.70866141732284 en
1177.9527559055118 1707.0866141732283 352.755905511811 130.70866141732284 1883,
1412.5984251968505 1707.0866141732283 195.2755905511811 130.70866141732284 à
1489.763779527559 1707.0866141732283 234.64566929133858 130.70866141732284 la
1607.8740157480315 1707.0866141732283 352.755905511811 130.70866141732284 Slade
1842.5196850393702 1707.0866141732283 392.12598425196853 130.70866141732284 School
2116.535433070866 1707.0866141732283 234.64566929133858 130.70866141732284 de
2234.6456692913384 1707.0866141732283 469.29133858267716 130.70866141732284 Londres,
2585.8267716535433 1707.0866141732283 313.38582677165357 130.70866141732284 puis
2743.3070866141734 1707.0866141732283 155.90551181102362 130.70866141732284 en

755.9055118110236 1818.8976377952756 338.5826771653543 125.98425196850394 1884,
981.1023622047244 1818.8976377952756 187.4015748031496 125.98425196850394 à
1056.6929133858268 1818.8976377952756 376.37795275590554 125.98425196850394 Paris,
1319.6850393700788 1818.8976377952756 187.4015748031496 125.98425196850394 à
1395.275590551181 1818.8976377952756 525.9842519685039 125.98425196850394 l’Académie
1809.4488188976377 1818.8976377952756 414.1732283464567 125.98425196850394 Julian,
2110.236220472441 1818.8976377952756 300.78740157480314 125.98425196850394 sous
2297.6377952755906 1818.8976377952756 225.1968503937008 125.98425196850394 la
2411.0236220472443 1818.8976377952756 488.18897637795277 125.98425196850394 direction
2749.6062992125985 1818.8976377952756 151.1811023622047 125.98425196850394 de

740.1574803149606 1922.8346456692914 360.62992125984255 116.53543307086615 Jules
979.5275590551181 1922.8346456692914 480.31496062992125 116.53543307086615 Lefebvre
1340.1574803149606 1922.8346456692914 240.9448818897638 116.53543307086615 et
1461.4173228346456 1922.8346456692914 240.9448818897638 116.53543307086615 de
1581.1023622047244 1922.8346456692914 601.5748031496063 116.53543307086615 Tony-Robert
2061.417322834646 1922.8346456692914 440.9448818897638 116.53543307086615 Fleury.
2382.6771653543306 1922.8346456692914 440.9448818897638 116.53543307086615 Aexposé
2662.9921259842517 1922.8346456692914 240.9448818897638 116.53543307086615 pour

744.8818897637796 2022.0472440944882 239.37007874015748 105.51181102362204 la
864.5669291338583 2022.0472440944882 480.31496062992125 105.51181102362204 première
1223.6220472440946 2022.0472440944882 319.68503937007875 105.51181102362204 fois
1423.6220472440946 2022.0472440944882 200.0 105.51181102362204 à
1503.9370078740158 2022.0472440944882 239.37007874015748 105.51181102362204 la
1623.6220472440946 2022.0472440944882 360.62992125984255 105.51181102362204 Royal
1864.5669291338584 2022.0472440944882 439.37007874015745 105.51181102362204 Academy
2184.251968503937 2022.0472440944882 239.37007874015748 105.51181102362204 en
2303.9370078740158 2022.0472440944882 360.62992125984255 105.51181102362204 1897.
2503.9370078740158 2022.0472440944882 400.0 105.51181102362204 Médaille

749.6062992125984 2121.259842519685 300.78740157480314 113.38582677165354 d’or
938.5826771653543 2121.259842519685 226.77165354330708 113.38582677165354 en
1051.9685039370079 2121.259842519685 300.78740157480314 113.38582677165354 1911
1239.3700787401574 2121.259842519685 188.9763779527559 113.38582677165354 à
1314.9606299212599 2121.259842519685 603.1496062992126 113.38582677165354 l’Exposition
1804.724409448819 2121.259842519685 678.7401574803149 113.38582677165354 internationale
2370.0787401574803 2121.259842519685 226.77165354330708 113.38582677165354 de
2445.6692913385828 2121.259842519685 451.9685039370079 113.38582677165354 Barcelone,

749.6062992125984 2239.3700787401576 286.61417322834643 119.68503937007874 avec
929.1338582677165 2239.3700787401576 215.748031496063 119.68503937007874 un
1036.2204724409448 2239.3700787401576 429.9212598425197 119.68503937007874 tableau,
1359.0551181102362 2239.3700787401576 322.8346456692913 119.68503937007874 la
1574.8031496062993 2239.3700787401576 286.61417322834643 119.68503937007874 Jupe
1754.3307086614172 2239.3700787401576 502.3622047244094 119.68503937007874 rouge
2149.6062992125985 2239.3700787401576 359.0551181102362 119.68503937007874 acquis
2400.0 2239.3700787401576 286.61417322834643 119.68503937007874 pour
2579.527559055118 2239.3700787401576 215.748031496063 119.68503937007874 le
2651.968503937008 2239.3700787401576 250.39370078740157 119.68503937007874 Musée

754.3307086614174 2341.732283464567 203.1496062992126 141.73228346456693 de
856.6929133858267 2341.732283464567 305.51181102362204 141.73228346456693 cette
1026.7716535433071 2341.732283464567 270.86614173228344 141.73228346456693 ville.

1376.3779527559054 2650.3937007874015 204.7244094488189 121.25984251968504 26.
1494.4881889763778 2650.3937007874015 437.79527559055117 121.25984251968504 Portrait
1844.0944881889764 2650.3937007874015 174.8031496062992 121.25984251968504 de
1902.3622047244094 2650.3937007874015 351.18110236220474 121.25984251968504 femme

1403.1496062992126 2779.527559055118 198.4251968503937 159.0551181102362 H.
1502.3622047244094 2779.527559055118 165.35433070866142 159.0551181102362 :
1568.5039370078741 2779.527559055118 198.4251968503937 159.0551181102362 1.
1667.716535433071 2779.527559055118 231.49606299212599 159.0551181102362 54;
1800.0 2779.527559055118 198.4251968503937 159.0551181102362 L.
1899.2125984251968 2779.527559055118 165.35433070866142 159.0551181102362 :
1965.3543307086613 2779.527559055118 198.4251968503937 159.0551181102362 0.
2031.4960629921259 2779.527559055118 165.35433070866142 159.0551181102362 73.

833.0708661417323 2981.1023622047246 240.9448818897638 121.25984251968504 Une
971.6535433070866 2981.1023622047246 310.23622047244095 121.25984251968504 jeune
1177.9527559055118 2981.1023622047246 344.88188976377955 121.25984251968504 femme,
1418.8976377952756 2981.1023622047246 344.88188976377955 121.25984251968504 debout
1661.4173228346456 2981.1023622047246 206.29921259842519 121.25984251968504 de
1763.7795275590552 2981.1023622047246 310.23622047244095 121.25984251968504 trois
1971.6535433070867 2981.1023622047246 344.88188976377955 121.25984251968504 quarts
2212.5984251968503 2981.1023622047246 171.6535433070866 121.25984251968504 à
2281.8897637795276 2981.1023622047246 379.5275590551181 121.25984251968504 droite,
2557.48031496063 2981.1023622047246 240.9448818897638 121.25984251968504 les
2661.417322834646 2981.1023622047246 240.9448818897638 121.25984251968504 mains

757.4803149606299 3088.1889763779527 434.6456692913386 99.21259842519684 croisées,
1091.3385826771653 3088.1889763779527 300.78740157480314 99.21259842519684 vêtue
1292.9133858267717 3088.1889763779527 300.78740157480314 99.21259842519684 d’une
1492.9133858267717 3088.1889763779527 267.7165354330709 99.21259842519684 robe
1661.4173228346456 3088.1889763779527 300.78740157480314 99.21259842519684 grise
1861.4173228346456 3088.1889763779527 434.6456692913386 99.21259842519684 mouchetée
2196.850393700787 3088.1889763779527 201.5748031496063 99.21259842519684 de
2296.0629921259842 3088.1889763779527 267.7165354330709 99.21259842519684 noir
2464.566929133858 3088.1889763779527 201.5748031496063 99.21259842519684 et
2563.779527559055 3088.1889763779527 335.43307086614175 99.21259842519684 bordée
2765.3543307086616 3088.1889763779527 133.85826771653544 99.21259842519684 de

754.3307086614174 3177.952755905512 385.8267716535433 140.15748031496062 franges
1034.6456692913387 3177.952755905512 385.8267716535433 140.15748031496062 noires.
1314.9606299212599 3177.952755905512 280.31496062992125 140.15748031496062 Fond
1491.3385826771653 3177.952755905512 280.31496062992125 140.15748031496062 brun
1666.1417322834645 3177.952755905512 280.31496062992125 140.15748031496062 très
1807.8740157480315 3177.952755905512 280.31496062992125 140.15748031496062 foncé.

842.5196850393701 3348.031496062992 259.84251968503935 157.48031496062993 Signé
1015.7480314960629 3348.031496062992 173.22834645669292 157.48031496062993 en
1102.3622047244094 3348.031496062992 231.49606299212599 157.48031496062993 bas,
1247.244094488189 3348.031496062992 144.88188976377953 157.48031496062993 à
1305.5118110236222 3348.031496062992 318.1102362204724 157.48031496062993 droite:
1537.007874015748 3348.031496062992 348.0314960629921 157.48031496062993 Edyth
1796.8503937007874 3348.031496062992 318.1102362204724 157.48031496062993 Starbie
2000.0 3348.031496062992 404.7244094488189 157.48031496062993 Rachbam

1648.8188976377953 3565.3543307086616 251.96850393700788 111.81102362204724 92
