3294.488188976378 4319.685039370079
963.7795275590552 716.5354330708661 355.90551181102364 132.28346456692913 RICH
1223.6220472440946 716.5354330708661 355.90551181102364 132.28346456692913 (Alfred
1450.3937007874015 716.5354330708661 485.03937007874015 132.28346456692913 William).

477.1653543307087 970.0787401574803 236.2204724409449 108.66141732283465 Né
595.2755905511812 970.0787401574803 196.8503937007874 108.66141732283465 à
674.0157480314961 970.0787401574803 433.07086614173227 108.66141732283465 Scaynes
988.9763779527559 970.0787401574803 314.96062992125985 108.66141732283465 Hill
1184.251968503937 970.0787401574803 393.7007874015748 108.66141732283465 (comté
1459.8425196850394 970.0787401574803 236.2204724409449 108.66141732283465 de
1577.9527559055118 970.0787401574803 433.07086614173227 108.66141732283465 Sussex)
1892.9133858267717 970.0787401574803 236.2204724409449 108.66141732283465 le
2011.023622047244 970.0787401574803 196.8503937007874 108.66141732283465 4
2088.1889763779527 970.0787401574803 314.96062992125985 108.66141732283465 mars
2245.6692913385828 970.0787401574803 275.59055118110234 108.66141732283465 1856.

396.8503937007874 1094.4881889763778 425.1968503937008 110.23622047244095 Débuta,
707.0866141732283 1094.4881889763778 231.49606299212599 110.23622047244095 en
823.6220472440945 1094.4881889763778 348.0314960629921 110.23622047244095 1870,
1055.1181102362204 1094.4881889763778 270.86614173228344 110.23622047244095 par
1209.4488188976377 1094.4881889763778 502.3622047244094 110.23622047244095 apprendre
1596.8503937007874 1094.4881889763778 348.0314960629921 110.23622047244095 l’art
1828.3464566929133 1094.4881889763778 231.49606299212599 110.23622047244095 de
1944.8818897637796 1094.4881889763778 425.1968503937008 110.23622047244095 peintre
2215.748031496063 1094.4881889763778 308.66141732283467 110.23622047244095 héral-

395.2755905511811 1184.251968503937 319.68503937007875 108.66141732283465 dique
609.4488188976378 1184.251968503937 212.5984251968504 108.66141732283465 et
714.9606299212599 1184.251968503937 568.503937007874 108.66141732283465 l’enluminure
1177.9527559055118 1184.251968503937 390.5511811023622 108.66141732283465 jusqu’à
1461.4173228346456 1184.251968503937 212.5984251968504 108.66141732283465 ce
1568.5039370078741 1184.251968503937 283.46456692913387 108.66141732283465 que,
1746.4566929133857 1184.251968503937 212.5984251968504 108.66141732283465 en
1851.9685039370079 1184.251968503937 319.68503937007875 108.66141732283465 1890,
2066.1417322834645 1184.251968503937 212.5984251968504 108.66141732283465 il
2137.0078740157483 1184.251968503937 390.5511811023622 108.66141732283465 s’adonnât

395.2755905511811 1292.9133858267717 179.5275590551181 111.81102362204724 à
467.7165354330709 1292.9133858267717 324.40944881889766 111.81102362204724 l’art
683.4645669291339 1292.9133858267717 503.93700787401576 111.81102362204724 proprement
1080.3149606299212 1292.9133858267717 288.18897637795277 111.81102362204724 dit.
1259.8425196850394 1292.9133858267717 215.748031496063 111.81102362204724 Il
1368.5039370078741 1292.9133858267717 360.62992125984255 111.81102362204724 étudia
1620.4724409448818 1292.9133858267717 324.40944881889766 111.81102362204724 alors
1836.2204724409448 1292.9133858267717 179.5275590551181 111.81102362204724 à
1908.6614173228347 1292.9133858267717 215.748031496063 111.81102362204724 la
2017.3228346456692 1292.9133858267717 324.40944881889766 111.81102362204724 Slade
2196.850393700787 1292.9133858267717 324.40944881889766 111.81102362204724 School,

393.7007874015748 1401.5748031496064 305.51181102362204 125.98425196850394 sous
584.2519685039371 1401.5748031496064 228.3464566929134 125.98425196850394 la
699.2125984251968 1401.5748031496064 496.06299212598424 125.98425196850394 direction
1080.3149606299212 1401.5748031496064 533.8582677165355 125.98425196850394 d’Alphonse
1499.2125984251968 1401.5748031496064 418.8976377952756 125.98425196850394 Legros,
1804.724409448819 1401.5748031496064 267.7165354330709 125.98425196850394 qui
1957.4803149606298 1401.5748031496064 267.7165354330709 125.98425196850394 eut
2110.236220472441 1401.5748031496064 267.7165354330709 125.98425196850394 une
2223.6220472440946 1401.5748031496064 305.51181102362204 125.98425196850394 grande

392.12598425196853 1507.0866141732283 486.61417322834643 111.81102362204724 influence
766.9291338582677 1507.0866141732283 261.4173228346457 111.81102362204724 sur
916.5354330708661 1507.0866141732283 299.21259842519686 111.81102362204724 lui,
1102.3622047244094 1507.0866141732283 223.6220472440945 111.81102362204724 et
1214.1732283464567 1507.0866141732283 223.6220472440945 111.81102362204724 de
1327.5590551181103 1507.0866141732283 261.4173228346457 111.81102362204724 son
1477.1653543307086 1507.0866141732283 560.6299212598425 111.81102362204724 successeur,
1924.4094488188975 1507.0866141732283 337.00787401574803 111.81102362204724 Fred.
2149.6062992125985 1507.0866141732283 373.2283464566929 111.81102362204724 Brown,
2373.228346456693 1507.0866141732283 149.60629921259843 111.81102362204724 de

403.1496062992126 1623.6220472440946 297.6377952755906 103.93700787401575 1890
588.9763779527559 1623.6220472440946 185.82677165354332 103.93700787401575 à
664.5669291338583 1623.6220472440946 333.8582677165354 103.93700787401575 1896.
886.6141732283464 1623.6220472440946 185.82677165354332 103.93700787401575 A
960.6299212598425 1623.6220472440946 409.4488188976378 103.93700787401575 figuré,
1258.267716535433 1623.6220472440946 297.6377952755906 103.93700787401575 pour
1444.0944881889764 1623.6220472440946 223.6220472440945 103.93700787401575 la
1555.9055118110236 1623.6220472440946 445.6692913385827 103.93700787401575 première
1891.3385826771653 1623.6220472440946 297.6377952755906 103.93700787401575 fois
2077.165354330709 1623.6220472440946 223.6220472440945 103.93700787401575 en
2188.9763779527557 1623.6220472440946 333.8582677165354 103.93700787401575 1896,
2374.803149606299 1623.6220472440946 148.03149606299212 103.93700787401575 au

393.7007874015748 1718.1102362204724 261.4173228346457 124.40944881889764 New
543.3070866141733 1718.1102362204724 411.0236220472441 124.40944881889764 English
842.5196850393701 1718.1102362204724 261.4173228346457 124.40944881889764 Art
992.1259842519685 1718.1102362204724 337.00787401574803 124.40944881889764 Club,
1217.3228346456692 1718.1102362204724 225.1968503937008 124.40944881889764 où
1329.1338582677165 1718.1102362204724 225.1968503937008 124.40944881889764 il
1440.9448818897638 1718.1102362204724 261.4173228346457 124.40944881889764 n'a
1590.5511811023623 1718.1102362204724 337.00787401574803 124.40944881889764 cessé
1815.748031496063 1718.1102362204724 524.4094488188977 124.40944881889764 d’exposer.
2226.771653543307 1718.1102362204724 187.4015748031496 124.40944881889764 A
2264.566929133858 1718.1102362204724 261.4173228346457 124.40944881889764 peint

393.7007874015748 1833.0708661417323 418.8976377952756 89.76377952755905 surtout
697.6377952755905 1833.0708661417323 228.3464566929134 89.76377952755905 en
812.5984251968504 1833.0708661417323 570.0787401574803 89.76377952755905 Angleterre,
1269.291338582677 1833.0708661417323 303.93700787401576 89.76377952755905 mais
1458.267716535433 1833.0708661417323 570.0787401574803 89.76377952755905 quelquefois
1914.9606299212599 1833.0708661417323 341.73228346456693 89.76377952755905 aussi
2143.3070866141734 1833.0708661417323 228.3464566929134 89.76377952755905 en
2220.472440944882 1833.0708661417323 303.93700787401576 89.76377952755905 France

388.9763779527559 1954.3307086614172 228.3464566929134 103.93700787401575 et
502.3622047244094 1954.3307086614172 228.3464566929134 103.93700787401575 en
617.3228346456693 1954.3307086614172 496.06299212598424 103.93700787401575 Hollande.
998.4251968503937 1954.3307086614172 305.51181102362204 103.93700787401575 Très
1188.976377952756 1954.3307086614172 609.4488188976378 103.93700787401575 impressionné
1685.0393700787401 1954.3307086614172 267.7165354330709 103.93700787401575 par
1837.7952755905512 1954.3307086614172 267.7165354330709 103.93700787401575 les
1990.5511811023623 1954.3307086614172 381.1023622047244 103.93700787401575 grands
2218.8976377952754 1954.3307086614172 305.51181102362204 103.93700787401575 paysa-

390.5511811023622 2031.4960629921259 381.1023622047244 149.60629921259843 gistes
656.6929133858267 2031.4960629921259 494.48818897637796 149.60629921259843 français.
1037.7952755905512 2031.4960629921259 381.1023622047244 149.60629921259843 Œuvres
1303.9370078740158 2031.4960629921259 303.93700787401576 149.60629921259843 dans
1494.4881889763778 2031.4960629921259 381.1023622047244 149.60629921259843 divers
1760.6299212598426 2031.4960629921259 381.1023622047244 149.60629921259843 musées
1988.976377952756 2031.4960629921259 533.8582677165355 149.60629921259843 d’Angleterre

387.40157480314963 2173.228346456693 251.96850393700788 91.33858267716535 et
513.3858267716536 2173.228346456693 292.9133858267717 91.33858267716535 des
681.8897637795276 2173.228346456693 544.8818897637796 91.33858267716535 Colonies:
1100.7874015748032 2173.228346456693 461.4173228346457 91.33858267716535 British
1436.2204724409448 2173.228346456693 461.4173228346457 91.33858267716535 Museum,
1771.6535433070867 2173.228346456693 587.4015748031496 91.33858267716535 Cambridge,
2192.1259842519685 2173.228346456693 335.43307086614175 91.33858267716535 Walker

388.9763779527559 2256.6929133858266 277.1653543307087 103.93700787401575 art
546.4566929133858 2256.6929133858266 434.6456692913386 103.93700787401575 Gallery
862.992125984252 2256.6929133858266 236.2204724409449 103.93700787401575 de
981.1023622047244 2256.6929133858266 552.7559055118111 103.93700787401575 Liverpool;
1415.748031496063 2256.6929133858266 474.01574803149606 103.93700787401575 Victoria
1771.6535433070867 2256.6929133858266 277.1653543307087 103.93700787401575 and
1929.1338582677165 2256.6929133858266 395.2755905511811 103.93700787401575 Albert
2165.3543307086616 2256.6929133858266 355.90551181102364 103.93700787401575 Museum,

387.40157480314963 2357.48031496063 600.0 122.83464566929133 Johannesburg
874.0157480314961 2357.48031496063 299.21259842519686 122.83464566929133 City
1061.4173228346456 2357.48031496063 448.81889763779526 122.83464566929133 Gallery,
1398.4251968503936 2357.48031496063 337.00787401574803 122.83464566929133 etc.,
1623.6220472440946 2357.48031496063 337.00787401574803 122.83464566929133 etc.;
1848.8188976377953 2357.48031496063 225.1968503937008 122.83464566929133 et
1960.6299212598426 2357.48031496063 299.21259842519686 122.83464566929133 dans
2148.031496062992 2357.48031496063 374.8031496062992 122.83464566929133 nombre
2373.228346456693 2357.48031496063 149.60629921259843 122.83464566929133 de

398.4251968503937 2462.9921259842517 477.1653543307087 135.43307086614172 collections
779.5275590551181 2462.9921259842517 381.1023622047244 135.43307086614172 privées.
1066.1417322834645 2462.9921259842517 222.04724409448818 135.43307086614172 Son
1192.1259842519685 2462.9921259842517 381.1023622047244 135.43307086614172 portrait
1478.740157480315 2462.9921259842517 318.1102362204724 135.43307086614172 figure
1700.7874015748032 2462.9921259842517 253.54330708661416 135.43307086614172 dans
1859.8425196850394 2462.9921259842517 190.5511811023622 135.43307086614172 le
1955.9055118110236 2462.9921259842517 349.6062992125984 135.43307086614172 Café
2177.952755905512 2462.9921259842517 349.6062992125984 135.43307086614172 royal

395.2755905511811 2566.9291338582675 256.6929133858268 130.70866141732284 de
480.31496062992125 2566.9291338582675 343.3070866141732 130.70866141732284 Orpen.

853.5433070866142 2806.299212598425 215.748031496063 146.45669291338584 27.
977.9527559055118 2806.299212598425 401.5748031496063 146.45669291338584 Parish
1286.6141732283465 2806.299212598425 340.15748031496065 146.45669291338584 Church,
1503.9370078740158 2806.299212598425 494.48818897637796 146.45669291338584 Huntington

1105.5118110236222 2918.1102362204724 176.3779527559055 137.00787401574803 H.
1193.7007874015749 2918.1102362204724 146.45669291338584 137.00787401574803 :
1253.5433070866143 2918.1102362204724 176.3779527559055 137.00787401574803 0,
1341.732283464567 2918.1102362204724 206.29921259842519 137.00787401574803 30;
1459.8425196850394 2918.1102362204724 176.3779527559055 137.00787401574803 L.
1548.0314960629921 2918.1102362204724 146.45669291338584 137.00787401574803 :
1606.2992125984251 2918.1102362204724 176.3779527559055 137.00787401574803 0,
1666.1417322834645 2918.1102362204724 146.45669291338584 137.00787401574803 34.

1218.8976377952756 3017.3228346456694 425.1968503937008 135.43307086614172 Aquarelle.

467.7165354330709 3187.4015748031497 231.49606299212599 118.11023622047244 Une
600.0 3187.4015748031497 362.20472440944883 118.11023622047244 vieille
862.992125984252 3187.4015748031497 330.70866141732284 118.11023622047244 église
1094.4881889763778 3187.4015748031497 395.2755905511811 118.11023622047244 anglaise
1392.1259842519685 3187.4015748031497 198.4251968503937 118.11023622047244 au
1491.3385826771653 3187.4015748031497 330.70866141732284 118.11023622047244 milieu
1721.259842519685 3187.4015748031497 198.4251968503937 118.11023622047244 de
1820.4724409448818 3187.4015748031497 231.49606299212599 118.11023622047244 son
1952.755905511811 3187.4015748031497 297.6377952755906 118.11023622047244 petit
2118.1102362204724 3187.4015748031497 395.2755905511811 118.11023622047244 cimetière,

393.7007874015748 3278.740157480315 393.7007874015748 127.55905511811024 ombragé
680.3149606299213 3278.740157480315 250.39370078740157 127.55905511811024 par
823.6220472440945 3278.740157480315 214.17322834645668 127.55905511811024 un
930.7086614173228 3278.740157480315 322.8346456692913 127.55905511811024 grand
1110.236220472441 3278.740157480315 357.4803149606299 127.55905511811024 bouleau.

475.59055118110234 3373.228346456693 251.96850393700788 135.43307086614172 Signé
644.0944881889764 3373.228346456693 168.50393700787401 135.43307086614172 en
727.5590551181102 3373.228346456693 223.6220472440945 135.43307086614172 bas,
867.7165354330708 3373.228346456693 140.15748031496062 135.43307086614172 à
922.8346456692914 3373.228346456693 307.0866141732283 135.43307086614172 droite,
1148.0314960629921 3373.228346456693 363.7795275590551 135.43307086614172 Alfred
1426.7716535433071 3373.228346456693 168.50393700787401 135.43307086614172 W.
1483.4645669291338 3373.228346456693 307.0866141732283 135.43307086614172 Rich.
