2099 2752
884 744 312 89 <b>RICKETTS
1113 744 332 89 (Charles</b>).

538 942 160 78 Né
618 942 133 78 à
671 942 293 78 Genève,
884 942 160 78 en
964 942 239 78 1866,
1124 942 213 78 d'un
1257 942 213 78 père
1390 942 293 78 anglais
1603 942 160 78 et
1656 942 186 78 d’une

490 1024 187 82 mère
606 1024 326 82 française;
863 1024 210 82 passa
1003 1024 140 82 en
1073 1024 233 82 France
1236 1024 163 82 une
1329 1024 233 82 partie
1492 1024 140 82 de
1562 1024 163 82 son
1632 1024 210 82 enfance

489 1090 150 83 et
564 1090 351 83 s’imprégna
840 1090 150 83 de
915 1090 226 83 bonne
1066 1090 226 83 heure
1216 1090 176 83 des
1316 1090 426 83 chefs-d’œuvre
1667 1090 150 83 de
1718 1090 125 83 nos

460 1161 243 69 musées.

542 1210 276 97 Étudia,
743 1210 201 97 vers
868 1210 226 97 1855,
1019 1210 125 97 à
1069 1210 226 97 l’Art
1220 1210 251 97 School
1395 1210 151 97 de
1471 1210 301 97 Lambethi
1696 1210 151 97 où
1747 1210 100 97 il

489 1291 261 77 connut
671 1291 287 77 Charles
880 1291 313 77 Shannon,
1114 1291 208 77 avec
1245 1291 182 77 qui
1349 1291 156 77 il
1427 1291 235 77 vécut
1583 1291 156 77 en
1636 1291 208 77 commun

489 1353 272 89 depuis.
687 1353 222 89 (Voir
835 1353 148 89 n°
885 1353 148 89 31.)

549 1422 154 86 Ils
637 1422 308 86 publièrent
879 1422 264 86 ensemble
1077 1422 132 86 le
1143 1422 374 86 <i>Cadran</i>
1451 1422 132 86 où
1517 1422 264 86 parurent
1693 1422 154 86 leurs

489 1505 321 65 premières
736 1505 321 65 estampes;
983 1505 148 65 en
1057 1505 197 65 même
1180 1505 247 65 temps,
1353 1505 296 65 Ricketts
1575 1505 271 65 éditait
1747 1505 99 65 et

488 1547 327 77 imprimait
739 1547 201 77 même
865 1547 201 77 sous
991 1547 151 77 sa
1066 1547 226 77 firme
1217 1547 201 77 «The
1343 1547 201 77 Vale
1469 1547 226 77 Press
1620 1547 151 77 »,
1670 1547 176 77 1889-

497 1623 202 94 1904,
631 1623 225 94 divers
789 1623 270 94 ouvrages
991 1623 292 94 illustrés
1216 1623 135 94 ou
1284 1623 202 94 ornés
1419 1623 135 94 de
1486 1623 180 94 bois
1576 1623 270 94 influencés

489 1699 156 79 par
578 1699 156 79 les
667 1699 245 79 anciens
845 1699 268 79 graveurs
1024 1699 245 79 italiens.

545 1758 206 91 C’est
682 1758 297 91 seulement
911 1758 229 91 depuis
1071 1758 183 91 1904
1186 1758 160 91 que
1277 1758 275 91 Ricketts
1483 1758 206 91 s’est
1620 1758 183 91 fait
1712 1758 137 91 con-

491 1823 230 89 naître
652 1823 207 89 comme
790 1823 276 89 peintre,
998 1823 115 89 n
1044 1823 207 89 ayant
1182 1823 207 89 guère
1320 1823 230 89 exposé
1481 1823 184 89 qu’à
1597 1823 138 89 la
1643 1823 207 89 Société

469 1887 393 85 Internationale.

544 1955 241 92 Legros
713 1955 121 92 a
761 1955 265 92 exécuté
954 1955 145 92 en
1026 1955 289 92 médaille
1243 1955 145 92 le
1316 1955 289 92 portrait
1533 1955 145 92 de
1581 1955 265 92 Ricketts.

544 2020 163 91 Ch.
637 2020 280 91 Ricketts
847 2020 117 91 a
893 2020 233 91 publié
1056 2020 233 91 maints
1220 2020 256 91 travaux
1406 2020 303 91 critiques
1639 2020 186 91 dans
1732 2020 117 91 des

483 2089 364 80 périodiques
774 2089 267 80 anglais
968 2089 146 80 et
1041 2089 316 80 français,
1284 2089 243 80 réunis
1454 2089 194 80 dans
1575 2089 146 80 un
1624 2089 218 80 volume:

499 2155 203 90 <i>Pages
651 2155 101 90 of
702 2155 203 90 Art</i>,
837 2155 118 90 1913.

1027 2267 173 110 —
1097 2267 208 110 96
1166 2267 104 110 —
