3305.511811023622 4333.858267716535
1392.1259842519685 1171.6535433070867 491.33858267716533 140.15748031496062 RICKETTS
1752.755905511811 1171.6535433070867 522.8346456692914 140.15748031496062 (Charles).

847.2440944881889 1483.4645669291338 251.96850393700788 122.83464566929133 Né
973.2283464566929 1483.4645669291338 209.4488188976378 122.83464566929133 à
1056.6929133858268 1483.4645669291338 461.4173228346457 122.83464566929133 Genève,
1392.1259842519685 1483.4645669291338 251.96850393700788 122.83464566929133 en
1518.1102362204724 1483.4645669291338 376.37795275590554 122.83464566929133 1866,
1770.0787401574803 1483.4645669291338 335.43307086614175 122.83464566929133 d'un
1979.5275590551182 1483.4645669291338 335.43307086614175 122.83464566929133 père
2188.9763779527557 1483.4645669291338 461.4173228346457 122.83464566929133 anglais
2524.4094488188975 1483.4645669291338 251.96850393700788 122.83464566929133 et
2607.8740157480315 1483.4645669291338 292.9133858267717 122.83464566929133 d’une

771.6535433070866 1612.5984251968505 294.48818897637796 129.13385826771653 mère
954.3307086614174 1612.5984251968505 513.3858267716536 129.13385826771653 française;
1359.0551181102362 1612.5984251968505 330.70866141732284 129.13385826771653 passa
1579.5275590551182 1612.5984251968505 220.4724409448819 129.13385826771653 en
1689.763779527559 1612.5984251968505 366.92913385826773 129.13385826771653 France
1946.4566929133857 1612.5984251968505 256.6929133858268 129.13385826771653 une
2092.9133858267714 1612.5984251968505 366.92913385826773 129.13385826771653 partie
2349.6062992125985 1612.5984251968505 220.4724409448819 129.13385826771653 de
2459.8425196850394 1612.5984251968505 256.6929133858268 129.13385826771653 son
2570.0787401574803 1612.5984251968505 330.70866141732284 129.13385826771653 enfance

770.0787401574803 1716.5354330708662 236.2204724409449 130.70866141732284 et
888.1889763779527 1716.5354330708662 552.7559055118111 130.70866141732284 s’imprégna
1322.8346456692914 1716.5354330708662 236.2204724409449 130.70866141732284 de
1440.9448818897638 1716.5354330708662 355.90551181102364 130.70866141732284 bonne
1678.740157480315 1716.5354330708662 355.90551181102364 130.70866141732284 heure
1914.9606299212599 1716.5354330708662 277.1653543307087 130.70866141732284 des
2072.4409448818897 1716.5354330708662 670.8661417322835 130.70866141732284 chefs-d’œuvre
2625.196850393701 1716.5354330708662 236.2204724409449 130.70866141732284 de
2705.511811023622 1716.5354330708662 196.8503937007874 130.70866141732284 nos

724.4094488188977 1828.3464566929133 382.6771653543307 108.66141732283465 musées.

853.5433070866142 1905.5118110236222 434.6456692913386 152.75590551181102 Étudia,
1170.0787401574803 1905.5118110236222 316.53543307086613 152.75590551181102 vers
1366.9291338582677 1905.5118110236222 355.90551181102364 152.75590551181102 1855,
1604.724409448819 1905.5118110236222 196.8503937007874 152.75590551181102 à
1683.4645669291338 1905.5118110236222 355.90551181102364 152.75590551181102 l’Art
1921.259842519685 1905.5118110236222 395.2755905511811 152.75590551181102 School
2196.850393700787 1905.5118110236222 237.79527559055117 152.75590551181102 de
2316.535433070866 1905.5118110236222 474.01574803149606 152.75590551181102 Lambethi
2670.8661417322833 1905.5118110236222 237.79527559055117 152.75590551181102 où
2751.181102362205 1905.5118110236222 157.48031496062993 152.75590551181102 il

770.0787401574803 2033.0708661417323 411.0236220472441 121.25984251968504 connut
1056.6929133858268 2033.0708661417323 451.9685039370079 121.25984251968504 Charles
1385.8267716535433 2033.0708661417323 492.9133858267717 121.25984251968504 Shannon,
1754.3307086614172 2033.0708661417323 327.5590551181102 121.25984251968504 avec
1960.6299212598426 2033.0708661417323 286.61417322834643 121.25984251968504 qui
2124.4094488188975 2033.0708661417323 245.66929133858267 121.25984251968504 il
2247.244094488189 2033.0708661417323 370.0787401574803 121.25984251968504 vécut
2492.9133858267714 2033.0708661417323 245.66929133858267 121.25984251968504 en
2576.3779527559054 2033.0708661417323 327.5590551181102 121.25984251968504 commun

770.0787401574803 2130.7086614173227 428.34645669291336 140.15748031496062 depuis.
1081.8897637795276 2130.7086614173227 349.6062992125984 140.15748031496062 (Voir
1314.9606299212599 2130.7086614173227 233.0708661417323 140.15748031496062 n°
1393.7007874015749 2130.7086614173227 233.0708661417323 140.15748031496062 31.)

864.5669291338583 2239.3700787401576 242.51968503937007 135.43307086614172 Ils
1003.1496062992126 2239.3700787401576 485.03937007874015 135.43307086614172 publièrent
1384.251968503937 2239.3700787401576 415.748031496063 135.43307086614172 ensemble
1696.0629921259842 2239.3700787401576 207.8740157480315 135.43307086614172 le
1800.0 2239.3700787401576 588.9763779527559 135.43307086614172 Cadran
2285.0393700787404 2239.3700787401576 207.8740157480315 135.43307086614172 où
2388.9763779527557 2239.3700787401576 415.748031496063 135.43307086614172 parurent
2666.1417322834645 2239.3700787401576 242.51968503937007 135.43307086614172 leurs

770.0787401574803 2370.0787401574803 505.51181102362204 102.36220472440945 premières
1159.0551181102362 2370.0787401574803 505.51181102362204 102.36220472440945 estampes;
1548.0314960629921 2370.0787401574803 233.0708661417323 102.36220472440945 en
1664.5669291338584 2370.0787401574803 310.23622047244095 102.36220472440945 même
1858.267716535433 2370.0787401574803 388.9763779527559 102.36220472440945 temps,
2130.7086614173227 2370.0787401574803 466.1417322834646 102.36220472440945 Ricketts
2480.314960629921 2370.0787401574803 426.7716535433071 102.36220472440945 éditait
2751.181102362205 2370.0787401574803 155.90551181102362 102.36220472440945 et

768.503937007874 2436.220472440945 514.9606299212599 121.25984251968504 imprimait
1163.7795275590552 2436.220472440945 316.53543307086613 121.25984251968504 même
1362.2047244094488 2436.220472440945 316.53543307086613 121.25984251968504 sous
1560.6299212598426 2436.220472440945 237.79527559055117 121.25984251968504 sa
1678.740157480315 2436.220472440945 355.90551181102364 121.25984251968504 firme
1916.5354330708662 2436.220472440945 316.53543307086613 121.25984251968504 «The
2114.9606299212596 2436.220472440945 316.53543307086613 121.25984251968504 Vale
2313.3858267716537 2436.220472440945 355.90551181102364 121.25984251968504 Press
2551.181102362205 2436.220472440945 237.79527559055117 121.25984251968504 »,
2629.9212598425197 2436.220472440945 277.1653543307087 121.25984251968504 1889-

782.6771653543307 2555.9055118110236 318.1102362204724 148.03149606299212 1904,
993.7007874015748 2555.9055118110236 354.3307086614173 148.03149606299212 divers
1242.5196850393702 2555.9055118110236 425.1968503937008 148.03149606299212 ouvrages
1560.6299212598426 2555.9055118110236 459.84251968503935 148.03149606299212 illustrés
1914.9606299212599 2555.9055118110236 212.5984251968504 148.03149606299212 ou
2022.0472440944882 2555.9055118110236 318.1102362204724 148.03149606299212 ornés
2234.6456692913384 2555.9055118110236 212.5984251968504 148.03149606299212 de
2340.1574803149606 2555.9055118110236 283.46456692913387 148.03149606299212 bois
2481.8897637795276 2555.9055118110236 425.1968503937008 148.03149606299212 influencés

770.0787401574803 2675.5905511811025 245.66929133858267 124.40944881889764 par
910.2362204724409 2675.5905511811025 245.66929133858267 124.40944881889764 les
1050.3937007874015 2675.5905511811025 385.8267716535433 124.40944881889764 anciens
1330.708661417323 2675.5905511811025 422.0472440944882 124.40944881889764 graveurs
1612.5984251968505 2675.5905511811025 385.8267716535433 124.40944881889764 italiens.

858.2677165354331 2768.503937007874 324.40944881889766 143.30708661417322 C’est
1074.015748031496 2768.503937007874 467.7165354330709 143.30708661417322 seulement
1434.6456692913387 2768.503937007874 360.62992125984255 143.30708661417322 depuis
1686.6141732283465 2768.503937007874 288.18897637795277 143.30708661417322 1904
1867.716535433071 2768.503937007874 251.96850393700788 143.30708661417322 que
2011.023622047244 2768.503937007874 433.07086614173227 143.30708661417322 Ricketts
2335.433070866142 2768.503937007874 324.40944881889766 143.30708661417322 s’est
2551.181102362205 2768.503937007874 288.18897637795277 143.30708661417322 fait
2696.0629921259842 2768.503937007874 215.748031496063 143.30708661417322 con-

773.2283464566929 2870.8661417322833 362.20472440944883 140.15748031496062 naître
1026.7716535433071 2870.8661417322833 325.98425196850394 140.15748031496062 comme
1244.0944881889764 2870.8661417322833 434.6456692913386 140.15748031496062 peintre,
1571.6535433070867 2870.8661417322833 181.10236220472441 140.15748031496062 n
1644.0944881889764 2870.8661417322833 325.98425196850394 140.15748031496062 ayant
1861.4173228346456 2870.8661417322833 325.98425196850394 140.15748031496062 guère
2078.740157480315 2870.8661417322833 362.20472440944883 140.15748031496062 exposé
2332.283464566929 2870.8661417322833 289.76377952755905 140.15748031496062 qu’à
2514.9606299212596 2870.8661417322833 217.3228346456693 140.15748031496062 la
2587.4015748031497 2870.8661417322833 325.98425196850394 140.15748031496062 Société

738.5826771653543 2971.6535433070867 618.8976377952756 133.85826771653544 Internationale.

856.6929133858267 3078.740157480315 379.5275590551181 144.88188976377953 Legros
1122.8346456692914 3078.740157480315 190.5511811023622 144.88188976377953 a
1198.4251968503936 3078.740157480315 417.3228346456693 144.88188976377953 exécuté
1502.3622047244094 3078.740157480315 228.3464566929134 144.88188976377953 en
1615.748031496063 3078.740157480315 455.11811023622045 144.88188976377953 médaille
1957.4803149606298 3078.740157480315 228.3464566929134 144.88188976377953 le
2072.4409448818897 3078.740157480315 455.11811023622045 144.88188976377953 portrait
2414.1732283464567 3078.740157480315 228.3464566929134 144.88188976377953 de
2489.763779527559 3078.740157480315 417.3228346456693 144.88188976377953 Ricketts.

856.6929133858267 3181.1023622047246 256.6929133858268 143.30708661417322 Ch.
1003.1496062992126 3181.1023622047246 440.9448818897638 143.30708661417322 Ricketts
1333.8582677165355 3181.1023622047246 184.251968503937 143.30708661417322 a
1406.2992125984251 3181.1023622047246 366.92913385826773 143.30708661417322 publié
1662.992125984252 3181.1023622047246 366.92913385826773 143.30708661417322 maints
1921.259842519685 3181.1023622047246 403.1496062992126 143.30708661417322 travaux
2214.1732283464567 3181.1023622047246 477.1653543307087 143.30708661417322 critiques
2581.1023622047246 3181.1023622047246 292.9133858267717 143.30708661417322 dans
2727.5590551181103 3181.1023622047246 184.251968503937 143.30708661417322 des

760.6299212598425 3289.763779527559 573.2283464566929 125.98425196850394 périodiques
1218.8976377952756 3289.763779527559 420.4724409448819 125.98425196850394 anglais
1524.4094488188975 3289.763779527559 229.92125984251967 125.98425196850394 et
1639.3700787401574 3289.763779527559 497.6377952755906 125.98425196850394 français,
2022.0472440944882 3289.763779527559 382.6771653543307 125.98425196850394 réunis
2289.763779527559 3289.763779527559 305.51181102362204 125.98425196850394 dans
2480.314960629921 3289.763779527559 229.92125984251967 125.98425196850394 un
2557.48031496063 3289.763779527559 343.3070866141732 125.98425196850394 volume:

785.8267716535433 3393.700787401575 319.68503937007875 141.73228346456693 Pages
1025.1968503937007 3393.700787401575 159.0551181102362 141.73228346456693 of
1105.5118110236222 3393.700787401575 319.68503937007875 141.73228346456693 Art,
1318.1102362204724 3393.700787401575 185.82677165354332 141.73228346456693 1913.

1617.3228346456692 3570.0787401574803 272.4409448818898 173.22834645669292 —
1727.5590551181103 3570.0787401574803 327.5590551181102 173.22834645669292 96
1836.2204724409448 3570.0787401574803 163.7795275590551 173.22834645669292 —
