2071 2746
728 339 114 85 28.
793 339 147 85 <b>La
874 339 196 85 Peste</b>.

661 415 117 94 H.
720 415 98 94 :
759 415 117 94 1.
818 415 137 94 15;
896 415 117 94 L.
954 415 98 94 :
993 415 117 94 1.
1032 415 98 94 65.

265 545 138 78 Au
334 545 184 78 pied
449 545 184 78 d’un
564 545 253 78 palais,
747 545 161 78 aux
839 545 276 78 colonnes
1046 545 138 78 de
1115 545 230 78 marbre
1275 545 207 78 vert,
1390 545 184 78 contre

217 611 206 64 lequel
361 611 288 64 s’appuient
588 611 144 64 une
670 611 247 64 chapelle
855 611 123 64 de
917 611 206 64 brique
1061 611 165 64 rose
1164 611 123 64 et
1225 611 206 64 toutes
1369 611 206 64 sortes
1493 611 82 64 de

218 674 250 63 masures,
406 674 104 63 à
448 674 229 63 droite,
614 674 125 63 au
677 674 209 63 devant
823 674 188 63 d’une
948 674 188 63 niche
1073 674 209 63 basse,
1219 674 146 63 des
1303 674 229 63 figures
1449 674 125 63 sont

218 733 255 55 étendues
409 733 127 55 en
472 733 170 55 face
579 733 191 55 d’une
706 733 191 55 image
833 733 127 55 de
897 733 127 55 la
961 733 212 55 Vierge
1109 733 255 55 éclairée
1300 733 149 55 par
1385 733 127 55 un
1427 733 149 55 lumi-

220 794 194 80 gnon.
349 794 129 80 Un
413 794 258 80 aveugle,
607 794 172 80 vêtu
714 794 172 80 d’un
822 794 237 80 manteau
994 794 194 80 bleu,
1123 794 258 80 s’avance
1316 794 129 80 en
1359 794 215 80 hésitant

220 859 175 65 vers
330 859 132 65 ce
374 859 197 65 groupe.

267 915 117 69 A
313 915 257 69 gauche,
500 915 164 69 une
594 915 210 69 jeune
734 915 210 69 femme
875 915 257 69 couchée
1062 915 210 69 serre
1202 915 234 69 contre
1366 915 187 69 elle
1459 915 117 69 ses

219 977 361 62 nourrissons.
513 977 158 62 Une
603 977 248 62 vieille
784 977 203 62 femme
919 977 181 62 sort
1032 977 135 62 un
1100 977 248 62 cadavre
1281 977 203 62 d’une
1393 977 181 62 maison

220 1037 106 61 à
262 1037 127 61 la
326 1037 191 61 porte
453 1037 127 61 de
516 1037 254 61 laquelle
707 1037 127 61 se
771 1037 191 61 tient
898 1037 127 61 un
961 1037 297 61 personnage
1195 1037 191 61 drapé
1322 1037 127 61 de
1385 1037 191 61 bleu,
1491 1037 85 61 le

221 1097 197 65 front
353 1097 263 65 couronné
550 1097 131 65 de
616 1097 241 65 pampres
791 1097 131 65 et
857 1097 219 65 levant
1010 1097 153 65 une
1076 1097 175 65 coupe.

274 1155 164 82 Ciel
376 1155 205 82 balayé
520 1155 144 82 par
602 1155 144 82 des
684 1155 185 82 nuées
786 1155 205 82 d’orage.

278 1247 152 84 Signé
379 1247 101 84 en
430 1247 118 84 bas
497 1247 101 84 et
548 1247 84 84 à
581 1247 168 84 droite
699 1247 118 84 des
767 1247 236 84 initiales,
952 1247 152 84 <i>C.
1036 1247 152 84 P.</i>.

831 2285 126 63 99
