3261.417322834646 4324.4094488188975
1146.4566929133857 533.8582677165355 179.5275590551181 133.85826771653544 28.
1248.8188976377953 533.8582677165355 231.49606299212599 133.85826771653544 La
1376.3779527559054 533.8582677165355 308.66141732283467 133.85826771653544 Peste.

1040.9448818897638 653.5433070866142 184.251968503937 148.03149606299212 H.
1133.8582677165355 653.5433070866142 154.33070866141733 148.03149606299212 :
1195.275590551181 653.5433070866142 184.251968503937 148.03149606299212 1.
1288.1889763779527 653.5433070866142 215.748031496063 148.03149606299212 15;
1411.023622047244 653.5433070866142 184.251968503937 148.03149606299212 L.
1502.3622047244094 653.5433070866142 154.33070866141733 148.03149606299212 :
1563.7795275590552 653.5433070866142 184.251968503937 148.03149606299212 1.
1625.1968503937007 653.5433070866142 154.33070866141733 148.03149606299212 65.

417.3228346456693 858.2677165354331 217.3228346456693 122.83464566929133 Au
525.9842519685039 858.2677165354331 289.76377952755905 122.83464566929133 pied
707.0866141732283 858.2677165354331 289.76377952755905 122.83464566929133 d’un
888.1889763779527 858.2677165354331 398.4251968503937 122.83464566929133 palais,
1176.3779527559054 858.2677165354331 253.54330708661416 122.83464566929133 aux
1321.259842519685 858.2677165354331 434.6456692913386 122.83464566929133 colonnes
1647.244094488189 858.2677165354331 217.3228346456693 122.83464566929133 de
1755.9055118110236 858.2677165354331 362.20472440944883 122.83464566929133 marbre
2007.8740157480315 858.2677165354331 325.98425196850394 122.83464566929133 vert,
2188.9763779527557 858.2677165354331 289.76377952755905 122.83464566929133 contre

341.73228346456693 962.2047244094488 324.40944881889766 100.78740157480316 lequel
568.503937007874 962.2047244094488 453.54330708661416 100.78740157480316 s’appuient
925.9842519685039 962.2047244094488 226.77165354330708 100.78740157480316 une
1055.1181102362204 962.2047244094488 388.9763779527559 100.78740157480316 chapelle
1346.4566929133857 962.2047244094488 193.70078740157481 100.78740157480316 de
1444.0944881889764 962.2047244094488 324.40944881889766 100.78740157480316 brique
1670.8661417322835 962.2047244094488 259.84251968503935 100.78740157480316 rose
1833.0708661417323 962.2047244094488 193.70078740157481 100.78740157480316 et
1929.1338582677165 962.2047244094488 324.40944881889766 100.78740157480316 toutes
2155.9055118110236 962.2047244094488 324.40944881889766 100.78740157480316 sortes
2351.181102362205 962.2047244094488 129.13385826771653 100.78740157480316 de

343.3070866141732 1061.4173228346456 393.7007874015748 99.21259842519684 masures,
639.3700787401575 1061.4173228346456 163.7795275590551 99.21259842519684 à
705.511811023622 1061.4173228346456 360.62992125984255 99.21259842519684 droite,
966.9291338582677 1061.4173228346456 196.8503937007874 99.21259842519684 au
1066.1417322834645 1061.4173228346456 329.13385826771656 99.21259842519684 devant
1296.0629921259842 1061.4173228346456 296.06299212598424 99.21259842519684 d’une
1492.9133858267717 1061.4173228346456 296.06299212598424 99.21259842519684 niche
1689.763779527559 1061.4173228346456 329.13385826771656 99.21259842519684 basse,
1919.6850393700788 1061.4173228346456 229.92125984251967 99.21259842519684 des
2051.968503937008 1061.4173228346456 360.62992125984255 99.21259842519684 figures
2281.8897637795276 1061.4173228346456 196.8503937007874 99.21259842519684 sont

343.3070866141732 1154.3307086614172 401.5748031496063 86.61417322834646 étendues
644.0944881889764 1154.3307086614172 200.0 86.61417322834646 en
743.3070866141733 1154.3307086614172 267.7165354330709 86.61417322834646 face
911.8110236220473 1154.3307086614172 300.78740157480314 86.61417322834646 d’une
1111.8110236220473 1154.3307086614172 300.78740157480314 86.61417322834646 image
1311.8110236220473 1154.3307086614172 200.0 86.61417322834646 de
1412.5984251968505 1154.3307086614172 200.0 86.61417322834646 la
1513.3858267716535 1154.3307086614172 333.8582677165354 86.61417322834646 Vierge
1746.4566929133857 1154.3307086614172 401.5748031496063 86.61417322834646 éclairée
2047.244094488189 1154.3307086614172 234.64566929133858 86.61417322834646 par
2181.1023622047246 1154.3307086614172 200.0 86.61417322834646 un
2247.244094488189 1154.3307086614172 234.64566929133858 86.61417322834646 lumi-

346.45669291338584 1250.3937007874015 305.51181102362204 125.98425196850394 gnon.
549.6062992125984 1250.3937007874015 203.1496062992126 125.98425196850394 Un
650.3937007874016 1250.3937007874015 406.2992125984252 125.98425196850394 aveugle,
955.9055118110236 1250.3937007874015 270.86614173228344 125.98425196850394 vêtu
1124.4094488188975 1250.3937007874015 270.86614173228344 125.98425196850394 d’un
1294.4881889763778 1250.3937007874015 373.2283464566929 125.98425196850394 manteau
1565.3543307086613 1250.3937007874015 305.51181102362204 125.98425196850394 bleu,
1768.5039370078741 1250.3937007874015 406.2992125984252 125.98425196850394 s’avance
2072.4409448818897 1250.3937007874015 203.1496062992126 125.98425196850394 en
2140.1574803149606 1250.3937007874015 338.5826771653543 125.98425196850394 hésitant

346.45669291338584 1352.755905511811 275.59055118110234 102.36220472440945 vers
519.6850393700787 1352.755905511811 207.8740157480315 102.36220472440945 ce
588.9763779527559 1352.755905511811 310.23622047244095 102.36220472440945 groupe.

420.4724409448819 1440.9448818897638 184.251968503937 108.66141732283465 A
492.9133858267717 1440.9448818897638 404.7244094488189 108.66141732283465 gauche,
787.4015748031496 1440.9448818897638 258.26771653543307 108.66141732283465 une
935.4330708661417 1440.9448818897638 330.70866141732284 108.66141732283465 jeune
1155.9055118110236 1440.9448818897638 330.70866141732284 108.66141732283465 femme
1377.9527559055118 1440.9448818897638 404.7244094488189 108.66141732283465 couchée
1672.4409448818897 1440.9448818897638 330.70866141732284 108.66141732283465 serre
1892.9133858267717 1440.9448818897638 368.503937007874 108.66141732283465 contre
2151.181102362205 1440.9448818897638 294.48818897637796 108.66141732283465 elle
2297.6377952755906 1440.9448818897638 184.251968503937 108.66141732283465 ses

344.88188976377955 1538.5826771653544 568.503937007874 97.63779527559055 nourrissons.
807.8740157480315 1538.5826771653544 248.8188976377953 97.63779527559055 Une
949.6062992125984 1538.5826771653544 390.5511811023622 97.63779527559055 vieille
1234.6456692913387 1538.5826771653544 319.68503937007875 97.63779527559055 femme
1447.244094488189 1538.5826771653544 285.03937007874015 97.63779527559055 sort
1625.1968503937007 1538.5826771653544 212.5984251968504 97.63779527559055 un
1732.283464566929 1538.5826771653544 390.5511811023622 97.63779527559055 cadavre
2017.3228346456692 1538.5826771653544 319.68503937007875 97.63779527559055 d’une
2193.700787401575 1538.5826771653544 285.03937007874015 97.63779527559055 maison

346.45669291338584 1633.0708661417323 166.9291338582677 96.06299212598425 à
412.59842519685037 1633.0708661417323 200.0 96.06299212598425 la
513.3858267716536 1633.0708661417323 300.78740157480314 96.06299212598425 porte
713.3858267716536 1633.0708661417323 200.0 96.06299212598425 de
812.5984251968504 1633.0708661417323 400.0 96.06299212598425 laquelle
1113.3858267716535 1633.0708661417323 200.0 96.06299212598425 se
1214.1732283464567 1633.0708661417323 300.78740157480314 96.06299212598425 tient
1414.1732283464567 1633.0708661417323 200.0 96.06299212598425 un
1513.3858267716535 1633.0708661417323 467.7165354330709 96.06299212598425 personnage
1881.8897637795276 1633.0708661417323 300.78740157480314 96.06299212598425 drapé
2081.8897637795276 1633.0708661417323 200.0 96.06299212598425 de
2181.1023622047246 1633.0708661417323 300.78740157480314 96.06299212598425 bleu,
2348.031496062992 1633.0708661417323 133.85826771653544 96.06299212598425 le

348.0314960629921 1727.5590551181103 310.23622047244095 102.36220472440945 front
555.9055118110236 1727.5590551181103 414.1732283464567 102.36220472440945 couronné
866.1417322834645 1727.5590551181103 206.29921259842519 102.36220472440945 de
970.0787401574803 1727.5590551181103 379.5275590551181 102.36220472440945 pampres
1245.6692913385828 1727.5590551181103 206.29921259842519 102.36220472440945 et
1349.6062992125985 1727.5590551181103 344.88188976377955 102.36220472440945 levant
1590.5511811023623 1727.5590551181103 240.9448818897638 102.36220472440945 une
1694.4881889763778 1727.5590551181103 275.59055118110234 102.36220472440945 coupe.

431.496062992126 1818.8976377952756 258.26771653543307 129.13385826771653 Ciel
592.1259842519685 1818.8976377952756 322.8346456692913 129.13385826771653 balayé
818.8976377952756 1818.8976377952756 226.77165354330708 129.13385826771653 par
948.0314960629921 1818.8976377952756 226.77165354330708 129.13385826771653 des
1077.1653543307086 1818.8976377952756 291.33858267716533 129.13385826771653 nuées
1237.7952755905512 1818.8976377952756 322.8346456692913 129.13385826771653 d’orage.

437.79527559055117 1963.7795275590552 239.37007874015748 132.28346456692913 Signé
596.8503937007874 1963.7795275590552 159.0551181102362 132.28346456692913 en
677.1653543307086 1963.7795275590552 185.82677165354332 132.28346456692913 bas
782.6771653543307 1963.7795275590552 159.0551181102362 132.28346456692913 et
862.992125984252 1963.7795275590552 132.28346456692913 132.28346456692913 à
914.9606299212599 1963.7795275590552 264.56692913385825 132.28346456692913 droite
1100.7874015748032 1963.7795275590552 185.82677165354332 132.28346456692913 des
1207.8740157480315 1963.7795275590552 371.65354330708664 132.28346456692913 initiales,
1499.2125984251968 1963.7795275590552 239.37007874015748 132.28346456692913 C.
1631.4960629921259 1963.7795275590552 239.37007874015748 132.28346456692913 P..

1308.6614173228347 3598.4251968503936 198.4251968503937 99.21259842519684 99
