3305.511811023622 4324.4094488188975
1214.1732283464567 817.3228346456693 587.4015748031496 163.7795275590551 ROBINSON
1710.236220472441 817.3228346456693 525.9842519685039 163.7795275590551 (Frederick
2111.8110236220473 817.3228346456693 433.07086614173227 163.7795275590551 Cayley).

891.3385826771654 1047.244094488189 251.96850393700788 165.35433070866142 Né
1017.3228346456693 1047.244094488189 209.4488188976378 165.35433070866142 à
1102.3622047244094 1047.244094488189 546.4566929133858 165.35433070866142 Brentford
1521.259842519685 1047.244094488189 294.48818897637796 165.35433070866142 sur
1689.763779527559 1047.244094488189 251.96850393700788 165.35433070866142 la
1815.748031496063 1047.244094488189 461.4173228346457 165.35433070866142 Tamise,
2151.181102362205 1047.244094488189 251.96850393700788 165.35433070866142 le
2277.165354330709 1047.244094488189 251.96850393700788 165.35433070866142 18
2403.149606299213 1047.244094488189 335.43307086614175 165.35433070866142 août
2614.1732283464567 1047.244094488189 377.9527559055118 165.35433070866142 1862.
2823.6220472440946 1047.244094488189 125.98425196850394 165.35433070866142 A

807.8740157480315 1188.976377952756 403.1496062992126 140.15748031496062 étudié
1091.3385826771653 1188.976377952756 242.51968503937007 140.15748031496062 en
1211.023622047244 1188.976377952756 403.1496062992126 140.15748031496062 France
1494.4881889763778 1188.976377952756 242.51968503937007 140.15748031496062 au
1614.1732283464567 1188.976377952756 362.20472440944883 140.15748031496062 Lycée
1856.6929133858268 1188.976377952756 242.51968503937007 140.15748031496062 de
1977.9527559055118 1188.976377952756 322.8346456692913 140.15748031496062 Pau,
2179.527559055118 1188.976377952756 242.51968503937007 140.15748031496062 en
2299.212598425197 1188.976377952756 362.20472440944883 140.15748031496062 1876.
2541.732283464567 1188.976377952756 362.20472440944883 140.15748031496062 Entra
2743.3070866141734 1188.976377952756 201.5748031496063 140.15748031496062 aux

809.4488188976378 1313.3858267716535 418.8976377952756 122.83464566929133 Écoles
1103.9370078740158 1313.3858267716535 251.96850393700788 122.83464566929133 de
1229.9212598425197 1313.3858267716535 587.4015748031496 122.83464566929133 l’Académie
1691.3385826771653 1313.3858267716535 418.8976377952756 122.83464566929133 Royale
1984.251968503937 1313.3858267716535 251.96850393700788 122.83464566929133 en
2110.236220472441 1313.3858267716535 377.9527559055118 122.83464566929133 1884.
2362.2047244094488 1313.3858267716535 377.9527559055118 122.83464566929133 Vécut
2571.6535433070867 1313.3858267716535 377.9527559055118 122.83464566929133 pendant

807.8740157480315 1425.1968503937007 329.13385826771656 114.96062992125984 deux
1014.1732283464567 1425.1968503937007 288.18897637795277 114.96062992125984 ans
1177.9527559055118 1425.1968503937007 288.18897637795277 114.96062992125984 sur
1343.3070866141732 1425.1968503937007 247.24409448818898 114.96062992125984 un
1466.1417322834645 1425.1968503937007 370.0787401574803 114.96062992125984 petit
1713.3858267716535 1425.1968503937007 370.0787401574803 114.96062992125984 yacht
1960.6299212598426 1425.1968503937007 247.24409448818898 114.96062992125984 en
2083.464566929134 1425.1968503937007 535.4330708661417 114.96062992125984 compagnie
2494.488188976378 1425.1968503937007 329.13385826771656 114.96062992125984 d’un
2659.8425196850394 1425.1968503937007 288.18897637795277 114.96062992125984 vieux

814.1732283464567 1529.1338582677165 440.9448818897638 116.53543307086615 pêcheur,
1144.8818897637796 1529.1338582677165 368.503937007874 116.53543307086615 autour
1401.5748031496064 1529.1338582677165 256.6929133858268 116.53543307086615 des
1549.6062992125985 1529.1338582677165 330.70866141732284 116.53543307086615 côtes
1770.0787401574803 1529.1338582677165 625.1968503937007 116.53543307086615 d’Angleterre,
2285.0393700787404 1529.1338582677165 220.4724409448819 116.53543307086615 en
2395.2755905511813 1529.1338582677165 256.6929133858268 116.53543307086615 vue
2541.732283464567 1529.1338582677165 220.4724409448819 116.53543307086615 de
2651.968503937008 1529.1338582677165 220.4724409448819 116.53543307086615 se
2725.984251968504 1529.1338582677165 220.4724409448819 116.53543307086615 con-

812.5984251968504 1631.4960629921259 355.90551181102364 111.81102362204724 sacrer
1061.4173228346456 1631.4960629921259 177.95275590551182 111.81102362204724 à
1133.8582677165355 1631.4960629921259 212.5984251968504 111.81102362204724 la
1239.3700787401574 1631.4960629921259 426.7716535433071 111.81102362204724 peinture
1560.6299212598426 1631.4960629921259 212.5984251968504 111.81102362204724 de
1631.4960629921259 1631.4960629921259 319.68503937007875 111.81102362204724 marine.

896.0629921259842 1735.4330708661416 278.74015748031496 111.81102362204724 Vers
1069.291338582677 1735.4330708661416 313.38582677165357 111.81102362204724 1885,
1278.740157480315 1735.4330708661416 207.8740157480315 111.81102362204724 il
1382.6771653543308 1735.4330708661416 451.9685039370079 111.81102362204724 travailla
1730.708661417323 1735.4330708661416 173.22834645669292 111.81102362204724 à
1800.0 1735.4330708661416 313.38582677165357 111.81102362204724 Paris
2007.8740157480315 1735.4330708661416 382.6771653543307 111.81102362204724 pendant
2286.6141732283463 1735.4330708661416 313.38582677165357 111.81102362204724 trois
2494.488188976378 1735.4330708661416 242.51968503937007 111.81102362204724 ans
2633.0708661417325 1735.4330708661416 173.22834645669292 111.81102362204724 à
2667.716535433071 1735.4330708661416 278.74015748031496 111.81102362204724 l’Aca-

811.0236220472441 1831.4960629921259 314.96062992125985 143.30708661417322 démie
1020.4724409448819 1831.4960629921259 384.251968503937 143.30708661417322 Julian,
1300.7874015748032 1831.4960629921259 280.31496062992125 143.30708661417322 sous
1475.5905511811025 1831.4960629921259 209.4488188976378 143.30708661417322 la
1579.5275590551182 1831.4960629921259 455.11811023622045 143.30708661417322 direction
1929.1338582677165 1831.4960629921259 209.4488188976378 143.30708661417322 de
2034.6456692913387 1831.4960629921259 489.76377952755905 143.30708661417322 Bouguereau
2418.8976377952754 1831.4960629921259 209.4488188976378 143.30708661417322 et
2524.4094488188975 1831.4960629921259 209.4488188976378 143.30708661417322 de
2593.700787401575 1831.4960629921259 349.6062992125984 143.30708661417322 Gabriel-

812.5984251968504 1949.6062992125985 425.1968503937008 132.28346456692913 Ferrier.
1132.283464566929 1949.6062992125985 248.8188976377953 132.28346456692913 Fut
1274.015748031496 1949.6062992125985 283.46456692913387 132.28346456692913 très
1451.9685039370079 1949.6062992125985 566.9291338582677 132.28346456692913 impressionné
1913.3858267716535 1949.6062992125985 248.8188976377953 132.28346456692913 par
2055.1181102362207 1949.6062992125985 319.68503937007875 132.28346456692913 l’art
2267.716535433071 1949.6062992125985 425.1968503937008 132.28346456692913 français
2551.181102362205 1949.6062992125985 390.5511811023622 132.28346456692913 contempo-

809.4488188976378 2059.8425196850394 349.6062992125984 133.85826771653544 rain;
1042.5196850393702 2059.8425196850394 426.7716535433071 133.85826771653544 pendant
1352.755905511811 2059.8425196850394 387.40157480314963 133.85826771653544 nombre
1625.1968503937007 2059.8425196850394 466.1417322834646 133.85826771653544 d’années
1974.8031496062993 2059.8425196850394 466.1417322834646 133.85826771653544 partagea
2324.4094488188975 2059.8425196850394 272.4409448818898 133.85826771653544 son
2478.740157480315 2059.8425196850394 349.6062992125984 133.85826771653544 temps
2672.4409448818897 2059.8425196850394 272.4409448818898 133.85826771653544 entre

812.5984251968504 2157.48031496063 314.96062992125985 119.68503937007874 Paris
1022.0472440944882 2157.48031496063 209.4488188976378 119.68503937007874 et
1125.984251968504 2157.48031496063 453.54330708661416 119.68503937007874 Florence.
1475.5905511811025 2157.48031496063 278.74015748031496 119.68503937007874 Fixé
1650.3937007874015 2157.48031496063 174.8031496062992 119.68503937007874 à
1721.259842519685 2157.48031496063 384.251968503937 119.68503937007874 Londres
2000.0 2157.48031496063 349.6062992125984 119.68503937007874 depuis
2244.0944881889764 2157.48031496063 314.96062992125985 119.68503937007874 1908,
2453.5433070866143 2157.48031496063 453.54330708661416 119.68503937007874 entreprit
2768.503937007874 2157.48031496063 174.8031496062992 119.68503937007874 une

807.8740157480315 2270.8661417322833 343.3070866141732 118.11023622047244 série
1036.2204724409448 2270.8661417322833 228.3464566929134 118.11023622047244 de
1151.1811023622047 2270.8661417322833 571.6535433070866 118.11023622047244 décorations
1607.8740157480315 2270.8661417322833 418.8976377952756 118.11023622047244 murales
1913.3858267716535 2270.8661417322833 305.51181102362204 118.11023622047244 pour
2103.9370078740158 2270.8661417322833 228.3464566929134 118.11023622047244 le
2217.3228346456694 2270.8661417322833 496.06299212598424 118.11023622047244 Middlesex
2560.6299212598424 2270.8661417322833 381.1023622047244 118.11023622047244 Hospital

804.7244094488188 2382.6771653543306 220.4724409448819 97.63779527559055 de
914.9606299212599 2382.6771653543306 440.9448818897638 97.63779527559055 Londres,
1245.6692913385828 2382.6771653543306 330.70866141732284 97.63779527559055 l’Art
1466.1417322834645 2382.6771653543306 404.7244094488189 97.63779527559055 Gallery
1760.6299212598426 2382.6771653543306 220.4724409448819 97.63779527559055 de
1870.8661417322835 2382.6771653543306 404.7244094488189 97.63779527559055 Dublin.
2165.3543307086616 2382.6771653543306 184.251968503937 97.63779527559055 A
2237.7952755905512 2382.6771653543306 404.7244094488189 97.63779527559055 dessiné
2532.283464566929 2382.6771653543306 256.6929133858268 97.63779527559055 les
2642.51968503937 2382.6771653543306 294.48818897637796 97.63779527559055 scènes

806.2992125984252 2472.4409448818897 203.1496062992126 129.13385826771653 et
907.0866141732283 2472.4409448818897 406.2992125984252 129.13385826771653 costumes
1211.023622047244 2472.4409448818897 203.1496062992126 129.13385826771653 de
1313.3858267716535 2472.4409448818897 507.0866141732283 129.13385826771653 l'Oiseau
1718.1102362204724 2472.4409448818897 406.2992125984252 129.13385826771653 Bleu
2022.0472440944882 2472.4409448818897 203.1496062992126 129.13385826771653 de
2124.4094488188975 2472.4409448818897 507.0866141732283 129.13385826771653 Maeterlinck
2529.1338582677167 2472.4409448818897 270.86614173228344 129.13385826771653 pour
2699.212598425197 2472.4409448818897 203.1496062992126 129.13385826771653 le
2766.9291338582675 2472.4409448818897 168.50393700787401 129.13385826771653 Hay

806.2992125984252 2563.779527559055 362.20472440944883 113.38582677165354 Market
1059.8425196850394 2563.779527559055 434.6456692913386 113.38582677165354 Theatre,
1385.8267716535433 2563.779527559055 217.3228346456693 113.38582677165354 de
1494.4881889763778 2563.779527559055 434.6456692913386 113.38582677165354 Londres;
1820.4724409448818 2563.779527559055 217.3228346456693 113.38582677165354 on
1929.1338582677165 2563.779527559055 253.54330708661416 113.38582677165354 lui
2074.015748031496 2563.779527559055 289.76377952755905 113.38582677165354 doit
2255.1181102362207 2563.779527559055 434.6456692913386 113.38582677165354 diverses
2544.8818897637793 2563.779527559055 398.4251968503937 113.38582677165354 illustra

765.3543307086615 2681.8897637795276 303.93700787401576 116.53543307086615 tions.

894.488188976378 2768.503937007874 524.4094488188977 179.5275590551181 Professeur
1307.0866141732283 2768.503937007874 187.4015748031496 179.5275590551181 à
1382.6771653543308 2768.503937007874 412.59842519685037 179.5275590551181 l’École
1681.8897637795276 2768.503937007874 337.00787401574803 179.5275590551181 d’Art
1907.0866141732283 2768.503937007874 225.1968503937008 179.5275590551181 de
1982.6771653543308 2768.503937007874 374.8031496062992 179.5275590551181 Glasgow.

1546.4566929133857 2977.952755905512 190.5511811023622 162.20472440944883 29.
1655.1181102362204 2977.952755905512 299.21259842519686 162.20472440944883 Caïn
1872.4409448818897 2977.952755905512 163.7795275590551 162.20472440944883 et
1927.5590551181103 2977.952755905512 272.4409448818898 162.20472440944883 Abel

1644.0944881889764 3094.488188976378 414.1732283464567 127.55905511811024 Aquarelle.

1462.992125984252 3184.251968503937 187.4015748031496 166.9291338582677 H.
1557.4803149606298 3184.251968503937 155.90551181102362 166.9291338582677 :
1620.4724409448818 3184.251968503937 187.4015748031496 166.9291338582677 0,
1713.3858267716535 3184.251968503937 187.4015748031496 166.9291338582677 48
1807.8740157480315 3184.251968503937 155.90551181102362 166.9291338582677 :
1870.8661417322835 3184.251968503937 187.4015748031496 166.9291338582677 L.
1963.7795275590552 3184.251968503937 155.90551181102362 166.9291338582677 :
2026.7716535433071 3184.251968503937 187.4015748031496 166.9291338582677 0,
2089.763779527559 3184.251968503937 187.4015748031496 166.9291338582677 355.

1724.4094488188975 3538.582677165354 231.49606299212599 166.9291338582677 100
