3270.8661417322833 4314.96062992126
851.9685039370079 1105.5118110236222 511.81102362204723 144.88188976377953 SHANNON
1253.5433070866143 1105.5118110236222 475.59055118110234 144.88188976377953 (Charles,
1582.6771653543308 1105.5118110236222 622.0472440944882 144.88188976377953 Hazlewood).

540.1574803149606 1376.3779527559054 225.1968503937008 108.66141732283465 Né
653.5433070866142 1376.3779527559054 225.1968503937008 108.66141732283465 en
765.3543307086615 1376.3779527559054 598.4251968503937 108.66141732283465 Lincolnshire
1251.9685039370079 1376.3779527559054 225.1968503937008 108.66141732283465 en
1363.7795275590552 1376.3779527559054 337.00787401574803 108.66141732283465 1865,
1588.976377952756 1376.3779527559054 225.1968503937008 108.66141732283465 de
1700.7874015748032 1376.3779527559054 412.59842519685037 108.66141732283465 parents
1963.7795275590552 1376.3779527559054 448.81889763779526 108.66141732283465 irlandais.

541.7322834645669 1483.4645669291338 373.2283464566929 110.23622047244095 Étudia
803.1496062992126 1483.4645669291338 223.6220472440945 110.23622047244095 en
914.9606299212599 1483.4645669291338 297.6377952755906 110.23622047244095 1885
1100.7874015748032 1483.4645669291338 185.82677165354332 110.23622047244095 à
1176.3779527559054 1483.4645669291338 335.43307086614175 110.23622047244095 l’Art
1400.0 1483.4645669291338 409.4488188976378 110.23622047244095 School,
1697.6377952755906 1483.4645669291338 185.82677165354332 110.23622047244095 à
1771.6535433070867 1483.4645669291338 447.244094488189 110.23622047244095 Lambeth,
2107.0866141732286 1483.4645669291338 223.6220472440945 110.23622047244095 où
2218.8976377952754 1483.4645669291338 223.6220472440945 110.23622047244095 il
2294.488188976378 1483.4645669291338 297.6377952755906 110.23622047244095 connut

456.6929133858268 1604.724409448819 434.6456692913386 100.78740157480316 Charles
773.2283464566929 1604.724409448819 474.01574803149606 100.78740157480316 Ricketts
1127.5590551181103 1604.724409448819 316.53543307086613 100.78740157480316 avec
1325.984251968504 1604.724409448819 277.1653543307087 100.78740157480316 qui
1483.4645669291338 1604.724409448819 236.2204724409449 100.78740157480316 il
1601.5748031496064 1604.724409448819 355.90551181102364 100.78740157480316 vécut
1839.3700787401574 1604.724409448819 474.01574803149606 100.78740157480316 toujours
2193.700787401575 1604.724409448819 236.2204724409449 100.78740157480316 en
2272.4409448818897 1604.724409448819 316.53543307086613 100.78740157480316 commun

456.6929133858268 1681.8897637795276 420.4724409448819 116.53543307086615 depuis.
762.2047244094488 1681.8897637795276 305.51181102362204 116.53543307086615 Dans
952.7559055118111 1681.8897637795276 343.3070866141732 116.53543307086615 cette
1181.1023622047244 1681.8897637795276 458.26771653543307 116.53543307086615 période,
1524.4094488188975 1681.8897637795276 420.4724409448819 116.53543307086615 Shannon
1829.9212598425197 1681.8897637795276 228.3464566929134 116.53543307086615 et
1944.8818897637796 1681.8897637795276 267.7165354330709 116.53543307086615 son
2097.6377952755906 1681.8897637795276 267.7165354330709 116.53543307086615 ami
2212.5984251968503 1681.8897637795276 381.1023622047244 116.53543307086615 Ricketts

458.26771653543307 1793.7007874015749 384.251968503937 121.25984251968504 étaient
737.007874015748 1793.7007874015749 349.6062992125984 121.25984251968504 plutôt
981.1023622047244 1793.7007874015749 418.8976377952756 121.25984251968504 adonnés,
1296.0629921259842 1793.7007874015749 278.74015748031496 121.25984251968504 l’un
1470.8661417322835 1793.7007874015749 174.8031496062992 121.25984251968504 à
1540.1574803149606 1793.7007874015749 209.4488188976378 121.25984251968504 la
1645.6692913385828 1793.7007874015749 593.7007874015748 121.25984251968504 lithographie,
2133.8582677165355 1793.7007874015749 384.251968503937 121.25984251968504 l’autre
2412.5984251968503 1793.7007874015749 174.8031496062992 121.25984251968504 à
2447.244094488189 1793.7007874015749 140.15748031496062 121.25984251968504 la

461.4173228346457 1911.8110236220473 377.9527559055118 108.66141732283465 gravure
737.007874015748 1911.8110236220473 240.9448818897638 108.66141732283465 sur
874.0157480314961 1911.8110236220473 310.23622047244095 108.66141732283465 bois.
1080.3149606299212 1911.8110236220473 240.9448818897638 108.66141732283465 Ils
1218.8976377952756 1911.8110236220473 447.244094488189 108.66141732283465 fondèrent
1562.2047244094488 1911.8110236220473 206.29921259842519 108.66141732283465 en
1666.1417322834645 1911.8110236220473 310.23622047244095 108.66141732283465 1889,
1872.4409448818897 1911.8110236220473 240.9448818897638 108.66141732283465 une
2011.023622047244 1911.8110236220473 344.88188976377955 108.66141732283465 revue,
2217.3228346456694 1911.8110236220473 377.9527559055118 108.66141732283465 le

461.4173228346457 2018.8976377952756 648.8188976377953 88.18897637795276 Cadran
1003.1496062992126 2018.8976377952756 215.748031496063 88.18897637795276 où
1111.8110236220473 2018.8976377952756 433.07086614173227 88.18897637795276 parurent
1436.2204724409448 2018.8976377952756 324.40944881889766 88.18897637795276 leurs
1651.9685039370079 2018.8976377952756 469.29133858267716 88.18897637795276 premières
2012.5984251968505 2018.8976377952756 469.29133858267716 88.18897637795276 estampes.
2338.582677165354 2018.8976377952756 251.96850393700788 88.18897637795276 Cette

455.11811023622045 2124.4094488188975 349.6062992125984 102.36220472440945 revue
688.1889763779527 2124.4094488188975 272.4409448818898 102.36220472440945 les
844.0944881889764 2124.4094488188975 272.4409448818898 102.36220472440945 mit
998.4251968503937 2124.4094488188975 233.0708661417323 102.36220472440945 en
1114.9606299212599 2124.4094488188975 426.7716535433071 102.36220472440945 rapport
1426.7716535433071 2124.4094488188975 310.23622047244095 102.36220472440945 avec
1620.4724409448818 2124.4094488188975 387.40157480314963 102.36220472440945 Watts,
1891.3385826771653 2124.4094488188975 426.7716535433071 102.36220472440945 William
2203.149606299213 2124.4094488188975 387.40157480314963 102.36220472440945 Morris
2434.6456692913384 2124.4094488188975 155.90551181102362 102.36220472440945 et

459.84251968503935 2225.196850393701 426.7716535433071 135.43307086614172 surtout
770.0787401574803 2225.196850393701 310.23622047244095 135.43307086614172 avec
963.7795275590552 2225.196850393701 503.93700787401576 135.43307086614172 Whistler.
1351.1811023622047 2225.196850393701 270.86614173228344 135.43307086614172 Ch.
1505.5118110236222 2225.196850393701 426.7716535433071 135.43307086614172 Shannon
1815.748031496063 2225.196850393701 387.40157480314963 135.43307086614172 exposa
2086.6141732283463 2225.196850393701 310.23622047244095 135.43307086614172 pour
2280.314960629921 2225.196850393701 233.0708661417323 135.43307086614172 la
2357.48031496063 2225.196850393701 233.0708661417323 135.43307086614172 pre-

462.99212598425197 2333.8582677165355 337.00787401574803 96.06299212598425 mière
688.1889763779527 2333.8582677165355 299.21259842519686 96.06299212598425 fois
874.0157480314961 2333.8582677165355 261.4173228346457 96.06299212598425 ses
1023.6220472440945 2333.8582677165355 486.61417322834643 96.06299212598425 peintures
1398.4251968503936 2333.8582677165355 187.4015748031496 96.06299212598425 à
1472.4409448818897 2333.8582677165355 411.0236220472441 96.06299212598425 l’huile
1771.6535433070867 2333.8582677165355 223.6220472440945 96.06299212598425 en
1883.4645669291338 2333.8582677165355 337.00787401574803 96.06299212598425 1897.
2107.0866141732286 2333.8582677165355 373.2283464566929 96.06299212598425 Depuis
2332.283464566929 2333.8582677165355 261.4173228346457 96.06299212598425 cette

459.84251968503935 2448.818897637795 341.73228346456693 100.78740157480316 date,
688.1889763779527 2448.818897637795 228.3464566929134 100.78740157480316 il
801.5748031496063 2448.818897637795 190.5511811023622 100.78740157480316 a
877.1653543307086 2448.818897637795 379.5275590551181 100.78740157480316 figuré
1143.3070866141732 2448.818897637795 570.0787401574803 100.78740157480316 fréquemment
1600.0 2448.818897637795 190.5511811023622 100.78740157480316 à
1677.1653543307086 2448.818897637795 266.1417322834646 100.78740157480316 nos
1828.3464566929133 2448.818897637795 379.5275590551181 100.78740157480316 Salons
2094.488188976378 2448.818897637795 494.48818897637796 100.78740157480316 parisiens
2436.220472440945 2448.818897637795 152.75590551181102 100.78740157480316 de

462.99212598425197 2540.1574803149606 240.9448818897638 121.25984251968504 la
582.6771653543307 2540.1574803149606 440.9448818897638 121.25984251968504 Société
903.9370078740158 2540.1574803149606 521.2598425196851 121.25984251968504 Nationale
1305.5118110236222 2540.1574803149606 280.31496062992125 121.25984251968504 des
1466.1417322834645 2540.1574803149606 601.5748031496063 121.25984251968504 Beaux-Arts.
1946.4566929133857 2540.1574803149606 240.9448818897638 121.25984251968504 Il
2067.716535433071 2540.1574803149606 200.0 121.25984251968504 a
2148.031496062992 2540.1574803149606 401.5748031496063 121.25984251968504 obtenu
2388.9763779527557 2540.1574803149606 200.0 121.25984251968504 une

464.56692913385825 2636.220472440945 447.244094488189 133.85826771653544 médaille
800.0 2636.220472440945 447.244094488189 133.85826771653544 d’argent
1137.007874015748 2636.220472440945 185.82677165354332 133.85826771653544 à
1211.023622047244 2636.220472440945 596.8503937007874 133.85826771653544 l’Exposition
1696.0629921259842 2636.220472440945 559.0551181102362 133.85826771653544 Universelle
2143.3070866141734 2636.220472440945 223.6220472440945 133.85826771653544 de
2255.1181102362207 2636.220472440945 335.43307086614175 133.85826771653544 1900.
2440.9448818897636 2636.220472440945 149.60629921259843 133.85826771653544 En

470.86614173228344 2741.732283464567 340.15748031496065 113.38582677165354 1911,
697.6377952755905 2741.732283464567 302.3622047244094 113.38582677165354 bien
888.1889763779527 2741.732283464567 340.15748031496065 113.38582677165354 qu’il
1114.9606299212599 2741.732283464567 226.77165354330708 113.38582677165354 ne
1228.3464566929133 2741.732283464567 264.56692913385825 113.38582677165354 fût
1379.5275590551182 2741.732283464567 264.56692913385825 113.38582677165354 pas
1530.708661417323 2741.732283464567 492.9133858267717 113.38582677165354 exposant,
1910.236220472441 2741.732283464567 226.77165354330708 113.38582677165354 il
2023.6220472440946 2741.732283464567 264.56692913385825 113.38582677165354 fut
2174.803149606299 2741.732283464567 264.56692913385825 113.38582677165354 élu
2289.763779527559 2741.732283464567 302.3622047244094 113.38582677165354 membre

464.56692913385825 2844.0944881889764 422.0472440944882 132.28346456692913 associé
770.0787401574803 2844.0944881889764 229.92125984251967 132.28346456692913 de
885.0393700787401 2844.0944881889764 537.007874015748 132.28346456692913 l’Académie
1269.291338582677 2844.0944881889764 344.88188976377955 132.28346456692913 Royale.

552.7559055118111 2951.181102362205 239.37007874015748 105.51181102362204 Le
672.4409448818898 2951.181102362205 360.62992125984255 105.51181102362204 Musée
911.8110236220473 2951.181102362205 239.37007874015748 105.51181102362204 du
1031.4960629921259 2951.181102362205 560.6299212598425 105.51181102362204 Luxembourg
1472.4409448818897 2951.181102362205 439.37007874015745 105.51181102362204 possède
1792.1259842519685 2951.181102362205 319.68503937007875 105.51181102362204 déjà
1992.1259842519685 2951.181102362205 239.37007874015748 105.51181102362204 de
2111.8110236220473 2951.181102362205 280.31496062992125 105.51181102362204 cet
2231.496062992126 2951.181102362205 360.62992125984255 105.51181102362204 artiste

467.7165354330709 3059.8425196850394 215.748031496063 100.78740157480316 le
576.3779527559055 3059.8425196850394 540.1574803149606 100.78740157480316 portrait
1007.8740157480315 3059.8425196850394 215.748031496063 100.78740157480316 de
1116.5354330708662 3059.8425196850394 288.18897637795277 100.78740157480316 Mrs.
1296.0629921259842 3059.8425196850394 503.93700787401576 100.78740157480316 Scott
1691.3385826771653 3059.8425196850394 360.62992125984255 100.78740157480316 acquis
1943.3070866141732 3059.8425196850394 215.748031496063 100.78740157480316 au
2051.968503937008 3059.8425196850394 324.40944881889766 100.78740157480316 Salon
2267.716535433071 3059.8425196850394 215.748031496063 100.78740157480316 de
2340.1574803149606 3059.8425196850394 251.96850393700788 100.78740157480316 1910.

552.7559055118111 3163.779527559055 259.84251968503935 111.81102362204724 Ch.
702.3622047244095 3163.779527559055 445.6692913385827 111.81102362204724 Ricketts
1036.2204724409448 3163.779527559055 185.82677165354332 111.81102362204724 a
1110.236220472441 3163.779527559055 445.6692913385827 111.81102362204724 consacré
1445.6692913385828 3163.779527559055 185.82677165354332 111.81102362204724 à
1519.6850393700788 3163.779527559055 259.84251968503935 111.81102362204724 son
1667.716535433071 3163.779527559055 259.84251968503935 111.81102362204724 ami
1817.3228346456692 3163.779527559055 259.84251968503935 111.81102362204724 une
1965.3543307086613 3163.779527559055 333.8582677165354 111.81102362204724 étude
2187.4015748031497 3163.779527559055 333.8582677165354 111.81102362204724 parue
2373.228346456693 3163.779527559055 223.6220472440945 111.81102362204724 dans

470.86614173228344 3258.267716535433 392.12598425196853 121.25984251968504 l'Art
765.3543307086615 3258.267716535433 196.8503937007874 121.25984251968504 et
862.992125984252 3258.267716535433 228.3464566929134 121.25984251968504 les
993.7007874015748 3258.267716535433 522.8346456692914 121.25984251968504 Artistes
1418.8976377952756 3258.267716535433 392.12598425196853 121.25984251968504 (février
1713.3858267716535 3258.267716535433 294.48818897637796 121.25984251968504 1910)
1908.6614173228347 3258.267716535433 196.8503937007874 121.25984251968504 et
2007.8740157480315 3258.267716535433 392.12598425196853 121.25984251968504 rééditée
2300.787401574803 3258.267716535433 261.4173228346457 121.25984251968504 dans
2431.496062992126 3258.267716535433 163.7795275590551 121.25984251968504 ses

477.1653543307087 3379.527559055118 360.62992125984255 137.00787401574803 Pages
746.4566929133858 3379.527559055118 179.5275590551181 137.00787401574803 of
837.7952755905512 3379.527559055118 330.70866141732284 137.00787401574803 Art
1077.1653543307086 3379.527559055118 390.5511811023622 137.00787401574803 (Londres,
1348.0314960629921 3379.527559055118 239.37007874015748 137.00787401574803 1913).

1440.9448818897638 3563.779527559055 324.40944881889766 133.85826771653544 107
1579.5275590551182 3563.779527559055 138.58267716535434 133.85826771653544 —
