3275.5905511811025 4314.96062992126
962.2047244094488 981.1023622047244 598.4251968503937 121.25984251968504 SHERINGHAM
1447.244094488189 981.1023622047244 513.3858267716536 121.25984251968504 (George).

474.01574803149606 1251.9685039370079 245.66929133858267 125.98425196850394 Né
596.8503937007874 1251.9685039370079 204.7244094488189 125.98425196850394 à
678.7401574803149 1251.9685039370079 450.3937007874016 125.98425196850394 Londres
1006.2992125984252 1251.9685039370079 245.66929133858267 125.98425196850394 en
1127.5590551181103 1251.9685039370079 368.503937007874 125.98425196850394 1885.
1373.2283464566929 1251.9685039370079 368.503937007874 125.98425196850394 Élève
1618.8976377952756 1251.9685039370079 245.66929133858267 125.98425196850394 de
1741.732283464567 1251.9685039370079 245.66929133858267 125.98425196850394 la
1864.5669291338584 1251.9685039370079 368.503937007874 125.98425196850394 Slade
2108.6614173228345 1251.9685039370079 450.3937007874016 125.98425196850394 School,
2395.2755905511813 1251.9685039370079 122.83464566929133 125.98425196850394 à

390.5511811023622 1363.7795275590552 606.2992125984252 110.23622047244095 l’Université
883.4645669291339 1363.7795275590552 226.77165354330708 110.23622047244095 de
996.8503937007874 1363.7795275590552 455.11811023622045 110.23622047244095 Londres.
1338.5826771653544 1363.7795275590552 188.9763779527559 110.23622047244095 A
1414.1732283464567 1363.7795275590552 379.5275590551181 110.23622047244095 étudié
1678.740157480315 1363.7795275590552 188.9763779527559 110.23622047244095 à
1755.9055118110236 1363.7795275590552 341.73228346456693 110.23622047244095 Paris
1982.6771653543308 1363.7795275590552 226.77165354330708 110.23622047244095 en
2058.267716535433 1363.7795275590552 455.11811023622045 110.23622047244095 1905

392.12598425196853 1488.1889763779527 190.5511811023622 88.18897637795276 A
467.7165354330709 1488.1889763779527 379.5275590551181 88.18897637795276 exposé
733.8582677165355 1488.1889763779527 303.93700787401576 88.18897637795276 pour
924.4094488188977 1488.1889763779527 228.3464566929134 88.18897637795276 la
1037.7952755905512 1488.1889763779527 456.6929133858268 88.18897637795276 première
1379.5275590551182 1488.1889763779527 341.73228346456693 88.18897637795276 fois,
1607.8740157480315 1488.1889763779527 190.5511811023622 88.18897637795276 à
1683.4645669291338 1488.1889763779527 379.5275590551181 88.18897637795276 Paris,
1949.6062992125985 1488.1889763779527 228.3464566929134 88.18897637795276 au
2062.9921259842517 1488.1889763779527 341.73228346456693 88.18897637795276 Salon
2253.5433070866143 1488.1889763779527 266.1417322834646 88.18897637795276 d’au-

388.9763779527559 1588.976377952756 384.251968503937 133.85826771653544 tomne
644.0944881889764 1588.976377952756 255.11811023622047 133.85826771653544 en
771.6535433070866 1588.976377952756 384.251968503937 133.85826771653544 1906.
1028.3464566929133 1588.976377952756 212.5984251968504 133.85826771653544 A
1113.3858267716535 1588.976377952756 426.7716535433071 133.85826771653544 voyagé
1411.023622047244 1588.976377952756 255.11811023622047 133.85826771653544 en
1540.1574803149606 1588.976377952756 469.29133858267716 133.85826771653544 France,
1880.3149606299212 1588.976377952756 554.3307086614174 133.85826771653544 Belgique,
2264.566929133858 1588.976377952756 255.11811023622047 133.85826771653544 Hol-

398.4251968503937 1694.4881889763778 318.1102362204724 96.06299212598425 lande
609.4488188976378 1694.4881889763778 212.5984251968504 96.06299212598425 et
716.5354330708661 1694.4881889763778 247.24409448818898 96.06299212598425 sur
858.2677165354331 1694.4881889763778 247.24409448818898 96.06299212598425 les
1000.0 1694.4881889763778 318.1102362204724 96.06299212598425 bords
1212.5984251968505 1694.4881889763778 212.5984251968504 96.06299212598425 de
1318.1102362204724 1694.4881889763778 212.5984251968504 96.06299212598425 la
1425.1968503937007 1694.4881889763778 601.5748031496063 96.06299212598425 Méditerranée.
1921.259842519685 1694.4881889763778 318.1102362204724 96.06299212598425 S’est
2133.8582677165355 1694.4881889763778 318.1102362204724 96.06299212598425 livré
2310.236220472441 1694.4881889763778 212.5984251968504 96.06299212598425 par-

388.9763779527559 1793.7007874015749 697.6377952755905 111.81102362204724 ticulièrement,
970.0787401574803 1793.7007874015749 348.0314960629921 111.81102362204724 comme
1203.1496062992126 1793.7007874015749 426.7716535433071 111.81102362204724 Charles
1513.3858267716535 1793.7007874015749 426.7716535433071 111.81102362204724 Conder,
1822.0472440944882 1793.7007874015749 310.23622047244095 111.81102362204724 dont
2015.748031496063 1793.7007874015749 233.0708661417323 111.81102362204724 il
2132.283464566929 1793.7007874015749 387.40157480314963 111.81102362204724 semble
2365.3543307086616 1793.7007874015749 154.33070866141733 111.81102362204724 en

392.12598425196853 1897.6377952755906 404.7244094488189 116.53543307086615 quelque
685.0393700787401 1897.6377952755906 330.70866141732284 116.53543307086615 sorte
905.511811023622 1897.6377952755906 551.1811023622047 116.53543307086615 l’héritier,
1346.4566929133857 1897.6377952755906 184.251968503937 116.53543307086615 à
1420.4724409448818 1897.6377952755906 220.4724409448819 116.53543307086615 la
1530.708661417323 1897.6377952755906 440.9448818897638 116.53543307086615 peinture
1861.4173228346456 1897.6377952755906 220.4724409448819 116.53543307086615 de
1971.6535433070867 1897.6377952755906 440.9448818897638 116.53543307086615 panneaux
2266.1417322834645 1897.6377952755906 256.6929133858268 116.53543307086615 déco-

398.4251968503937 2023.6220472440946 341.73228346456693 107.08661417322834 ratifs
637.7952755905512 2023.6220472440946 204.7244094488189 107.08661417322834 et
741.7322834645669 2023.6220472440946 513.3858267716536 107.08661417322834 d’éventails
1151.1811023622047 2023.6220472440946 171.6535433070866 107.08661417322834 à
1220.4724409448818 2023.6220472440946 204.7244094488189 107.08661417322834 la
1322.8346456692914 2023.6220472440946 376.37795275590554 107.08661417322834 gouache
1596.8503937007874 2023.6220472440946 204.7244094488189 107.08661417322834 et
1699.2125984251968 2023.6220472440946 239.37007874015748 107.08661417322834 sur
1836.2204724409448 2023.6220472440946 274.01574803149606 107.08661417322834 soie
2007.8740157480315 2023.6220472440946 274.01574803149606 107.08661417322834 avec
2179.527559055118 2023.6220472440946 341.73228346456693 107.08661417322834 sujets
2384.251968503937 2023.6220472440946 137.00787401574803 107.08661417322834 de

395.2755905511811 2125.984251968504 513.3858267716536 85.03937007874016 fantaisie.
798.4251968503937 2125.984251968504 256.6929133858268 85.03937007874016 Dix
944.8818897637796 2125.984251968504 439.37007874015745 85.03937007874016 panneaux
1274.015748031496 2125.984251968504 220.4724409448819 85.03937007874016 en
1384.251968503937 2125.984251968504 292.9133858267717 85.03937007874016 soie
1566.9291338582677 2125.984251968504 366.92913385826773 85.03937007874016 peinte
1823.6220472440946 2125.984251968504 403.1496062992126 85.03937007874016 formant
2080.314960629921 2125.984251968504 439.37007874015745 85.03937007874016 décoration

388.9763779527559 2226.771653543307 384.251968503937 113.38582677165354 d’une
645.6692913385826 2226.771653543307 511.81102362204723 113.38582677165354 chambre;
1028.3464566929133 2226.771653543307 299.21259842519686 113.38582677165354 dix
1200.0 2226.771653543307 426.7716535433071 113.38582677165354 autres
1499.2125984251968 2226.771653543307 511.81102362204723 113.38582677165354 panneaux
1881.8897637795276 2226.771653543307 341.73228346456693 113.38582677165354 pour
2096.0629921259842 2226.771653543307 299.21259842519686 113.38582677165354 une
2223.6220472440946 2226.771653543307 299.21259842519686 113.38582677165354 autre

393.7007874015748 2332.283464566929 455.11811023622045 88.18897637795276 chambre,
735.4330708661417 2332.283464566929 341.73228346456693 88.18897637795276 tirés
962.2047244094488 2332.283464566929 226.77165354330708 88.18897637795276 de
1075.5905511811025 2332.283464566929 455.11811023622045 88.18897637795276 légendes
1417.3228346456692 2332.283464566929 530.7086614173228 88.18897637795276 galloises,
1834.6456692913387 2332.283464566929 266.1417322834646 88.18897637795276 les
1948.0314960629921 2332.283464566929 568.503937007874 88.18897637795276 «Mabinogian»,

396.8503937007874 2448.818897637795 333.8582677165354 100.78740157480316 pour
604.7244094488188 2448.818897637795 250.39370078740157 100.78740157480316 M.
729.1338582677165 2448.818897637795 250.39370078740157 100.78740157480316 J.
855.1181102362204 2448.818897637795 250.39370078740157 100.78740157480316 W.
979.5275590551181 2448.818897637795 417.3228346456693 100.78740157480316 Evans.
1272.4409448818897 2448.818897637795 584.2519685039371 100.78740157480316 Décoration
1730.708661417323 2448.818897637795 374.8031496062992 100.78740157480316 d’une
1981.1023622047244 2448.818897637795 458.26771653543307 100.78740157480316 chambre
2272.4409448818897 2448.818897637795 250.39370078740157 100.78740157480316 chez

400.0 2530.7086614173227 236.2204724409449 146.45669291338584 M.
518.1102362204724 2530.7086614173227 236.2204724409449 146.45669291338584 A.
636.2204724409448 2530.7086614173227 236.2204724409449 146.45669291338584 E.
754.3307086614174 2530.7086614173227 510.23622047244095 146.45669291338584 Anderson,
1107.0866141732283 2530.7086614173227 236.2204724409449 146.45669291338584 etc.

1222.0472440944882 2801.5748031496064 171.6535433070866 143.30708661417322 32.
1294.4881889763778 2801.5748031496064 439.37007874015745 143.30708661417322 Éventail

1075.5905511811025 2940.1574803149606 181.10236220472441 135.43307086614172 H.
1165.3543307086613 2940.1574803149606 151.1811023622047 135.43307086614172 :
1226.7716535433071 2940.1574803149606 181.10236220472441 135.43307086614172 0,
1318.1102362204724 2940.1574803149606 242.51968503937007 135.43307086614172 207;
1469.291338582677 2940.1574803149606 181.10236220472441 135.43307086614172 L.
1560.6299212598426 2940.1574803149606 151.1811023622047 135.43307086614172 :
1620.4724409448818 2940.1574803149606 181.10236220472441 135.43307086614172 0,
1681.8897637795276 2940.1574803149606 181.10236220472441 135.43307086614172 420.

489.76377952755905 3140.1574803149606 385.8267716535433 125.98425196850394 Peinture
777.9527559055118 3140.1574803149606 160.62992125984252 125.98425196850394 à
842.5196850393701 3140.1574803149606 193.70078740157481 125.98425196850394 la
938.5826771653543 3140.1574803149606 354.3307086614173 125.98425196850394 gouache
1196.8503937007874 3140.1574803149606 225.1968503937008 125.98425196850394 sur
1292.9133858267717 3140.1574803149606 225.1968503937008 125.98425196850394 soie.

485.03937007874015 3250.3937007874015 500.78740157480314 111.81102362204724 Personnages
885.0393700787401 3250.3937007874015 200.0 111.81102362204724 de
985.8267716535433 3250.3937007874015 200.0 111.81102362204724 la
1086.6141732283465 3250.3937007874015 366.92913385826773 111.81102362204724 Comédie
1352.755905511811 3250.3937007874015 434.6456692913386 111.81102362204724 Italienne
1688.1889763779527 3250.3937007874015 200.0 111.81102362204724 au
1787.4015748031495 3250.3937007874015 333.8582677165354 111.81102362204724 milieu
2022.0472440944882 3250.3937007874015 200.0 111.81102362204724 de
2121.259842519685 3250.3937007874015 401.5748031496063 111.81102362204724 bosquets
2388.9763779527557 3250.3937007874015 133.85826771653544 111.81102362204724 et

409.4488188976378 3335.433070866142 192.1259842519685 135.43307086614172 de
505.51181102362204 3335.433070866142 448.81889763779526 135.43307086614172 guirlandes
858.2677165354331 3335.433070866142 192.1259842519685 135.43307086614172 de
954.3307086614174 3335.433070866142 321.25984251968504 135.43307086614172 fleurs
1177.9527559055118 3335.433070866142 225.1968503937008 135.43307086614172 sur
1307.0866141732283 3335.433070866142 256.6929133858268 135.43307086614172 fond
1434.6456692913387 3335.433070866142 225.1968503937008 135.43307086614172 noir.
