2080 2740
611 623 380 77 <b>SHERINGHAM</b>
919 623 326 77 (<b>George</b>).

301 795 156 80 Né
379 795 130 80 à
431 795 286 80 Londres
639 795 156 80 en
716 795 234 80 1885.
872 795 234 80 Élève
1028 795 156 80 de
1106 795 156 80 la
1184 795 234 80 Slade
1339 795 286 80 School,
1521 795 78 80 à

248 866 385 70 l’Université
561 866 144 70 de
633 866 289 70 Londres.
850 866 120 70 A
898 866 241 70 étudié
1066 866 120 70 à
1115 866 217 70 Paris
1259 866 144 70 en
1307 866 289 70 1905

249 945 121 56 A
297 945 241 56 exposé
466 945 193 56 pour
587 945 145 56 la
659 945 290 56 première
876 945 217 56 fois,
1021 945 121 56 à
1069 945 241 56 Paris,
1238 945 145 56 au
1310 945 217 56 Salon
1431 945 169 56 d’au-

247 1009 244 85 tomne
409 1009 162 85 en
490 1009 244 85 1906.
653 1009 135 85 A
707 1009 271 85 voyagé
896 1009 162 85 en
978 1009 298 85 France,
1194 1009 352 85 Belgique,
1438 1009 162 85 Hol-

253 1076 202 61 lande
387 1076 135 61 et
455 1076 157 61 sur
545 1076 157 61 les
635 1076 202 61 bords
770 1076 135 61 de
837 1076 135 61 la
905 1076 382 61 Méditerranée.
1220 1076 202 61 S’est
1355 1076 202 61 livré
1467 1076 135 61 par-

247 1139 443 71 ticulièrement,
616 1139 221 71 comme
764 1139 271 71 Charles
961 1139 271 71 Conder,
1157 1139 197 71 dont
1280 1139 148 71 il
1354 1139 246 71 semble
1502 1139 98 71 en

249 1205 257 74 quelque
435 1205 210 74 sorte
575 1205 350 74 l’héritier,
855 1205 117 74 à
902 1205 140 74 la
972 1205 280 74 peinture
1182 1205 140 74 de
1252 1205 280 74 panneaux
1439 1205 163 74 déco-

253 1285 217 68 ratifs
405 1285 130 68 et
471 1285 326 68 d’éventails
731 1285 109 68 à
775 1285 130 68 la
840 1285 239 68 gouache
1014 1285 130 68 et
1079 1285 152 68 sur
1166 1285 174 68 soie
1275 1285 174 68 avec
1384 1285 217 68 sujets
1514 1285 87 68 de

251 1350 326 54 fantaisie.
507 1350 163 54 Dix
600 1350 279 54 panneaux
809 1350 140 54 en
879 1350 186 54 soie
995 1350 233 54 peinte
1158 1350 256 54 formant
1321 1350 279 54 décoration

247 1414 244 72 d’une
410 1414 325 72 chambre;
653 1414 190 72 dix
762 1414 271 72 autres
952 1414 325 72 panneaux
1195 1414 217 72 pour
1331 1414 190 72 une
1412 1414 190 72 autre

250 1481 289 56 chambre,
467 1481 217 56 tirés
611 1481 144 56 de
683 1481 289 56 légendes
900 1481 337 56 galloises,
1165 1481 169 56 les
1237 1481 361 56 «Mabinogian»,

252 1555 212 64 pour
384 1555 159 64 M.
463 1555 159 64 J.
543 1555 159 64 W.
622 1555 265 64 Evans.
808 1555 371 64 Décoration
1099 1555 238 64 d’une
1258 1555 291 64 chambre
1443 1555 159 64 chez

254 1607 150 93 M.
329 1607 150 93 A.
404 1607 150 93 E.
479 1607 324 93 Anderson,
703 1607 150 93 etc.

776 1779 109 91 32.
822 1779 279 91 <b>Éventail</b>.

683 1867 115 86 H.
740 1867 96 86 :
779 1867 115 86 0,
837 1867 154 86 207;
933 1867 115 86 L.
991 1867 96 86 :
1029 1867 115 86 0,
1068 1867 115 86 420.

311 1994 245 80 Peinture
494 1994 102 80 à
535 1994 123 80 la
596 1994 225 80 gouache
760 1994 143 80 sur
821 1994 143 80 soie.

308 2064 318 71 Personnages
562 2064 127 71 de
626 2064 127 71 la
690 2064 233 71 Comédie
859 2064 276 71 Italienne
1072 2064 127 71 au
1135 2064 212 71 milieu
1284 2064 127 71 de
1347 2064 255 71 bosquets
1517 2064 85 71 et

260 2118 122 86 de
321 2118 285 86 guirlandes
545 2118 122 86 de
606 2118 204 86 fleurs
748 2118 143 86 sur
830 2118 163 86 fond
911 2118 143 86 noir.
