3300.787401574803 4319.685039370079
1266.1417322834645 716.5354330708661 491.33858267716533 171.6535433070866 SICKERT
1615.748031496063 716.5354330708661 806.2992125984252 171.6535433070866 (Walter

850.3937007874016 998.4251968503937 262.99212598425197 116.53543307086615 Né
982.6771653543307 998.4251968503937 218.89763779527559 116.53543307086615 à
1069.291338582677 998.4251968503937 480.31496062992125 116.53543307086615 Munich,
1418.8976377952756 998.4251968503937 262.99212598425197 116.53543307086615 en
1549.6062992125985 998.4251968503937 393.7007874015748 116.53543307086615 1860,
1812.5984251968505 998.4251968503937 349.6062992125984 116.53543307086615 d’un
2031.4960629921259 998.4251968503937 349.6062992125984 116.53543307086615 père
2250.3937007874015 998.4251968503937 480.31496062992125 116.53543307086615 danois,
2555.9055118110236 998.4251968503937 349.6062992125984 116.53543307086615 Oswald

762.2047244094488 1114.9606299212599 494.48818897637796 103.93700787401575 Adalbert
1133.8582677165355 1114.9606299212599 494.48818897637796 103.93700787401575 Sickert,
1503.9370078740158 1114.9606299212599 288.18897637795277 103.93700787401575 qui
1669.291338582677 1114.9606299212599 371.65354330708664 103.93700787401575 était
1916.5354330708662 1114.9606299212599 494.48818897637796 103.93700787401575 peintre,
2288.1889763779527 1114.9606299212599 247.24409448818898 103.93700787401575 et
2412.5984251968503 1114.9606299212599 412.59842519685037 103.93700787401575 (d’une
2659.8425196850394 1114.9606299212599 247.24409448818898 103.93700787401575 mère

730.7086614173228 1200.0 407.87401574803147 151.1811023622047 anglaise.

855.1181102362204 1307.0866141732283 204.7244094488189 130.70866141732284 A
937.007874015748 1307.0866141732283 288.18897637795277 130.70866141732284 ses
1100.7874015748032 1307.0866141732283 411.0236220472441 130.70866141732284 débuts
1388.976377952756 1307.0866141732283 245.66929133858267 130.70866141732284 en
1511.8110236220473 1307.0866141732283 615.7480314960629 130.70866141732284 Angleterre,
2004.724409448819 1307.0866141732283 370.0787401574803 130.70866141732284 reçut
2251.968503937008 1307.0866141732283 288.18897637795277 130.70866141732284 les
2415.748031496063 1307.0866141732283 492.9133858267717 130.70866141732284 conseils
2744.8818897637793 1307.0866141732283 163.7795275590551 130.70866141732284 de

768.503937007874 1412.5984251968505 505.51181102362204 135.43307086614172 Whistler,
1157.4803149606298 1412.5984251968505 505.51181102362204 135.43307086614172 travailla
1546.4566929133857 1412.5984251968505 505.51181102362204 135.43307086614172 longtemps
1933.8582677165355 1412.5984251968505 233.0708661417323 135.43307086614172 en
2050.3937007874015 1412.5984251968505 388.9763779527559 135.43307086614172 France
2322.834645669291 1412.5984251968505 233.0708661417323 135.43307086614172 où
2439.3700787401576 1412.5984251968505 233.0708661417323 135.43307086614172 il
2555.9055118110236 1412.5984251968505 233.0708661417323 135.43307086614172 se
2633.0708661417325 1412.5984251968505 272.4409448818898 135.43307086614172 fixa,

768.503937007874 1524.4094488188975 777.9527559055118 122.83464566929133 particulièrement
1429.9212598425197 1524.4094488188975 193.70078740157481 122.83464566929133 à
1507.0866141732283 1524.4094488188975 428.34645669291336 122.83464566929133 Dieppe,
1818.8976377952756 1524.4094488188975 233.0708661417323 122.83464566929133 et
1935.4330708661416 1524.4094488188975 349.6062992125984 122.83464566929133 subit
2168.503937007874 1524.4094488188975 466.1417322834646 122.83464566929133 l’action
2518.1102362204724 1524.4094488188975 233.0708661417323 122.83464566929133 du
2596.850393700787 1524.4094488188975 310.23622047244095 122.83464566929133 milieu

768.503937007874 1645.6692913385828 777.9527559055118 122.83464566929133 impressionniste,
1431.4960629921259 1645.6692913385828 505.51181102362204 122.83464566929133 notamment
1820.4724409448818 1645.6692913385828 233.0708661417323 122.83464566929133 de
1937.007874015748 1645.6692913385828 388.9763779527559 122.83464566929133 Degas.
2209.448818897638 1645.6692913385828 505.51181102362204 122.83464566929133 W.Sickert
2598.4251968503936 1645.6692913385828 195.2755905511811 122.83464566929133 a
2637.7952755905512 1645.6692913385828 272.4409448818898 122.83464566929133 peint

771.6535433070866 1751.1811023622047 258.26771653543307 99.21259842519684 des
918.1102362204724 1751.1811023622047 294.48818897637796 99.21259842519684 vues
1102.3622047244094 1751.1811023622047 222.04724409448818 99.21259842519684 de
1214.1732283464567 1751.1811023622047 406.2992125984252 99.21259842519684 villes,
1508.6614173228347 1751.1811023622047 258.26771653543307 99.21259842519684 des
1656.6929133858268 1751.1811023622047 442.5196850393701 99.21259842519684 paysagès
1987.4015748031495 1751.1811023622047 222.04724409448818 99.21259842519684 et
2099.212598425197 1751.1811023622047 332.2834645669291 99.21259842519684 aussi
2319.685039370079 1751.1811023622047 442.5196850393701 99.21259842519684 quelques
2615.748031496063 1751.1811023622047 294.48818897637796 99.21259842519684 compo-

779.5275590551181 1844.0944881889764 344.88188976377955 114.96062992125984 sitions
1029.9212598425197 1844.0944881889764 188.9763779527559 114.96062992125984 de
1124.4094488188975 1844.0944881889764 376.37795275590554 114.96062992125984 figures:
1407.8740157480315 1844.0944881889764 407.87401574803147 114.96062992125984 Devant
1721.259842519685 1844.0944881889764 188.9763779527559 114.96062992125984 la
1815.748031496063 1844.0944881889764 313.38582677165357 114.96062992125984 glace,
2034.6456692913387 1844.0944881889764 439.37007874015745 114.96062992125984 Lassitude,
2379.527559055118 1844.0944881889764 188.9763779527559 114.96062992125984 le
2474.015748031496 1844.0944881889764 250.39370078740157 114.96062992125984 Lit,
2600.0 1844.0944881889764 313.38582677165357 114.96062992125984 Dans

785.8267716535433 1937.007874015748 425.1968503937008 138.58267716535434 l’attente,
1137.007874015748 1937.007874015748 149.60629921259843 138.58267716535434 le
1187.4015748031495 1937.007874015748 425.1968503937008 138.58267716535434 Désbabillé.

867.7165354330708 2051.968503937008 214.17322834645668 124.40944881889764 Il
974.8031496062993 2051.968503937008 179.5275590551181 124.40944881889764 a
1047.244094488189 2051.968503937008 464.56692913385825 124.40944881889764 travaillé
1404.724409448819 2051.968503937008 179.5275590551181 124.40944881889764 à
1475.5905511811025 2051.968503937008 357.4803149606299 124.40944881889764 Paris,
1725.984251968504 2051.968503937008 179.5275590551181 124.40944881889764 à
1798.4251968503936 2051.968503937008 393.7007874015748 124.40944881889764 Dieppe,
2085.0393700787404 2051.968503937008 179.5275590551181 124.40944881889764 à
2155.9055118110236 2051.968503937008 393.7007874015748 124.40944881889764 Londres
2442.51968503937 2051.968503937008 214.17322834645668 124.40944881889764 et
2549.6062992125985 2051.968503937008 179.5275590551181 124.40944881889764 à
2585.8267716535433 2051.968503937008 321.25984251968504 124.40944881889764 Venise.

776.3779527559055 2146.4566929133857 403.1496062992126 108.66141732283465 Membre
1059.8425196850394 2146.4566929133857 242.51968503937007 108.66141732283465 du
1181.1023622047244 2146.4566929133857 363.7795275590551 108.66141732283465 Salon
1423.6220472440946 2146.4566929133857 565.3543307086615 108.66141732283465 d’automne.
1867.716535433071 2146.4566929133857 242.51968503937007 108.66141732283465 On
1987.4015748031495 2146.4566929133857 201.5748031496063 108.66141732283465 a
2069.2913385826773 2146.4566929133857 485.03937007874015 108.66141732283465 organisé
2431.496062992126 2146.4566929133857 281.8897637795276 108.66141732283465 une
2552.755905511811 2146.4566929133857 363.7795275590551 108.66141732283465 exposi-

776.3779527559055 2255.1181102362207 299.21259842519686 146.45669291338584 tion
963.7795275590552 2255.1181102362207 225.1968503937008 146.45669291338584 de
1077.1653543307086 2255.1181102362207 262.99212598425197 146.45669291338584 ses
1226.7716535433071 2255.1181102362207 374.8031496062992 146.45669291338584 œuvres
1488.1889763779527 2255.1181102362207 187.4015748031496 146.45669291338584 à
1563.7795275590552 2255.1181102362207 337.00787401574803 146.45669291338584 Paris
1788.976377952756 2255.1181102362207 225.1968503937008 146.45669291338584 en
1862.992125984252 2255.1181102362207 262.99212598425197 146.45669291338584 1904.

862.992125984252 2362.2047244094488 270.86614173228344 140.15748031496062 Cet
1018.8976377952756 2362.2047244094488 425.1968503937008 140.15748031496062 artiste
1327.5590551181103 2362.2047244094488 193.70078740157481 140.15748031496062 a
1404.724409448819 2362.2047244094488 270.86614173228344 140.15748031496062 des
1559.0551181102362 2362.2047244094488 387.40157480314963 140.15748031496062 œuvres
1829.9212598425197 2362.2047244094488 308.66141732283467 140.15748031496062 dans
2023.6220472440946 2362.2047244094488 387.40157480314963 140.15748031496062 divers
2294.488188976378 2362.2047244094488 387.40157480314963 140.15748031496062 musées
2525.984251968504 2362.2047244094488 387.40157480314963 140.15748031496062 d’Angle-

777.9527559055118 2472.4409448818897 333.8582677165354 154.33070866141733 terre
1000.0 2472.4409448818897 222.04724409448818 154.33070866141733 et
1110.236220472441 2472.4409448818897 222.04724409448818 154.33070866141733 du
1184.251968503937 2472.4409448818897 444.09448818897636 154.33070866141733 Continent.

1625.1968503937007 2730.7086614173227 166.9291338582677 122.83464566929133 33.
1696.0629921259842 2730.7086614173227 381.1023622047244 122.83464566929133 Dieppe.

1477.1653543307086 2858.267716535433 193.70078740157481 159.0551181102362 H.
1574.8031496062993 2858.267716535433 162.20472440944883 159.0551181102362 :
1639.3700787401574 2858.267716535433 291.33858267716533 159.0551181102362 0,46;
1833.0708661417323 2858.267716535433 193.70078740157481 159.0551181102362 L.
1930.708661417323 2858.267716535433 162.20472440944883 159.0551181102362 :
1995.275590551181 2858.267716535433 193.70078740157481 159.0551181102362 0,
2059.8425196850394 2858.267716535433 162.20472440944883 159.0551181102362 55.

862.992125984252 3006.299212598425 209.4488188976378 132.28346456692913 Un
966.9291338582677 3006.299212598425 278.74015748031496 132.28346456692913 coin
1141.732283464567 3006.299212598425 209.4488188976378 132.28346456692913 de
1247.244094488189 3006.299212598425 384.251968503937 132.28346456692913 Dieppe,
1525.984251968504 3006.299212598425 278.74015748031496 132.28346456692913 près
1700.7874015748032 3006.299212598425 209.4488188976378 132.28346456692913 du
1804.724409448819 3006.299212598425 384.251968503937 132.28346456692913 Casino;
2085.0393700787404 3006.299212598425 244.09448818897638 132.28346456692913 les
2225.196850393701 3006.299212598425 384.251968503937 132.28346456692913 façades
2503.9370078740158 3006.299212598425 244.09448818897638 132.28346456692913 des
2607.8740157480315 3006.299212598425 314.96062992125985 132.28346456692913 maisons

787.4015748031496 3129.1338582677167 259.84251968503935 127.55905511811024 dans
949.6062992125984 3129.1338582677167 388.9763779527559 127.55905511811024 l’ombre.
1240.9448818897638 3129.1338582677167 226.77165354330708 127.55905511811024 Une
1371.6535433070867 3129.1338582677167 420.4724409448819 127.55905511811024 corbeille
1694.4881889763778 3129.1338582677167 193.70078740157481 127.55905511811024 de
1792.1259842519685 3129.1338582677167 420.4724409448819 127.55905511811024 géraniums
2116.535433070866 3129.1338582677167 193.70078740157481 127.55905511811024 en
2212.5984251968503 3129.1338582677167 291.33858267716533 127.55905511811024 avant
2407.8740157480315 3129.1338582677167 226.77165354330708 127.55905511811024 sur
2537.0078740157483 3129.1338582677167 193.70078740157481 127.55905511811024 le
2634.6456692913384 3129.1338582677167 226.77165354330708 127.55905511811024 sol
2732.283464566929 3129.1338582677167 193.70078740157481 127.55905511811024 très

755.9055118110236 3217.3228346456694 313.38582677165357 141.73228346456693 éclairé.

870.8661417322835 3343.3070866141734 231.49606299212599 100.78740157480316 Signé
1025.1968503937007 3343.3070866141734 154.33070866141733 100.78740157480316 en
1102.3622047244094 3343.3070866141734 179.5275590551181 100.78740157480316 bas
1204.724409448819 3343.3070866141734 129.13385826771653 100.78740157480316 à
1256.6929133858268 3343.3070866141734 283.46456692913387 100.78740157480316 droite,
1436.2204724409448 3343.3070866141734 437.79527559055117 100.78740157480316 Sickert.

1708.6614173228347 3518.1102362204724 233.0708661417323 163.7795275590551 112
