3275.5905511811025 4314.96062992126
987.4015748031496 1209.4488188976377 437.79527559055117 141.73228346456693 <b>STRANG
1289.763779527559 1209.4488188976377 538.5826771653543 141.73228346456693 (William</b>).

423.62204724409446 1499.2125984251968 234.64566929133858 118.11023622047244 Né
541.7322834645669 1499.2125984251968 196.8503937007874 118.11023622047244 à
620.4724409448819 1499.2125984251968 510.23622047244095 118.11023622047244 Dumbarton
1012.5984251968504 1499.2125984251968 470.86614173228344 118.11023622047244 (Écosse)
1365.3543307086613 1499.2125984251968 234.64566929133858 118.11023622047244 le
1481.8897637795276 1499.2125984251968 234.64566929133858 118.11023622047244 13
1600.0 1499.2125984251968 431.496062992126 118.11023622047244 février
1913.3858267716535 1499.2125984251968 352.755905511811 118.11023622047244 1859;
2149.6062992125985 1499.2125984251968 274.01574803149606 118.11023622047244 fit
2266.1417322834645 1499.2125984251968 196.8503937007874 118.11023622047244 son

344.88188976377955 1612.5984251968505 467.7165354330709 96.06299212598425 éducation
703.9370078740158 1612.5984251968505 179.5275590551181 96.06299212598425 à
776.3779527559055 1612.5984251968505 502.3622047244094 96.06299212598425 l’Académie
1171.6535433070867 1612.5984251968505 215.748031496063 96.06299212598425 de
1278.740157480315 1612.5984251968505 215.748031496063 96.06299212598425 sa
1387.4015748031495 1612.5984251968505 322.8346456692913 96.06299212598425 ville
1603.1496062992126 1612.5984251968505 359.0551181102362 96.06299212598425 natale
1853.5433070866143 1612.5984251968505 395.2755905511811 96.06299212598425 jusqu’à
2141.732283464567 1612.5984251968505 322.8346456692913 96.06299212598425 l’âge
2321.259842519685 1612.5984251968505 143.30708661417322 96.06299212598425 de

346.45669291338584 1719.6850393700788 318.1102362204724 114.96062992125984 16ans
557.4803149606299 1719.6850393700788 212.5984251968504 114.96062992125984 et
664.5669291338583 1719.6850393700788 283.46456692913387 114.96062992125984 vint
840.9448818897638 1719.6850393700788 176.3779527559055 114.96062992125984 à
911.8110236220473 1719.6850393700788 423.62204724409446 114.96062992125984 Londres,
1229.9212598425197 1719.6850393700788 212.5984251968504 114.96062992125984 où
1335.4330708661416 1719.6850393700788 423.62204724409446 114.96062992125984 ilétudia
1653.5433070866143 1719.6850393700788 176.3779527559055 114.96062992125984 à
1724.4094488188975 1719.6850393700788 212.5984251968504 114.96062992125984 la
1829.9212598425197 1719.6850393700788 318.1102362204724 114.96062992125984 Slade
2006.2992125984251 1719.6850393700788 459.84251968503935 114.96062992125984 Schoolcomme

337.00787401574803 1822.0472440944882 348.0314960629921 94.48818897637796 élève
570.0787401574803 1822.0472440944882 541.7322834645669 94.48818897637796 d’Alphonse
995.2755905511812 1822.0472440944882 426.7716535433071 94.48818897637796 Legros,
1305.5118110236222 1822.0472440944882 270.86614173228344 94.48818897637796 qui
1461.4173228346456 1822.0472440944882 270.86614173228344 94.48818897637796 eut
1615.748031496063 1822.0472440944882 270.86614173228344 94.48818897637796 une
1770.0787401574803 1822.0472440944882 503.93700787401576 94.48818897637796 influence
2119.685039370079 1822.0472440944882 348.0314960629921 94.48818897637796 marquée

337.00787401574803 1930.708661417323 240.9448818897638 97.63779527559055 sur
475.59055118110234 1930.708661417323 240.9448818897638 97.63779527559055 son
612.5984251968504 1930.708661417323 377.9527559055118 97.63779527559055 talent.
888.1889763779527 1930.708661417323 206.29921259842519 97.63779527559055 Il
990.5511811023622 1930.708661417323 447.244094488189 97.63779527559055 travailla
1335.4330708661416 1930.708661417323 240.9448818897638 97.63779527559055 six
1472.4409448818897 1930.708661417323 240.9448818897638 97.63779527559055 ans
1611.023622047244 1930.708661417323 344.88188976377955 97.63779527559055 auprès
1851.9685039370079 1930.708661417323 206.29921259842519 97.63779527559055 de
1954.3307086614172 1930.708661417323 275.59055118110234 97.63779527559055 lui,
2092.9133858267714 1930.708661417323 377.9527559055118 97.63779527559055 dessinant

332.2834645669291 2033.0708661417323 233.0708661417323 102.36220472440945 et
448.81889763779526 2033.0708661417323 464.56692913385825 102.36220472440945 gravant.
798.4251968503937 2033.0708661417323 193.70078740157481 102.36220472440945 A
875.5905511811023 2033.0708661417323 387.40157480314963 102.36220472440945 voyagé
1146.4566929133857 2033.0708661417323 233.0708661417323 102.36220472440945 en
1262.992125984252 2033.0708661417323 426.7716535433071 102.36220472440945 Italie,
1571.6535433070867 2033.0708661417323 233.0708661417323 102.36220472440945 en
1688.1889763779527 2033.0708661417323 464.56692913385825 102.36220472440945 Espagne,
2036.2204724409448 2033.0708661417323 233.0708661417323 102.36220472440945 en
2114.9606299212596 2033.0708661417323 348.0314960629921 102.36220472440945 France,

333.8582677165354 2159.0551181102364 222.04724409448818 113.38582677165354 en
445.6692913385827 2159.0551181102364 444.09448818897636 113.38582677165354 Hollande
779.5275590551181 2159.0551181102364 222.04724409448818 113.38582677165354 et
891.3385826771654 2159.0551181102364 222.04724409448818 113.38582677165354 en
1001.5748031496063 2159.0551181102364 444.09448818897636 113.38582677165354 Belgique
1335.4330708661416 2159.0551181102364 296.06299212598424 113.38582677165354 pour
1521.259842519685 2159.0551181102364 407.87401574803147 113.38582677165354 étudier
1817.3228346456692 2159.0551181102364 259.84251968503935 113.38582677165354 les
1929.1338582677165 2159.0551181102364 370.0787401574803 113.38582677165354 maîtres.

418.8976377952756 2242.51968503937 204.7244094488189 105.51181102362204 W
500.78740157480314 2242.51968503937 409.4488188976378 105.51181102362204 Strang
787.4015748031496 2242.51968503937 204.7244094488189 105.51181102362204 a
869.2913385826772 2242.51968503937 409.4488188976378 105.51181102362204 obtenu
1155.9055118110236 2242.51968503937 286.61417322834643 105.51181102362204 une
1319.6850393700788 2242.51968503937 491.33858267716533 105.51181102362204 médaille
1686.6141732283465 2242.51968503937 327.5590551181102 105.51181102362204 d’or
1891.3385826771653 2242.51968503937 368.503937007874 105.51181102362204 comme
2096.0629921259842 2242.51968503937 368.503937007874 105.51181102362204 peintre

330.70866141732284 2338.582677165354 196.8503937007874 108.66141732283465 à
409.4488188976378 2338.582677165354 633.0708661417323 108.66141732283465 l’Exposition
922.8346456692914 2338.582677165354 711.8110236220473 108.66141732283465 Internationale
1516.5354330708662 2338.582677165354 237.79527559055117 108.66141732283465 de
1634.6456692913387 2338.582677165354 434.6456692913386 108.66141732283465 Dresde,
1951.1811023622047 2338.582677165354 277.1653543307087 108.66141732283465 une
2069.2913385826773 2338.582677165354 395.2755905511811 108.66141732283465 médaille

338.5826771653543 2448.818897637795 481.8897637795276 132.28346456692913 d’argent
699.2125984251968 2448.818897637795 362.20472440944883 132.28346456692913 comme
940.1574803149606 2448.818897637795 442.5196850393701 132.28346456692913 graveur
1261.4173228346456 2448.818897637795 201.5748031496063 132.28346456692913 à
1341.732283464567 2448.818897637795 642.5196850393701 132.28346456692913 l’Exposition
1864.5669291338584 2448.818897637795 603.1496062992126 132.28346456692913 Universelle
2305.511811023622 2448.818897637795 160.62992125984252 132.28346456692913 de

296.06299212598424 2562.2047244094488 302.3622047244094 116.53543307086615 1889.

426.7716535433071 2636.220472440945 214.17322834645668 146.45669291338584 Il
533.8582677165355 2636.220472440945 179.5275590551181 146.45669291338584 a
606.2992125984252 2636.220472440945 321.25984251968504 146.45669291338584 peint
820.4724409448819 2636.220472440945 357.4803149606299 146.45669291338584 nombre
1070.8661417322835 2636.220472440945 214.17322834645668 146.45669291338584 de
1177.9527559055118 2636.220472440945 464.56692913385825 146.45669291338584 tableaux,
1535.4330708661416 2636.220472440945 357.4803149606299 146.45669291338584 sujets
1785.8267716535433 2636.220472440945 214.17322834645668 146.45669291338584 ou
1894.4881889763778 2636.220472440945 500.78740157480314 146.45669291338584 portraits,
2251.968503937008 2636.220472440945 214.17322834645668 146.45669291338584 mais

343.3070866141732 2768.503937007874 226.77165354330708 110.23622047244095 il
456.6929133858268 2768.503937007874 264.56692913385825 110.23622047244095 est
607.8740157480315 2768.503937007874 415.748031496063 110.23622047244095 surtout
910.2362204724409 2768.503937007874 340.15748031496065 110.23622047244095 connu
1137.007874015748 2768.503937007874 264.56692913385825 110.23622047244095 par
1288.1889763779527 2768.503937007874 264.56692913385825 110.23622047244095 ses
1440.9448818897638 2768.503937007874 415.748031496063 110.23622047244095 dessins
1743.3070866141732 2768.503937007874 264.56692913385825 110.23622047244095 aux
1894.4881889763778 2768.503937007874 340.15748031496065 110.23622047244095 trois
2083.464566929134 2768.503937007874 377.9527559055118 110.23622047244095 crayons,

346.45669291338584 2864.566929133858 291.33858267716533 122.83464566929133 dans
529.1338582677165 2864.566929133858 437.79527559055117 122.83464566929133 l’esprit
856.6929133858267 2864.566929133858 255.11811023622047 122.83464566929133 des
1003.1496062992126 2864.566929133858 401.5748031496063 122.83464566929133 maîtres
1294.4881889763778 2864.566929133858 218.89763779527559 122.83464566929133 du
1404.724409448819 2864.566929133858 291.33858267716533 122.83464566929133 XVIe
1587.4015748031495 2864.566929133858 365.3543307086614 122.83464566929133 siècle
1842.5196850393702 2864.566929133858 218.89763779527559 122.83464566929133 et
1952.755905511811 2864.566929133858 255.11811023622047 122.83464566929133 par
2097.6377952755906 2864.566929133858 255.11811023622047 122.83464566929133 son
2207.8740157480315 2864.566929133858 255.11811023622047 122.83464566929133 œuvre

341.73228346456693 2979.527559055118 324.40944881889766 111.81102362204724 gravé
557.4803149606299 2979.527559055118 251.96850393700788 111.81102362204724 qui
702.3622047244095 2979.527559055118 251.96850393700788 111.81102362204724 est
845.6692913385826 2979.527559055118 288.18897637795277 111.81102362204724 très
1026.7716535433071 2979.527559055118 503.93700787401576 111.81102362204724 important.
1422.0472440944882 2979.527559055118 215.748031496063 111.81102362204724 Un
1530.708661417323 2979.527559055118 467.7165354330709 111.81102362204724 catalogue
1889.763779527559 2979.527559055118 215.748031496063 111.81102362204724 en
1998.4251968503936 2979.527559055118 179.5275590551181 111.81102362204724 a
2070.8661417322833 2979.527559055118 251.96850393700788 111.81102362204724 été
2177.952755905512 2979.527559055118 288.18897637795277 111.81102362204724 publié

337.00787401574803 3099.212598425197 244.09448818897638 100.78740157480316 en
459.84251968503935 3099.212598425197 366.92913385826773 100.78740157480316 1906;
703.9370078740158 3099.212598425197 651.9685039370079 100.78740157480316 introduction
1234.6456692913387 3099.212598425197 285.03937007874015 100.78740157480316 par
1398.4251968503936 3099.212598425197 489.76377952755905 100.78740157480316 Laurence
1765.3543307086613 3099.212598425197 448.81889763779526 100.78740157480316 Binyon,
2091.3385826771655 3099.212598425197 325.98425196850394 100.78740157480316 avec
2253.5433070866143 3099.212598425197 204.7244094488189 100.78740157480316 471

337.00787401574803 3182.6771653543306 425.1968503937008 105.51181102362204 numéros
647.2440944881889 3182.6771653543306 308.66141732283467 105.51181102362204 tous
840.9448818897638 3182.6771653543306 579.5275590551181 105.51181102362204 reproduits.
1303.9370078740158 3182.6771653543306 231.49606299212599 105.51181102362204 Le
1420.4724409448818 3182.6771653543306 541.7322834645669 105.51181102362204 Luxembourg
1845.6692913385828 3182.6771653543306 425.1968503937008 105.51181102362204 possède
2155.9055118110236 3182.6771653543306 231.49606299212599 105.51181102362204 un
2233.0708661417325 3182.6771653543306 231.49606299212599 105.51181102362204 cer-

338.5826771653543 3297.6377952755906 300.78740157480314 129.13385826771653 tain
527.5590551181102 3297.6377952755906 376.37795275590554 129.13385826771653 nombre
790.5511811023622 3297.6377952755906 225.1968503937008 129.13385826771653 de
903.9370078740158 3297.6377952755906 262.99212598425197 129.13385826771653 ces
1015.7480314960629 3297.6377952755906 414.1732283464567 129.13385826771653 estampes.

1154.3307086614172 3478.740157480315 262.99212598425197 166.9291338582677 —
1258.267716535433 3478.740157480315 368.503937007874 166.9291338582677 113
1417.3228346456692 3478.740157480315 157.48031496062993 166.9291338582677 —

2122.834645669291 3485.0393700787404 170.07874015748033 116.53543307086615 8
