3291.3385826771655 4310.236220472441
1505.5118110236222 941.7322834645669 379.5275590551181 127.55905511811024 TONKS
1788.976377952756 941.7322834645669 403.1496062992126 127.55905511811024 (Henry).

862.992125984252 1209.4488188976377 240.9448818897638 130.70866141732284 Né
982.6771653543307 1209.4488188976377 200.0 130.70866141732284 à
1062.992125984252 1209.4488188976377 480.31496062992125 130.70866141732284 Solihull
1423.6220472440946 1209.4488188976377 721.2598425196851 130.70866141732284 (Warwickshire)
2023.6220472440946 1209.4488188976377 240.9448818897638 130.70866141732284 en
2144.8818897637793 1209.4488188976377 360.62992125984255 130.70866141732284 1862.
2384.251968503937 1209.4488188976377 480.31496062992125 130.70866141732284 Commença
2705.511811023622 1209.4488188976377 200.0 130.70866141732284 par

777.9527559055118 1321.259842519685 403.1496062992126 111.81102362204724 étudier
1070.8661417322835 1321.259842519685 220.4724409448819 111.81102362204724 la
1181.1023622047244 1321.259842519685 440.9448818897638 111.81102362204724 médecine
1511.8110236220473 1321.259842519685 220.4724409448819 111.81102362204724 et
1622.0472440944882 1321.259842519685 477.1653543307087 111.81102362204724 s’attacha
1988.976377952756 1321.259842519685 182.6771653543307 111.81102362204724 à
2061.417322834646 1321.259842519685 403.1496062992126 111.81102362204724 l’étude
2355.9055118110236 1321.259842519685 220.4724409448819 111.81102362204724 de
2428.3464566929133 1321.259842519685 477.1653543307087 111.81102362204724 l’anatomie;

781.1023622047244 1426.7716535433071 220.4724409448819 100.78740157480316 il
891.3385826771654 1426.7716535433071 475.59055118110234 100.78740157480316 abandonna
1256.6929133858268 1426.7716535433071 403.1496062992126 100.78740157480316 bientôt
1549.6062992125985 1426.7716535433071 220.4724409448819 100.78740157480316 la
1659.8425196850394 1426.7716535433071 403.1496062992126 100.78740157480316 science
1952.755905511811 1426.7716535433071 292.9133858267717 100.78740157480316 pour
2135.433070866142 1426.7716535433071 220.4724409448819 100.78740157480316 se
2245.6692913385828 1426.7716535433071 366.92913385826773 100.78740157480316 donner
2502.3622047244094 1426.7716535433071 182.6771653543307 100.78740157480316 à
2576.3779527559054 1426.7716535433071 329.13385826771656 100.78740157480316 l’art
2759.0551181102364 1426.7716535433071 146.45669291338584 100.78740157480316 et

777.9527559055118 1522.8346456692914 190.5511811023622 124.40944881889764 à
853.5433070866142 1522.8346456692914 686.6141732283464 124.40944881889764 l’enseignement
1425.1968503937007 1522.8346456692914 228.3464566929134 124.40944881889764 du
1540.1574803149606 1522.8346456692914 418.8976377952756 124.40944881889764 dessin.
1844.0944881889764 1522.8346456692914 228.3464566929134 124.40944881889764 Il
1959.0551181102362 1522.8346456692914 456.6929133858268 124.40944881889764 professe
2302.3622047244094 1522.8346456692914 381.1023622047244 124.40944881889764 depuis
2568.503937007874 1522.8346456692914 343.3070866141732 124.40944881889764 vingt
2759.0551181102364 1522.8346456692914 152.75590551181102 124.40944881889764 et

774.8031496062993 1666.1417322834645 256.6929133858268 107.08661417322834 un
902.3622047244095 1666.1417322834645 299.21259842519686 107.08661417322834 ans
1074.015748031496 1666.1417322834645 214.17322834645668 107.08661417322834 à
1159.0551181102362 1666.1417322834645 256.6929133858268 107.08661417322834 la
1286.6141732283465 1666.1417322834645 426.7716535433071 107.08661417322834 «Slade
1585.8267716535433 1666.1417322834645 469.29133858267716 107.08661417322834 School»
1927.5590551181103 1666.1417322834645 256.6929133858268 107.08661417322834 de
2056.6929133858266 1666.1417322834645 469.29133858267716 107.08661417322834 dessin,
2398.4251968503936 1666.1417322834645 511.81102362204723 107.08661417322834 peinture
2740.1574803149606 1666.1417322834645 170.07874015748033 107.08661417322834 et

774.8031496062993 1730.708661417323 554.3307086614174 138.58267716535434 sculpture,
1211.023622047244 1730.708661417323 198.4251968503937 138.58267716535434 à
1289.763779527559 1730.708661417323 554.3307086614174 138.58267716535434 University
1724.4094488188975 1730.708661417323 475.59055118110234 138.58267716535434 College,
2081.8897637795276 1730.708661417323 237.79527559055117 138.58267716535434 où
2200.0 1730.708661417323 475.59055118110234 138.58267716535434 enseigna
2557.48031496063 1730.708661417323 237.79527559055117 138.58267716535434 si
2636.220472440945 1730.708661417323 277.1653543307087 138.58267716535434 long-

777.9527559055118 1850.3937007874015 349.6062992125984 107.08661417322834 temps
1011.0236220472441 1850.3937007874015 349.6062992125984 107.08661417322834 notre
1244.0944881889764 1850.3937007874015 466.1417322834646 107.08661417322834 Alphonse
1593.7007874015749 1850.3937007874015 426.7716535433071 107.08661417322834 Legros.
1903.9370078740158 1850.3937007874015 349.6062992125984 107.08661417322834 Tonks
2135.433070866142 1850.3937007874015 349.6062992125984 107.08661417322834 entra
2368.503937007874 1850.3937007874015 310.23622047244095 107.08661417322834 dans
2562.2047244094488 1850.3937007874015 270.86614173228344 107.08661417322834 cet
2678.740157480315 1850.3937007874015 233.0708661417323 107.08661417322834 éta-

779.5275590551181 1949.6062992125985 522.8346456692914 151.1811023622047 blissement
1190.5511811023623 1949.6062992125985 335.43307086614175 151.1811023622047 juste
1414.1732283464567 1949.6062992125985 335.43307086614175 151.1811023622047 comme
1639.3700787401574 1949.6062992125985 373.2283464566929 151.1811023622047 Legros
1900.7874015748032 1949.6062992125985 335.43307086614175 151.1811023622047 était
2124.4094488188975 1949.6062992125985 448.81889763779526 151.1811023622047 remplacé
2459.8425196850394 1949.6062992125985 261.4173228346457 151.1811023622047 par
2609.448818897638 1949.6062992125985 223.6220472440945 151.1811023622047 le
2685.0393700787404 1949.6062992125985 223.6220472440945 151.1811023622047 pro-

779.5275590551181 2067.716535433071 415.748031496063 102.36220472440945 fesseur
1081.8897637795276 2067.716535433071 340.15748031496065 102.36220472440945 Brown
1308.6614173228347 2067.716535433071 302.3622047244094 102.36220472440945 dont
1497.6377952755906 2067.716535433071 226.77165354330708 102.36220472440945 il
1611.023622047244 2067.716535433071 377.9527559055118 102.36220472440945 devint
1837.7952755905512 2067.716535433071 453.54330708661416 102.36220472440945 l’adjoint.

862.992125984252 2163.779527559055 401.5748031496063 160.62992125984252 Expose
1143.3070866141732 2163.779527559055 722.8346456692914 160.62992125984252 principalement
1744.8818897637796 2163.779527559055 200.0 160.62992125984252 à
1825.1968503937007 2163.779527559055 440.9448818897638 160.62992125984252 Londres
2146.4566929133857 2163.779527559055 240.9448818897638 160.62992125984252 au
2266.1417322834645 2163.779527559055 280.31496062992125 160.62992125984252 New
2426.771653543307 2163.779527559055 440.9448818897638 160.62992125984252 English
2708.6614173228345 2163.779527559055 200.0 160.62992125984252 Art

730.7086614173228 2267.716535433071 299.21259842519686 125.98425196850394 Club.

870.8661417322835 2377.952755905512 384.251968503937 129.13385826771653 Engagé
1138.5826771653544 2377.952755905512 344.88188976377955 129.13385826771653 comme
1368.5039370078741 2377.952755905512 422.0472440944882 129.13385826771653 médecin
1675.5905511811025 2377.952755905512 229.92125984251967 129.13385826771653 au
1790.5511811023623 2377.952755905512 344.88188976377955 129.13385826771653 début
2022.0472440944882 2377.952755905512 229.92125984251967 129.13385826771653 de
2137.0078740157483 2377.952755905512 229.92125984251967 129.13385826771653 la
2251.968503937008 2377.952755905512 459.84251968503935 129.13385826771653 présente
2559.0551181102364 2377.952755905512 344.88188976377955 129.13385826771653 guerre.

1333.8582677165355 2636.220472440945 214.17322834645668 185.82677165354332 30.
1455.1181102362204 2636.220472440945 275.59055118110234 185.82677165354332 Le
1639.3700787401574 2636.220472440945 366.92913385826773 185.82677165354332 Marchand
1914.9606299212599 2636.220472440945 184.251968503937 185.82677165354332 de
1976.3779527559054 2636.220472440945 398.4251968503937 185.82677165354332 bijoux.

1502.3622047244094 2795.2755905511813 184.251968503937 129.13385826771653 H.
1595.275590551181 2795.2755905511813 154.33070866141733 129.13385826771653 :
1656.6929133858268 2795.2755905511813 184.251968503937 129.13385826771653 1,
1749.6062992125985 2795.2755905511813 215.748031496063 129.13385826771653 08;
1872.4409448818897 2795.2755905511813 184.251968503937 129.13385826771653 L.
1965.3543307086613 2795.2755905511813 154.33070866141733 129.13385826771653 :
1995.275590551181 2795.2755905511813 215.748031496063 129.13385826771653 0,95.

858.2677165354331 2988.9763779527557 366.92913385826773 108.66141732283465 Assise
1114.9606299212599 2988.9763779527557 366.92913385826773 108.66141732283465 devant
1371.6535433070867 2988.9763779527557 256.6929133858268 108.66141732283465 une
1518.1102362204724 2988.9763779527557 513.3858267716536 108.66141732283465 coiffeuse,
1921.259842519685 2988.9763779527557 256.6929133858268 108.66141732283465 une
2067.716535433071 2988.9763779527557 330.70866141732284 108.66141732283465 jeune
2288.1889763779527 2988.9763779527557 330.70866141732284 108.66141732283465 femme
2508.6614173228345 2988.9763779527557 220.4724409448819 108.66141732283465 en
2618.8976377952754 2988.9763779527557 292.9133858267717 108.66141732283465 robe
2765.3543307086616 2988.9763779527557 146.45669291338584 108.66141732283465 de

785.8267716535433 3078.740157480315 360.62992125984255 103.93700787401575 chambre
1048.8188976377953 3078.740157480315 393.7007874015748 103.93700787401575 jaunâtre
1343.3070866141732 3078.740157480315 163.7795275590551 103.93700787401575 à
1407.8740157480315 3078.740157480315 360.62992125984255 103.93700787401575 fleurs,
1670.8661417322835 3078.740157480315 229.92125984251967 103.93700787401575 les
1801.5748031496064 3078.740157480315 360.62992125984255 103.93700787401575 épaules
2062.9921259842517 3078.740157480315 294.48818897637796 103.93700787401575 nues,
2259.8425196850394 3078.740157480315 196.8503937007874 103.93700787401575 se
2357.48031496063 3078.740157480315 393.7007874015748 103.93700787401575 retourne
2653.5433070866143 3078.740157480315 261.4173228346457 103.93700787401575 vers
2784.251968503937 3078.740157480315 130.70866141732284 103.93700787401575 un

790.5511811023622 3179.527559055118 381.1023622047244 97.63779527559055 marchand
1075.5905511811025 3179.527559055118 318.1102362204724 97.63779527559055 syrien
1297.6377952755906 3179.527559055118 222.04724409448818 97.63779527559055 qui
1425.1968503937007 3179.527559055118 285.03937007874015 97.63779527559055 étale
1615.748031496063 3179.527559055118 318.1102362204724 97.63779527559055 devant
1837.7952755905512 3179.527559055118 285.03937007874015 97.63779527559055 elle,
2028.3464566929133 3179.527559055118 222.04724409448818 97.63779527559055 sur
2154.3307086614172 3179.527559055118 222.04724409448818 97.63779527559055 une
2281.8897637795276 3179.527559055118 349.6062992125984 97.63779527559055 chaise,
2535.433070866142 3179.527559055118 222.04724409448818 97.63779527559055 des
2631.496062992126 3179.527559055118 285.03937007874015 97.63779527559055 étoffes

784.2519685039371 3278.740157480315 196.8503937007874 99.21259842519684 et
883.4645669291339 3278.740157480315 229.92125984251967 99.21259842519684 des
1014.1732283464567 3278.740157480315 360.62992125984255 99.21259842519684 bijoux.
1277.1653543307086 3278.740157480315 163.7795275590551 99.21259842519684 A
1341.732283464567 3278.740157480315 360.62992125984255 99.21259842519684 gauche,
1604.724409448819 3278.740157480315 393.7007874015748 99.21259842519684 derrière
1899.2125984251968 3278.740157480315 294.48818897637796 99.21259842519684 elle,
2096.0629921259842 3278.740157480315 229.92125984251967 99.21259842519684 une
2228.3464566929133 3278.740157480315 393.7007874015748 99.21259842519684 servante
2489.763779527559 3278.740157480315 426.7716535433071 99.21259842519684 s’interrom-

792.1259842519685 3346.4566929133857 250.39370078740157 130.70866141732284 pant
948.0314960629921 3346.4566929133857 187.4015748031496 130.70866141732284 de
1042.5196850393702 3346.4566929133857 187.4015748031496 130.70866141732284 la
1135.4330708661416 3346.4566929133857 374.8031496062992 130.70866141732284 peigner.
1415.748031496063 3346.4566929133857 218.89763779527559 130.70866141732284 Sur
1541.732283464567 3346.4566929133857 187.4015748031496 130.70866141732284 la
1634.6456692913387 3346.4566929133857 406.2992125984252 130.70866141732284 coiffeuse
1946.4566929133857 3346.4566929133857 311.81102362204723 130.70866141732284 divers
2165.3543307086616 3346.4566929133857 374.8031496062992 130.70866141732284 colliers
2414.1732283464567 3346.4566929133857 250.39370078740157 130.70866141732284 épars.

870.8661417322835 3445.6692913385828 261.4173228346457 174.8031496062992 Signé
1044.0944881889764 3445.6692913385828 174.8031496062992 174.8031496062992 et
1132.283464566929 3445.6692913385828 233.0708661417323 174.8031496062992 daté
1277.1653543307086 3445.6692913385828 174.8031496062992 174.8031496062992 en
1363.7795275590552 3445.6692913385828 233.0708661417323 174.8031496062992 bas,
1510.236220472441 3445.6692913385828 144.88188976377953 174.8031496062992 à
1568.5039370078741 3445.6692913385828 319.68503937007875 174.8031496062992 droite,
1800.0 3445.6692913385828 261.4173228346457 174.8031496062992 H.
1974.8031496062993 3445.6692913385828 406.2992125984252 174.8031496062992 Tonls,
2266.1417322834645 3445.6692913385828 348.0314960629921 174.8031496062992 1909

1699.2125984251968 3631.496062992126 231.49606299212599 144.88188976377953 120
