3256.6929133858266 4324.4094488188975
881.8897637795276 982.6771653543307 1072.4409448818897 184.251968503937 AVANT

494.48818897637796 1557.4803149606298 278.74015748031496 116.53543307086615 Le
633.0708661417323 1557.4803149606298 510.23622047244095 116.53543307086615 premier
1004.7244094488188 1557.4803149606298 464.56692913385825 116.53543307086615 devoir
1329.1338582677165 1557.4803149606298 278.74015748031496 116.53543307086615 du
1467.716535433071 1557.4803149606298 741.7322834645669 116.53543307086615 Conservateur
2070.8661417322833 1557.4803149606298 278.74015748031496 116.53543307086615 du
2163.779527559055 1557.4803149606298 371.65354330708664 116.53543307086615 Luxem-

411.0236220472441 1670.8661417322835 393.7007874015748 135.43307086614172 bourg,
686.6141732283464 1670.8661417322835 236.2204724409449 135.43307086614172 en
804.7244094488188 1670.8661417322835 314.96062992125985 135.43307086614172 tête
1003.1496062992126 1670.8661417322835 236.2204724409449 135.43307086614172 de
1121.259842519685 1670.8661417322835 354.3307086614173 135.43307086614172 cette
1357.4803149606298 1670.8661417322835 433.07086614173227 135.43307086614172 notice,
1672.4409448818897 1670.8661417322835 275.59055118110234 135.43307086614172 est
1829.9212598425197 1670.8661417322835 236.2204724409449 135.43307086614172 de
1948.0314960629921 1670.8661417322835 393.7007874015748 135.43307086614172 rendre
2225.196850393701 1670.8661417322835 236.2204724409449 135.43307086614172 un
2303.9370078740158 1670.8661417322835 236.2204724409449 135.43307086614172 hom-

406.2992125984252 1798.4251968503936 346.45669291338584 119.68503937007874 mage
623.6220472440945 1798.4251968503936 259.84251968503935 119.68503937007874 de
754.3307086614174 1798.4251968503936 521.2598425196851 119.68503937007874 profonde
1144.8818897637796 1798.4251968503936 563.7795275590552 119.68503937007874 gratitude
1577.9527559055118 1798.4251968503936 259.84251968503935 119.68503937007874 au
1708.6614173228347 1798.4251968503936 521.2598425196851 119.68503937007874 donateur
2055.1181102362207 1798.4251968503936 477.1653543307087 119.68503937007874 généreux,

395.2755905511811 1914.9606299212599 218.89763779527559 96.06299212598425 à
483.46456692913387 1914.9606299212599 570.0787401574803 96.06299212598425 l’amateur
921.2598425196851 1914.9606299212599 656.6929133858267 96.06299212598425 clairvoyant
1447.244094488189 1914.9606299212599 307.0866141732283 96.06299212598425 qui
1622.0472440944882 1914.9606299212599 393.7007874015748 96.06299212598425 vient
1885.0393700787401 1914.9606299212599 262.99212598425197 96.06299212598425 de
2015.748031496063 1914.9606299212599 393.7007874015748 96.06299212598425 doter
2234.6456692913384 1914.9606299212599 307.0866141732283 96.06299212598425 notre

411.0236220472441 2014.1732283464567 366.92913385826773 113.38582677165354 Musée
655.1181102362204 2014.1732283464567 488.18897637795277 113.38582677165354 National
1022.0472440944882 2014.1732283464567 366.92913385826773 113.38582677165354 d’une
1266.1417322834645 2014.1732283464567 570.0787401574803 113.38582677165354 collection
1674.015748031496 2014.1732283464567 570.0787401574803 113.38582677165354 inestimable.

499.21259842519686 2135.433070866142 796.8503937007874 132.28346456692913 L’inauguration
1163.7795275590552 2135.433070866142 266.1417322834646 132.28346456692913 de
1296.0629921259842 2135.433070866142 266.1417322834646 132.28346456692913 la
1429.9212598425197 2135.433070866142 398.4251968503937 132.28346456692913 salle
1694.4881889763778 2135.433070866142 442.5196850393701 132.28346456692913 Edmund
2004.724409448819 2135.433070866142 398.4251968503937 132.28346456692913 Davis
2270.8661417322833 2135.433070866142 222.04724409448818 132.28346456692913 a
2314.9606299212596 2135.433070866142 222.04724409448818 132.28346456692913 été

409.4488188976378 2258.267716535433 459.84251968503935 113.38582677165354 décidée
743.3070866141733 2258.267716535433 250.39370078740157 113.38582677165354 au
867.7165354330708 2258.267716535433 417.3228346456693 113.38582677165354 milieu
1160.6299212598426 2258.267716535433 250.39370078740157 113.38582677165354 de
1285.0393700787401 2258.267716535433 710.2362204724409 113.38582677165354 circonstances
1869.291338582677 2258.267716535433 292.9133858267717 113.38582677165354 qui
1995.275590551181 2258.267716535433 543.3070866141733 113.38582677165354 établissent

404.7244094488189 2370.0787401574803 588.9763779527559 118.11023622047244 l’étroite
858.2677165354331 2370.0787401574803 407.87401574803147 118.11023622047244 union
1130.708661417323 2370.0787401574803 272.4409448818898 118.11023622047244 de
1266.1417322834645 2370.0787401574803 272.4409448818898 118.11023622047244 la
1403.1496062992126 2370.0787401574803 861.4173228346457 118.11023622047244 Grande-Bretagne
2129.1338582677167 2370.0787401574803 272.4409448818898 118.11023622047244 et
2264.566929133858 2370.0787401574803 272.4409448818898 118.11023622047244 de
2355.9055118110236 2370.0787401574803 181.10236220472441 118.11023622047244 la

404.7244094488189 2480.314960629921 497.6377952755906 137.00787401574803 France,
766.9291338582677 2480.314960629921 407.87401574803147 137.00787401574803 union
1039.3700787401574 2480.314960629921 678.7401574803149 137.00787401574803 d’intérêts,
1581.1023622047244 2480.314960629921 407.87401574803147 137.00787401574803 union
1853.5433070866143 2480.314960629921 270.86614173228344 137.00787401574803 de
1943.3070866141732 2480.314960629921 588.9763779527559 137.00787401574803 sentiments,

412.59842519685037 2618.8976377952754 340.15748031496065 94.48818897637796 union
639.3700787401575 2618.8976377952754 491.33858267716533 94.48818897637796 d’idéals,
1018.8976377952756 2618.8976377952754 415.748031496063 94.48818897637796 scellée
1321.259842519685 2618.8976377952754 340.15748031496065 94.48818897637796 cette
1548.0314960629921 2618.8976377952754 302.3622047244094 94.48818897637796 fois
1737.007874015748 2618.8976377952754 264.56692913385825 94.48818897637796 par
1888.1889763779527 2618.8976377952754 226.77165354330708 94.48818897637796 le
2001.5748031496064 2618.8976377952754 302.3622047244094 94.48818897637796 sang
2192.1259842519685 2618.8976377952754 340.15748031496065 94.48818897637796 versé
2381.1023622047246 2618.8976377952754 151.1811023622047 94.48818897637796 en

404.7244094488189 2700.787401574803 444.09448818897636 127.55905511811024 commun
714.9606299212599 2700.787401574803 310.23622047244095 127.55905511811024 sur
892.9133858267717 2700.787401574803 310.23622047244095 127.55905511811024 les
1070.8661417322835 2700.787401574803 444.09448818897636 127.55905511811024 champs
1381.1023622047244 2700.787401574803 266.1417322834646 127.55905511811024 de
1514.9606299212599 2700.787401574803 533.8582677165355 127.55905511811024 bataille
1914.9606299212599 2700.787401574803 622.0472440944882 127.55905511811024 d’Occident
2359.0551181102364 2700.787401574803 177.95275590551182 127.55905511811024 et

409.4488188976378 2840.9448818897636 540.1574803149606 118.11023622047244 d’Orient.
825.1968503937007 2840.9448818897636 332.2834645669291 118.11023622047244 Elle
1033.0708661417323 2840.9448818897636 250.39370078740157 118.11023622047244 se
1157.4803149606298 2840.9448818897636 458.26771653543307 118.11023622047244 produit
1491.3385826771653 2840.9448818897636 250.39370078740157 118.11023622047244 au
1615.748031496063 2840.9448818897636 540.1574803149606 118.11023622047244 lendemain
2031.4960629921259 2840.9448818897636 250.39370078740157 118.11023622047244 du
2155.9055118110236 2840.9448818897636 374.8031496062992 118.11023622047244 geste
2363.779527559055 2840.9448818897636 166.9291338582677 118.11023622047244 si

412.59842519685037 2946.4566929133857 366.92913385826773 103.93700787401575 noble
658.2677165354331 2946.4566929133857 245.66929133858267 103.93700787401575 de
779.5275590551181 2946.4566929133857 366.92913385826773 103.93700787401575 Rodin
1025.1968503937007 2946.4566929133857 448.81889763779526 103.93700787401575 offrant
1351.1811023622047 2946.4566929133857 285.03937007874015 103.93700787401575 ses
1514.9606299212599 2946.4566929133857 407.87401574803147 103.93700787401575 œuvres
1800.0 2946.4566929133857 285.03937007874015 103.93700787401575 les
1963.7795275590552 2946.4566929133857 325.98425196850394 103.93700787401575 plus
2127.5590551181103 2946.4566929133857 407.87401574803147 103.93700787401575 célèbres

404.7244094488189 3074.015748031496 222.04724409448818 118.11023622047244 à
492.9133858267717 3074.015748031496 754.3307086614174 118.11023622047244 l’Angleterre,
1113.3858267716535 3074.015748031496 398.4251968503937 118.11023622047244 venue
1379.5275590551182 3074.015748031496 266.1417322834646 118.11023622047244 au
1513.3858267716535 3074.015748031496 488.18897637795277 118.11023622047244 secours
1867.716535433071 3074.015748031496 266.1417322834646 118.11023622047244 de
2000.0 3074.015748031496 266.1417322834646 118.11023622047244 la
2089.763779527559 3074.015748031496 442.5196850393701 118.11023622047244 Belgique

407.87401574803147 3166.9291338582675 485.03937007874015 122.83464566929133 envahie
760.6299212598425 3166.9291338582675 264.56692913385825 122.83464566929133 et
892.9133858267717 3166.9291338582675 264.56692913385825 122.83464566929133 de
1026.7716535433071 3166.9291338582675 264.56692913385825 122.83464566929133 la
1159.0551181102362 3166.9291338582675 485.03937007874015 122.83464566929133 réponse
1511.8110236220473 3166.9291338582675 618.8976377952756 122.83464566929133 magnifique
1996.8503937007874 3166.9291338582675 308.66141732283467 122.83464566929133 que
2174.803149606299 3166.9291338582675 308.66141732283467 122.83464566929133 lui
2307.0866141732286 3166.9291338582675 220.4724409448819 122.83464566929133 fit

414.1732283464567 3292.9133858267714 470.86614173228344 103.93700787401575 Brangwyn
766.9291338582677 3292.9133858267714 236.2204724409449 103.93700787401575 en
885.0393700787401 3292.9133858267714 470.86614173228344 103.93700787401575 dédiant,
1237.7952755905512 3292.9133858267714 236.2204724409449 103.93700787401575 en
1355.9055118110236 3292.9133858267714 431.496062992126 103.93700787401575 retour,
1670.8661417322835 3292.9133858267714 236.2204724409449 103.93700787401575 «à
1787.4015748031495 3292.9133858267714 236.2204724409449 103.93700787401575 la
1905.5118110236222 3292.9133858267714 392.12598425196853 103.93700787401575 France
2181.1023622047246 3292.9133858267714 236.2204724409449 103.93700787401575 et
2297.6377952755906 3292.9133858267714 196.8503937007874 103.93700787401575 à
2337.0078740157483 3292.9133858267714 196.8503937007874 103.93700787401575 ses

409.4488188976378 3404.7244094488187 571.6535433070866 133.85826771653544 splendides
858.2677165354331 3404.7244094488187 448.81889763779526 133.85826771653544 soldats
1184.251968503937 3404.7244094488187 244.09448818897638 133.85826771653544 »,
1307.0866141732283 3404.7244094488187 285.03937007874015 133.85826771653544 cet
1470.8661417322835 3404.7244094488187 489.76377952755905 133.85826771653544 ensemble
1837.7952755905512 3404.7244094488187 530.7086614173228 133.85826771653544 grandiose
2245.6692913385828 3404.7244094488187 244.09448818897638 133.85826771653544 de
2325.984251968504 3404.7244094488187 204.7244094488189 133.85826771653544 son

1261.4173228346456 3568.503937007874 324.40944881889766 176.3779527559055 —
1390.5511811023623 3568.503937007874 324.40944881889766 176.3779527559055 5
1455.1181102362204 3568.503937007874 195.2755905511811 176.3779527559055 —
