3300.787401574803 4329.133858267716
659.8425196850394 494.48818897637796 376.37795275590554 143.30708661417322 œuvre
911.8110236220473 494.48818897637796 376.37795275590554 143.30708661417322 gravé
1162.2047244094488 494.48818897637796 292.9133858267717 143.30708661417322 qui
1329.1338582677165 494.48818897637796 333.8582677165354 143.30708661417322 sert
1538.5826771653544 494.48818897637796 626.7716535433071 143.30708661417322 aujourd’hui
2040.9448818897638 494.48818897637796 585.8267716535433 143.30708661417322 d’imposant
2459.8425196850394 494.48818897637796 333.8582677165354 143.30708661417322 vesti-

670.8661417322835 623.6220472440945 318.1102362204724 132.28346456692913 bule
869.2913385826772 623.6220472440945 198.4251968503937 132.28346456692913 à
949.6062992125984 623.6220472440945 239.37007874015748 132.28346456692913 la
1067.716535433071 623.6220472440945 437.79527559055117 132.28346456692913 section
1346.4566929133857 623.6220472440945 557.4803149606299 132.28346456692913 britannique.

763.7795275590552 746.4566929133858 365.3543307086614 102.36220472440945 Mais,
1007.8740157480315 746.4566929133858 244.09448818897638 102.36220472440945 en
1130.708661417323 746.4566929133858 406.2992125984252 102.36220472440945 dehors
1414.1732283464567 746.4566929133858 244.09448818897638 102.36220472440945 de
1537.007874015748 746.4566929133858 244.09448818897638 102.36220472440945 la
1658.267716535433 746.4566929133858 406.2992125984252 102.36220472440945 valeur
1943.3070866141732 746.4566929133858 406.2992125984252 102.36220472440945 propre
2228.3464566929133 746.4566929133858 244.09448818897638 102.36220472440945 et
2308.6614173228345 746.4566929133858 488.18897637795277 102.36220472440945 exception-

667.7165354330708 861.4173228346457 384.251968503937 138.58267716535434 nelle
922.8346456692914 861.4173228346457 255.11811023622047 138.58267716535434 de
1051.9685039370079 861.4173228346457 384.251968503937 138.58267716535434 cette
1307.0866141732283 861.4173228346457 554.3307086614174 138.58267716535434 donation,
1733.8582677165355 861.4173228346457 255.11811023622047 138.58267716535434 ce
1861.4173228346456 861.4173228346457 299.21259842519686 138.58267716535434 qui
2033.0708661417323 861.4173228346457 299.21259842519686 138.58267716535434 lui
2203.149606299213 861.4173228346457 384.251968503937 138.58267716535434 donne
2458.267716535433 861.4173228346457 255.11811023622047 138.58267716535434 en
2544.8818897637793 861.4173228346457 255.11811023622047 138.58267716535434 plus

666.1417322834645 998.4251968503937 267.7165354330709 96.06299212598425 un
800.0 998.4251968503937 355.90551181102364 96.06299212598425 prix
1022.0472440944882 998.4251968503937 400.0 96.06299212598425 moral
1288.1889763779527 998.4251968503937 889.7637795275591 96.06299212598425 particulièrement
2045.6692913385828 998.4251968503937 445.6692913385827 96.06299212598425 élevé,
2355.9055118110236 998.4251968503937 400.0 96.06299212598425 c’est
2579.527559055118 998.4251968503937 222.04724409448818 96.06299212598425 que

672.4409448818898 1092.9133858267717 261.4173228346457 127.55905511811024 M.
803.1496062992126 1092.9133858267717 261.4173228346457 127.55905511811024 et
933.8582677165355 1092.9133858267717 303.93700787401576 127.55905511811024 Mme
1107.0866141732283 1092.9133858267717 390.5511811023622 127.55905511811024 Davis
1368.5039370078741 1092.9133858267717 565.3543307086615 127.55905511811024 n’avaient
1803.1496062992126 1092.9133858267717 303.93700787401576 127.55905511811024 pas
1977.9527559055118 1092.9133858267717 478.74015748031496 127.55905511811024 attendu
2324.4094488188975 1092.9133858267717 303.93700787401576 127.55905511811024 les
2455.1181102362207 1092.9133858267717 348.0314960629921 127.55905511811024 événe-

674.0157480314961 1179.5275590551182 360.62992125984255 148.03149606299212 ments
913.3858267716536 1179.5275590551182 280.31496062992125 148.03149606299212 qui
1074.015748031496 1179.5275590551182 280.31496062992125 148.03149606299212 ont
1234.6456692913387 1179.5275590551182 360.62992125984255 148.03149606299212 opéré
1475.5905511811025 1179.5275590551182 240.9448818897638 148.03149606299212 ce
1595.275590551181 1179.5275590551182 681.8897637795276 148.03149606299212 rapprochement
2157.48031496063 1179.5275590551182 280.31496062992125 148.03149606299212 des
2316.535433070866 1179.5275590551182 321.25984251968504 148.03149606299212 deux
2477.165354330709 1179.5275590551182 321.25984251968504 148.03149606299212 grands

667.7165354330708 1327.5590551181103 478.74015748031496 116.53543307086615 peuples
1015.7480314960629 1327.5590551181103 348.0314960629921 116.53543307086615 pour
1233.0708661417323 1327.5590551181103 478.74015748031496 116.53543307086615 marquer
1581.1023622047244 1327.5590551181103 217.3228346456693 116.53543307086615 à
1667.716535433071 1327.5590551181103 261.4173228346457 116.53543307086615 la
1798.4251968503936 1327.5590551181103 434.6456692913386 116.53543307086615 France
2102.3622047244094 1327.5590551181103 303.93700787401576 116.53543307086615 les
2233.0708661417325 1327.5590551181103 565.3543307086615 116.53543307086615 témoignages

667.7165354330708 1439.3700787401574 237.79527559055117 103.93700787401575 de
785.8267716535433 1439.3700787401574 316.53543307086613 103.93700787401575 leur
984.2519685039371 1439.3700787401574 554.3307086614174 103.93700787401575 affection.
1418.8976377952756 1439.3700787401574 237.79527559055117 103.93700787401575 Il
1538.5826771653544 1439.3700787401574 198.4251968503937 103.93700787401575 y
1617.3228346456692 1439.3700787401574 237.79527559055117 103.93700787401575 a,
1735.4330708661416 1439.3700787401574 237.79527559055117 103.93700787401575 en
1855.1181102362204 1439.3700787401574 395.2755905511811 103.93700787401575 effet,
2132.283464566929 1439.3700787401574 514.9606299212599 103.93700787401575 plusieurs
2488.1889763779527 1439.3700787401574 316.53543307086613 103.93700787401575 années

667.7165354330708 1543.3070866141732 322.8346456692913 138.58267716535434 déjà
869.2913385826772 1543.3070866141732 403.1496062992126 138.58267716535434 qu’ils
1151.1811023622047 1543.3070866141732 604.7244094488188 138.58267716535434 mûrissaient
1634.6456692913387 1543.3070866141732 322.8346456692913 138.58267716535434 leur
1836.2204724409448 1543.3070866141732 403.1496062992126 138.58267716535434 projet
2118.1102362204724 1543.3070866141732 240.9448818897638 138.58267716535434 et
2239.3700787401576 1543.3070866141732 362.20472440944883 138.58267716535434 c’est
2440.9448818897636 1543.3070866141732 362.20472440944883 138.58267716535434 exacte-

667.7165354330708 1675.5905511811025 363.7795275590551 129.13385826771653 ment
894.488188976378 1675.5905511811025 272.4409448818898 129.13385826771653 le
1031.4960629921259 1675.5905511811025 226.77165354330708 129.13385826771653 8
1122.8346456692914 1675.5905511811025 363.7795275590551 129.13385826771653 mars
1349.6062992125985 1675.5905511811025 363.7795275590551 129.13385826771653 1912
1576.3779527559054 1675.5905511811025 226.77165354330708 129.13385826771653 —
1667.716535433071 1675.5905511811025 363.7795275590551 129.13385826771653 date
1894.4881889763778 1675.5905511811025 318.1102362204724 129.13385826771653 que
2075.5905511811025 1675.5905511811025 409.4488188976378 129.13385826771653 notre
2349.6062992125985 1675.5905511811025 453.54330708661416 129.13385826771653 maison
2622.047244094488 1675.5905511811025 181.10236220472441 129.13385826771653 ne

672.4409448818898 1782.6771653543308 348.0314960629921 130.70866141732284 peut
891.3385826771654 1782.6771653543308 478.74015748031496 130.70866141732284 oublier
1239.3700787401574 1782.6771653543308 217.3228346456693 130.70866141732284 —
1325.984251968504 1782.6771653543308 305.51181102362204 130.70866141732284 que
1500.7874015748032 1782.6771653543308 348.0314960629921 130.70866141732284 tous
1718.1102362204724 1782.6771653543308 348.0314960629921 130.70866141732284 deux
1937.007874015748 1782.6771653543308 478.74015748031496 130.70866141732284 vinrent
2285.0393700787404 1782.6771653543308 261.4173228346457 130.70866141732284 me
2415.748031496063 1782.6771653543308 261.4173228346457 130.70866141732284 le
2502.3622047244094 1782.6771653543308 305.51181102362204 130.70866141732284 faire

626.7716535433071 1897.6377952755906 497.6377952755906 125.98425196850394 connaître.

770.0787401574803 1995.275590551181 226.77165354330708 141.73228346456693 Ce
883.4645669291339 1995.275590551181 451.9685039370079 141.73228346456693 jour-là,
1222.0472440944882 1995.275590551181 226.77165354330708 141.73228346456693 au
1335.4330708661416 1995.275590551181 302.3622047244094 141.73228346456693 bout
1524.4094488188975 1995.275590551181 226.77165354330708 141.73228346456693 de
1637.7952755905512 1995.275590551181 451.9685039370079 141.73228346456693 quelques
1976.3779527559054 1995.275590551181 451.9685039370079 141.73228346456693 instants
2278.740157480315 1995.275590551181 527.5590551181102 141.73228346456693 d’entretien,

664.5669291338583 2118.1102362204724 280.31496062992125 122.83464566929133 M.
804.7244094488188 2118.1102362204724 418.8976377952756 122.83464566929133 Davis
1085.0393700787401 2118.1102362204724 280.31496062992125 122.83464566929133 me
1225.1968503937007 2118.1102362204724 513.3858267716536 122.83464566929133 demanda
1596.8503937007874 2118.1102362204724 233.0708661417323 122.83464566929133 à
1691.3385826771653 2118.1102362204724 885.0393700787401 122.83464566929133 brûle-pourpoint
2436.220472440945 2118.1102362204724 233.0708661417323 122.83464566929133 :
2483.464566929134 2118.1102362204724 325.98425196850394 122.83464566929133 «Com-

670.8661417322835 2239.3700787401576 314.96062992125985 122.83464566929133 bien
867.7165354330708 2239.3700787401576 511.81102362204723 122.83464566929133 avez-vous
1262.992125984252 2239.3700787401576 236.2204724409449 122.83464566929133 de
1381.1023622047244 2239.3700787401576 472.4409448818898 122.83464566929133 peintres
1735.4330708661416 2239.3700787401576 433.07086614173227 122.83464566929133 anglais
2050.3937007874015 2239.3700787401576 314.96062992125985 122.83464566929133 dans
2247.244094488189 2239.3700787401576 354.3307086614173 122.83464566929133 votre
2445.6692913385828 2239.3700787401576 354.3307086614173 122.83464566929133 collec-

672.4409448818898 2348.031496062992 483.46456692913387 119.68503937007874 tion?...
1036.2204724409448 2348.031496062992 362.20472440944883 119.68503937007874 Quels
1277.1653543307086 2348.031496062992 563.7795275590552 119.68503937007874 sont-ils?»
1719.6850393700788 2348.031496062992 201.5748031496063 119.68503937007874 —
1801.5748031496064 2348.031496062992 240.9448818897638 119.68503937007874 Je
1921.259842519685 2348.031496062992 281.8897637795276 119.68503937007874 lui
2083.464566929134 2348.031496062992 281.8897637795276 119.68503937007874 fis
2244.0944881889764 2348.031496062992 483.46456692913387 119.68503937007874 aussitôt
2566.9291338582675 2348.031496062992 240.9448818897638 119.68503937007874 avec

669.2913385826772 2494.488188976378 459.84251968503935 103.93700787401575 quelque
1004.7244094488188 2494.488188976378 667.7165354330708 103.93700787401575 complaisance
1546.4566929133857 2494.488188976378 710.2362204724409 103.93700787401575 l’énumération
2132.283464566929 2494.488188976378 250.39370078740157 103.93700787401575 de
2256.6929133858266 2494.488188976378 376.37795275590554 103.93700787401575 notre
2466.1417322834645 2494.488188976378 333.8582677165354 103.93700787401575 petite

670.8661417322835 2585.8267716535433 411.0236220472441 100.78740157480316 série,
959.0551181102362 2585.8267716535433 451.9685039370079 100.78740157480316 sachant
1286.6141732283465 2585.8267716535433 247.24409448818898 100.78740157480316 le
1411.023622047244 2585.8267716535433 329.13385826771656 100.78740157480316 prix
1615.748031496063 2585.8267716535433 288.18897637795277 100.78740157480316 que
1781.1023622047244 2585.8267716535433 451.9685039370079 100.78740157480316 m'avait
2108.6614173228345 2585.8267716535433 370.0787401574803 100.78740157480316 coûté
2355.9055118110236 2585.8267716535433 451.9685039370079 100.78740157480316 chacune
2644.0944881889764 2585.8267716535433 163.7795275590551 100.78740157480316 de

670.8661417322835 2686.6141732283463 277.1653543307087 122.83464566929133 ces
828.3464566929134 2686.6141732283463 514.9606299212599 122.83464566929133 conquêtes
1225.1968503937007 2686.6141732283463 237.79527559055117 122.83464566929133 et
1343.3070866141732 2686.6141732283463 237.79527559055117 122.83464566929133 me
1462.992125984252 2686.6141732283463 514.9606299212599 122.83464566929133 souvenant
1858.267716535433 2686.6141732283463 237.79527559055117 122.83464566929133 de
1976.3779527559054 2686.6141732283463 237.79527559055117 122.83464566929133 ce
2096.0629921259842 2686.6141732283463 237.79527559055117 122.83464566929133 qu
2214.1732283464567 2686.6141732283463 395.2755905511811 122.83464566929133 'elles
2451.968503937008 2686.6141732283463 355.90551181102364 122.83464566929133 avaient

680.3149606299213 2798.4251968503936 409.4488188976378 138.58267716535434 parfois
977.9527559055118 2798.4251968503936 483.46456692913387 138.58267716535434 nécessité
1351.1811023622047 2798.4251968503936 223.6220472440945 138.58267716535434 de
1462.992125984252 2798.4251968503936 595.2755905511812 138.58267716535434 persévérance
1946.4566929133857 2798.4251968503936 223.6220472440945 138.58267716535434 et
2058.267716535433 2798.4251968503936 521.2598425196851 138.58267716535434 d’efforts.
2466.1417322834645 2798.4251968503936 223.6220472440945 138.58267716535434 Je
2541.732283464567 2798.4251968503936 259.84251968503935 138.58267716535434 citai

689.7637795275591 2938.582677165354 311.81102362204723 148.03149606299212 Watts
897.6377952755905 2938.582677165354 207.8740157480315 148.03149606299212 et
1001.5748031496063 2938.582677165354 207.8740157480315 148.03149606299212 le
1105.5118110236222 2938.582677165354 485.03937007874015 148.03149606299212 magnifique
1488.1889763779527 2938.582677165354 381.1023622047244 148.03149606299212 tableau
1765.3543307086613 2938.582677165354 207.8740157480315 148.03149606299212 de
1869.291338582677 2938.582677165354 485.03937007874015 148.03149606299212 l’Amour
2250.3937007874015 2938.582677165354 207.8740157480315 148.03149606299212 et
2355.9055118110236 2938.582677165354 207.8740157480315 148.03149606299212 la
2425.196850393701 2938.582677165354 381.1023622047244 148.03149606299212 Vie,,

670.8661417322835 3051.968503937008 700.7874015748032 114.96062992125984 généreusement
1247.244094488189 3051.968503937008 453.54330708661416 114.96062992125984 offert,
1576.3779527559054 3051.968503937008 288.18897637795277 114.96062992125984 lui
1741.732283464567 3051.968503937008 412.59842519685037 114.96062992125984 aussi,
2029.9212598425197 3051.968503937008 206.29921259842519 114.96062992125984 à
2111.8110236220473 3051.968503937008 247.24409448818898 114.96062992125984 la
2236.220472440945 3051.968503937008 412.59842519685037 114.96062992125984 nation
2524.4094488188975 3051.968503937008 288.18897637795277 114.96062992125984 par
2647.244094488189 3051.968503937008 165.35433070866142 114.96062992125984 le

683.4645669291339 3155.9055118110236 354.3307086614173 107.08661417322834 noble
919.6850393700787 3155.9055118110236 236.2204724409449 107.08661417322834 et
1037.7952755905512 3155.9055118110236 354.3307086614173 107.08661417322834 grand
1275.5905511811025 3155.9055118110236 472.4409448818898 107.08661417322834 artiste.
1629.9212598425197 3155.9055118110236 236.2204724409449 107.08661417322834 Je
1748.0314960629921 3155.9055118110236 354.3307086614173 107.08661417322834 citai
1984.251968503937 3155.9055118110236 275.59055118110234 107.08661417322834 les
2141.732283464567 3155.9055118110236 354.3307086614173 107.08661417322834 beaux
2379.527559055118 3155.9055118110236 433.07086614173227 107.08661417322834 dessins
2655.1181102362207 3155.9055118110236 157.48031496062993 107.08661417322834 de

675.5905511811023 3270.8661417322833 669.2913385826772 144.88188976377953 Burne-Jones,
1218.8976377952756 3270.8661417322833 292.9133858267717 144.88188976377953 les
1387.4015748031495 3270.8661417322833 543.3070866141733 144.88188976377953 peintures
1804.724409448819 3270.8661417322833 250.39370078740157 144.88188976377953 de
1930.708661417323 3270.8661417322833 543.3070866141733 144.88188976377953 Brangwyn,
2348.031496062992 3270.8661417322833 250.39370078740157 144.88188976377953 de
2431.496062992126 3270.8661417322833 376.37795275590554 144.88188976377953 Lavery,

675.5905511811023 3401.5748031496064 233.0708661417323 127.55905511811024 de
792.1259842519685 3401.5748031496064 543.3070866141733 127.55905511811024 Lorimer...
1218.8976377952756 3401.5748031496064 349.6062992125984 127.55905511811024 «Oui,
1451.9685039370079 3401.5748031496064 310.23622047244095 127.55905511811024 oui,
1647.244094488189 3401.5748031496064 349.6062992125984 127.55905511811024 c’est
1878.740157480315 3401.5748031496064 310.23622047244095 127.55905511811024 très
2074.015748031496 3401.5748031496064 349.6062992125984 127.55905511811024 bien,
2267.716535433071 3401.5748031496064 543.3070866141733 127.55905511811024 interrompit
