3233.0708661417325 4338.582677165355
352.755905511811 433.07086614173227 281.8897637795276 125.98425196850394 il,
514.9606299212599 433.07086614173227 242.51968503937007 125.98425196850394 et
636.2204724409448 433.07086614173227 322.8346456692913 125.98425196850394 puis
837.7952755905512 433.07086614173227 363.7795275590551 125.98425196850394 ?...»
1078.740157480315 433.07086614173227 242.51968503937007 125.98425196850394 Et
1200.0 433.07086614173227 242.51968503937007 125.98425196850394 je
1321.259842519685 433.07086614173227 565.3543307086615 125.98425196850394 continuai:
1765.3543307086613 433.07086614173227 725.9842519685039 125.98425196850394 «Parfaitement,
2330.7086614173227 433.07086614173227 160.62992125984252 125.98425196850394 me

349.6062992125984 577.9527559055118 388.9763779527559 132.28346456692913 dit-il
622.0472440944882 577.9527559055118 233.0708661417323 132.28346456692913 en
738.5826771653543 577.9527559055118 584.2519685039371 132.28346456692913 m'arrêtant,
1206.2992125984251 577.9527559055118 311.81102362204723 132.28346456692913 mais
1401.5748031496064 577.9527559055118 233.0708661417323 132.28346456692913 ce
1518.1102362204724 577.9527559055118 351.18110236220474 132.28346456692913 n’est
1751.1811023622047 577.9527559055118 272.4409448818898 132.28346456692913 pas
1907.0866141732283 577.9527559055118 311.81102362204723 132.28346456692913 tout
2102.3622047244094 577.9527559055118 272.4409448818898 132.28346456692913 ça.
2218.8976377952754 577.9527559055118 272.4409448818898 132.28346456692913 Avez-

351.18110236220474 674.0157480314961 311.81102362204723 155.90551181102362 vous
546.4566929133858 674.0157480314961 584.2519685039371 155.90551181102362 l’intention
1014.1732283464567 674.0157480314961 233.0708661417323 155.90551181102362 de
1130.708661417323 674.0157480314961 544.8818897637796 155.90551181102362 constituer
1559.0551181102362 674.0157480314961 272.4409448818898 155.90551181102362 une
1714.9606299212599 674.0157480314961 351.18110236220474 155.90551181102362 salle
1948.0314960629921 674.0157480314961 467.7165354330709 155.90551181102362 anglaise
2259.8425196850394 674.0157480314961 233.0708661417323 155.90551181102362 dans

348.0314960629921 800.0 401.5748031496063 149.60629921259843 votre
615.7480314960629 800.0 537.007874015748 149.60629921259843 prochain
1017.3228346456693 800.0 447.244094488189 149.60629921259843 Musée?
1330.708661417323 800.0 223.6220472440945 149.60629921259843 —
1420.4724409448818 800.0 670.8661417322835 149.60629921259843 Assurément,
1955.9055118110236 800.0 267.7165354330709 149.60629921259843 et
2091.3385826771655 800.0 267.7165354330709 149.60629921259843 je
2179.527559055118 800.0 313.38582677165357 149.60629921259843 viens

352.755905511811 916.5354330708661 256.6929133858268 108.66141732283465 de
480.31496062992125 916.5354330708661 343.3070866141732 108.66141732283465 vous
694.488188976378 916.5354330708661 256.6929133858268 108.66141732283465 en
823.6220472440945 916.5354330708661 428.34645669291336 108.66141732283465 donner
1122.8346456692914 916.5354330708661 256.6929133858268 108.66141732283465 la
1251.9685039370079 916.5354330708661 470.86614173228344 108.66141732283465 preuve.
1595.275590551181 916.5354330708661 214.17322834645668 108.66141732283465 —
1680.3149606299212 916.5354330708661 470.86614173228344 108.66141732283465 Quelles
1981.1023622047244 916.5354330708661 513.3858267716536 108.66141732283465 dimensions

346.45669291338584 1026.7716535433071 686.6141732283464 133.85826771653544 aura-t-elle?
903.9370078740158 1026.7716535433071 214.17322834645668 133.85826771653544 —
990.5511811023622 1026.7716535433071 686.6141732283464 133.85826771653544 J’improvisai
1548.0314960629921 1026.7716535433071 686.6141732283464 133.85826771653544 sur-le-champ
2107.0866141732286 1026.7716535433071 258.26771653543307 133.85826771653544 un
2192.1259842519685 1026.7716535433071 300.78740157480314 133.85826771653544 petit

351.18110236220474 1132.283464566929 500.78740157480314 148.03149606299212 calcul.
714.9606299212599 1132.283464566929 226.77165354330708 148.03149606299212 —
806.2992125984252 1132.283464566929 363.7795275590551 148.03149606299212 Cela
1033.0708661417323 1132.283464566929 636.2204724409448 148.03149606299212 représente
1533.8582677165355 1132.283464566929 500.78740157480314 148.03149606299212 combien
1897.6377952755906 1132.283464566929 272.4409448818898 148.03149606299212 de
2034.6456692913387 1132.283464566929 500.78740157480314 148.03149606299212 toiles?
2352.755905511811 1132.283464566929 137.00787401574803 148.03149606299212 —

349.6062992125984 1250.3937007874015 537.007874015748 138.58267716535434 Environ
740.1574803149606 1250.3937007874015 341.73228346456693 138.58267716535434 une
935.4330708661417 1250.3937007874015 829.9212598425197 138.58267716535434 cinquantaine.
1617.3228346456692 1250.3937007874015 244.09448818897638 138.58267716535434 —
1714.9606299212599 1250.3937007874015 341.73228346456693 138.58267716535434 Eh!
1910.236220472441 1250.3937007874015 439.37007874015745 138.58267716535434 bien,
2154.3307086614172 1250.3937007874015 341.73228346456693 138.58267716535434 cette

363.7795275590551 1371.6535433070867 371.65354330708664 144.88188976377953 salle,
625.1968503937007 1371.6535433070867 223.6220472440945 144.88188976377953 si
735.4330708661417 1371.6535433070867 297.6377952755906 144.88188976377953 vous
921.2598425196851 1371.6535433070867 223.6220472440945 144.88188976377953 le
1033.0708661417323 1371.6535433070867 409.4488188976378 144.88188976377953 voulez,
1330.708661417323 1371.6535433070867 223.6220472440945 144.88188976377953 je
1442.5196850393702 1371.6535433070867 297.6377952755906 144.88188976377953 vous
1628.3464566929133 1371.6535433070867 223.6220472440945 144.88188976377953 la
1702.3622047244094 1371.6535433070867 297.6377952755906 144.88188976377953 fais.»

450.3937007874016 1500.7874015748032 348.0314960629921 91.33858267716535 Nous
667.7165354330708 1500.7874015748032 261.4173228346457 91.33858267716535 ne
798.4251968503937 1500.7874015748032 390.5511811023622 91.33858267716535 fûmes
1059.8425196850394 1500.7874015748032 303.93700787401576 91.33858267716535 pas
1233.0708661417323 1500.7874015748032 390.5511811023622 91.33858267716535 longs
1492.9133858267717 1500.7874015748032 217.3228346456693 91.33858267716535 à
1581.1023622047244 1500.7874015748032 348.0314960629921 91.33858267716535 nous
1798.4251968503936 1500.7874015748032 521.2598425196851 91.33858267716535 entendre
2188.9763779527557 1500.7874015748032 303.93700787401576 91.33858267716535 et,
2319.685039370079 1500.7874015748032 173.22834645669292 91.33858267716535 le

360.62992125984255 1603.1496062992126 341.73228346456693 152.75590551181102 mois
573.2283464566929 1603.1496062992126 511.81102362204723 152.75590551181102 suivant,
957.4803149606299 1603.1496062992126 469.29133858267716 152.75590551181102 j’étais
1299.2125984251968 1603.1496062992126 212.5984251968504 152.75590551181102 à
1384.251968503937 1603.1496062992126 469.29133858267716 152.75590551181102 Londres
1725.984251968504 1603.1496062992126 255.11811023622047 152.75590551181102 où
1853.5433070866143 1603.1496062992126 255.11811023622047 152.75590551181102 M.
1981.1023622047244 1603.1496062992126 384.251968503937 152.75590551181102 Davis
2193.700787401575 1603.1496062992126 299.21259842519686 152.75590551181102 m’en-

360.62992125984255 1716.5354330708662 464.56692913385825 132.28346456692913 traînait
710.2362204724409 1716.5354330708662 310.23622047244095 132.28346456692913 dans
903.9370078740158 1716.5354330708662 270.86614173228344 132.28346456692913 les
1058.267716535433 1716.5354330708662 503.93700787401576 132.28346456692913 ateliers,
1445.6692913385828 1716.5354330708662 310.23622047244095 132.28346456692913 dans
1639.3700787401574 1716.5354330708662 270.86614173228344 132.28346456692913 les
1793.7007874015749 1716.5354330708662 618.8976377952756 132.28346456692913 expositions,
2258.267716535433 1716.5354330708662 233.0708661417323 132.28346456692913 chez

354.3307086614173 1844.0944881889764 324.40944881889766 99.21259842519684 les
538.5826771653543 1844.0944881889764 603.1496062992126 99.21259842519684 marchands
1003.1496062992126 1844.0944881889764 371.65354330708664 99.21259842519684 pour
1234.6456692913387 1844.0944881889764 462.99212598425197 99.21259842519684 opérer
1559.0551181102362 1844.0944881889764 278.74015748031496 99.21259842519684 le
1697.6377952755906 1844.0944881889764 648.8188976377953 99.21259842519684 groupement
2162.2047244094488 1844.0944881889764 324.40944881889766 99.21259842519684 rêvé.

363.7795275590551 1954.3307086614172 255.11811023622047 103.93700787401575 M.
491.33858267716533 1954.3307086614172 255.11811023622047 103.93700787401575 et
618.8976377952756 1954.3307086614172 299.21259842519686 103.93700787401575 Mme
790.5511811023622 1954.3307086614172 384.251968503937 103.93700787401575 Davis
1045.6692913385828 1954.3307086614172 212.5984251968504 103.93700787401575 —
1130.708661417323 1954.3307086614172 299.21259842519686 103.93700787401575 car
1302.3622047244094 1954.3307086614172 384.251968503937 103.93700787401575 notre
1557.4803149606298 1954.3307086614172 554.3307086614174 103.93700787401575 gratitude
1984.251968503937 1954.3307086614172 255.11811023622047 103.93700787401575 ne
2111.8110236220473 1954.3307086614172 341.73228346456693 103.93700787401575 peut
2283.464566929134 1954.3307086614172 212.5984251968504 103.93700787401575 les

360.62992125984255 2056.6929133858266 480.31496062992125 159.0551181102362 séparer
710.2362204724409 2056.6929133858266 218.89763779527559 159.0551181102362 —
798.4251968503937 2056.6929133858266 480.31496062992125 159.0551181102362 étaient
1148.0314960629921 2056.6929133858266 305.51181102362204 159.0551181102362 mus
1322.8346456692914 2056.6929133858266 305.51181102362204 159.0551181102362 par
1497.6377952755906 2056.6929133858266 262.99212598425197 159.0551181102362 un
1628.3464566929133 2056.6929133858266 437.79527559055117 159.0551181102362 double
1933.8582677165355 2056.6929133858266 437.79527559055117 159.0551181102362 souci:
2196.850393700787 2056.6929133858266 305.51181102362204 159.0551181102362 faire

357.4803149606299 2192.1259842519685 370.0787401574803 100.78740157480316 aimer
604.7244094488188 2192.1259842519685 370.0787401574803 100.78740157480316 l’art
850.3937007874016 2192.1259842519685 247.24409448818898 100.78740157480316 de
974.8031496062993 2192.1259842519685 329.13385826771656 100.78740157480316 leur
1179.5275590551182 2192.1259842519685 370.0787401574803 100.78740157480316 pays,
1426.7716535433071 2192.1259842519685 451.9685039370079 100.78740157480316 parfois
1755.9055118110236 2192.1259842519685 451.9685039370079 100.78740157480316 méconnu
2085.0393700787404 2192.1259842519685 329.13385826771656 100.78740157480316 dans
2248.818897637795 2192.1259842519685 247.24409448818898 100.78740157480316 leur

365.3543307086614 2288.1889763779527 407.87401574803147 129.13385826771653 propre
651.9685039370079 2288.1889763779527 448.81889763779526 129.13385826771653 milieu,
977.9527559055118 2288.1889763779527 245.66929133858267 129.13385826771653 et
1100.7874015748032 2288.1889763779527 245.66929133858267 129.13385826771653 le
1223.6220472440946 2288.1889763779527 366.92913385826773 129.13385826771653 faire
1467.716535433071 2288.1889763779527 530.7086614173228 129.13385826771653 consacrer
1877.1653543307086 2288.1889763779527 286.61417322834643 129.13385826771653 par
2040.9448818897638 2288.1889763779527 245.66929133858267 129.13385826771653 la
2122.834645669291 2288.1889763779527 366.92913385826773 129.13385826771653 France;

360.62992125984255 2418.8976377952754 426.7716535433071 114.96062992125984 donner
659.8425196850394 2418.8976377952754 214.17322834645668 114.96062992125984 à
744.8818897637796 2418.8976377952754 256.6929133858268 114.96062992125984 la
872.4409448818898 2418.8976377952754 426.7716535433071 114.96062992125984 France
1171.6535433070867 2418.8976377952754 256.6929133858268 114.96062992125984 un
1299.2125984251968 2418.8976377952754 596.8503937007874 114.96062992125984 témoignage
1768.5039370078741 2418.8976377952754 256.6929133858268 114.96062992125984 de
1897.6377952755906 2418.8976377952754 341.73228346456693 114.96062992125984 leur
2067.716535433071 2418.8976377952754 426.7716535433071 114.96062992125984 profonde

354.3307086614173 2532.283464566929 680.3149606299213 137.00787401574803 sympathie.
889.7637795275591 2532.283464566929 777.9527559055118 137.00787401574803 «L’affection
1521.259842519685 2532.283464566929 291.33858267716533 137.00787401574803 de
1666.1417322834645 2532.283464566929 340.15748031496065 137.00787401574803 mon
1861.4173228346456 2532.283464566929 388.9763779527559 137.00787401574803 mari
2103.9370078740158 2532.283464566929 388.9763779527559 137.00787401574803 pour
2299.212598425197 2532.283464566929 193.70078740157481 137.00787401574803 la

368.503937007874 2639.3700787401576 415.748031496063 137.00787401574803 France
658.2677165354331 2639.3700787401576 332.2834645669291 137.00787401574803 date
866.1417322834645 2639.3700787401576 248.8188976377953 137.00787401574803 de
992.1259842519685 2639.3700787401576 291.33858267716533 137.00787401574803 son
1157.4803149606298 2639.3700787401576 499.21259842519686 137.00787401574803 enfance,
1532.283464566929 2639.3700787401576 582.6771653543307 137.00787401574803 m’écrivait
1988.976377952756 2639.3700787401576 332.2834645669291 137.00787401574803 Mrs.
2155.9055118110236 2639.3700787401576 332.2834645669291 137.00787401574803 Davis;

368.503937007874 2765.3543307086616 314.96062992125985 99.21259842519684 moi,
565.3543307086615 2765.3543307086616 236.2204724409449 99.21259842519684 je
683.4645669291339 2765.3543307086616 314.96062992125985 99.21259842519684 l’ai
880.3149606299213 2765.3543307086616 472.4409448818898 99.21259842519684 toujours
1236.2204724409448 2765.3543307086616 393.7007874015748 99.21259842519684 poussé
1511.8110236220473 2765.3543307086616 196.8503937007874 99.21259842519684 à
1590.5511811023623 2765.3543307086616 354.3307086614173 99.21259842519684 faire
1826.7716535433071 2765.3543307086616 236.2204724409449 99.21259842519684 au
1944.8818897637796 2765.3543307086616 552.7559055118111 99.21259842519684 Luxembourg
2340.1574803149606 2765.3543307086616 157.48031496062993 99.21259842519684 le

370.0787401574803 2855.1181102362207 275.59055118110234 152.75590551181102 don
527.5590551181102 2855.1181102362207 236.2204724409449 152.75590551181102 de
645.6692913385826 2855.1181102362207 354.3307086614173 152.75590551181102 cette
881.8897637795276 2855.1181102362207 590.5511811023622 152.75590551181102 collection,
1354.3307086614172 2855.1181102362207 354.3307086614173 152.75590551181102 parce
1590.5511811023623 2855.1181102362207 275.59055118110234 152.75590551181102 que
1748.0314960629921 2855.1181102362207 708.6614173228346 152.75590551181102 l’appréciation
2299.212598425197 2855.1181102362207 196.8503937007874 152.75590551181102 des

368.503937007874 2993.700787401575 481.8897637795276 111.81102362204724 peintres
729.1338582677165 2993.700787401575 440.9448818897638 111.81102362204724 vivants
1048.8188976377953 2993.700787401575 200.0 111.81102362204724 a
1129.1338582677165 2993.700787401575 481.8897637795276 111.81102362204724 toujours
1489.763779527559 2993.700787401575 280.31496062992125 111.81102362204724 été
1650.3937007874015 2993.700787401575 240.9448818897638 111.81102362204724 si
1771.6535433070867 2993.700787401575 321.25984251968504 111.81102362204724 près
1971.6535433070867 2993.700787401575 240.9448818897638 111.81102362204724 de
2091.3385826771655 2993.700787401575 280.31496062992125 111.81102362204724 mon
2212.5984251968503 2993.700787401575 280.31496062992125 111.81102362204724 cœur;

368.503937007874 3092.9133858267714 255.11811023622047 119.68503937007874 il
496.06299212598424 3092.9133858267714 255.11811023622047 119.68503937007874 me
623.6220472440945 3092.9133858267714 425.1968503937008 119.68503937007874 semble
921.2598425196851 3092.9133858267714 255.11811023622047 119.68503937007874 si
1048.8188976377953 3092.9133858267714 467.7165354330709 119.68503937007874 indigne
1388.976377952756 3092.9133858267714 340.15748031496065 119.68503937007874 que,
1603.1496062992126 3092.9133858267714 340.15748031496065 119.68503937007874 chez
1815.748031496063 3092.9133858267714 382.6771653543307 119.68503937007874 nous,
2070.8661417322833 3092.9133858267714 255.11811023622047 119.68503937007874 il
2155.9055118110236 3092.9133858267714 340.15748031496065 119.68503937007874 faille

363.7795275590551 3228.3464566929133 521.2598425196851 119.68503937007874 enterrer
755.9055118110236 3228.3464566929133 261.4173228346457 119.68503937007874 un
885.0393700787401 3228.3464566929133 477.1653543307087 119.68503937007874 artiste
1233.0708661417323 3228.3464566929133 390.5511811023622 119.68503937007874 avant
1494.4881889763778 3228.3464566929133 390.5511811023622 119.68503937007874 qu’il
1754.3307086614172 3228.3464566929133 477.1653543307087 119.68503937007874 n'entre
2102.3622047244094 3228.3464566929133 348.0314960629921 119.68503937007874 dans
2275.5905511811025 3228.3464566929133 217.3228346456693 119.68503937007874 son

362.20472440944883 3341.732283464567 544.8818897637796 111.81102362204724 royaume.
771.6535433070866 3341.732283464567 226.77165354330708 111.81102362204724 —
861.4173228346457 3341.732283464567 272.4409448818898 111.81102362204724 Et
998.4251968503937 3341.732283464567 226.77165354330708 111.81102362204724 à
1089.763779527559 3341.732283464567 453.54330708661416 111.81102362204724 Paris,
1407.8740157480315 3341.732283464567 499.21259842519686 111.81102362204724 surtout
1770.0787401574803 3341.732283464567 363.7795275590551 111.81102362204724 chez
1998.4251968503936 3341.732283464567 409.4488188976378 111.81102362204724 vous,
2225.196850393701 3341.732283464567 272.4409448818898 111.81102362204724 cher

366.92913385826773 3445.6692913385828 344.88188976377955 114.96062992125984 ami,
581.1023622047244 3445.6692913385828 258.26771653543307 114.96062992125984 il
710.2362204724409 3445.6692913385828 387.40157480314963 114.96062992125984 n'est
968.503937007874 3445.6692913385828 300.78740157480314 114.96062992125984 pas
1141.732283464567 3445.6692913385828 258.26771653543307 114.96062992125984 de
1226.7716535433071 3445.6692913385828 344.88188976377955 114.96062992125984 même.»

1335.4330708661416 3609.448818897638 151.1811023622047 103.93700787401575 7
