3281.8897637795276 4329.133858267716
793.7007874015748 466.1417322834646 248.8188976377953 140.15748031496062 On
918.1102362204724 466.1417322834646 248.8188976377953 140.15748031496062 ne
1042.5196850393702 466.1417322834646 332.2834645669291 140.15748031496062 peut
1248.8188976377953 466.1417322834646 497.6377952755906 140.15748031496062 exprimer
1622.0472440944882 466.1417322834646 373.2283464566929 140.15748031496062 d’une
1870.8661417322835 466.1417322834646 455.11811023622045 140.15748031496062 manière
2201.5748031496064 466.1417322834646 332.2834645669291 140.15748031496062 plus
2368.503937007874 466.1417322834646 455.11811023622045 140.15748031496062 délicate,

702.3622047244095 598.4251968503937 333.8582677165354 141.73228346456693 plus
910.2362204724409 598.4251968503937 376.37795275590554 141.73228346456693 noble
1160.6299212598426 598.4251968503937 250.39370078740157 141.73228346456693 et
1286.6141732283465 598.4251968503937 333.8582677165354 141.73228346456693 plus
1494.4881889763778 598.4251968503937 584.2519685039371 141.73228346456693 touchante,
1954.3307086614172 598.4251968503937 250.39370078740157 141.73228346456693 le
2078.740157480315 598.4251968503937 292.9133858267717 141.73228346456693 but
2245.6692913385828 598.4251968503937 543.3070866141733 141.73228346456693 poursuivi
2622.047244094488 598.4251968503937 209.4488188976378 141.73228346456693 par

700.7874015748032 711.8110236220473 291.33858267716533 116.53543307086615 les
866.1417322834645 711.8110236220473 333.8582677165354 116.53543307086615 deux
1075.5905511811025 711.8110236220473 415.748031496063 116.53543307086615 époux.
1366.9291338582677 711.8110236220473 250.39370078740157 116.53543307086615 M.
1491.3385826771653 711.8110236220473 415.748031496063 116.53543307086615 Davis,
1782.6771653543308 711.8110236220473 250.39370078740157 116.53543307086615 en
1907.0866141732283 711.8110236220473 415.748031496063 116.53543307086615 effet,
2198.4251968503936 711.8110236220473 291.33858267716533 116.53543307086615 est
2365.3543307086616 711.8110236220473 333.8582677165354 116.53543307086615 plus
2532.283464566929 711.8110236220473 291.33858267716533 116.53543307086615 qu’un

694.488188976378 861.4173228346457 303.93700787401576 107.08661417322834 ami
869.2913385826772 861.4173228346457 261.4173228346457 107.08661417322834 de
1000.0 861.4173228346457 261.4173228346457 107.08661417322834 la
1130.708661417323 861.4173228346457 478.74015748031496 107.08661417322834 France,
1478.740157480315 861.4173228346457 303.93700787401576 107.08661417322834 car
1651.9685039370079 861.4173228346457 303.93700787401576 107.08661417322834 son
1826.7716535433071 861.4173228346457 565.3543307086615 107.08661417322834 éducation
2261.417322834646 861.4173228346457 261.4173228346457 107.08661417322834 en
2392.1259842519685 861.4173228346457 217.3228346456693 107.08661417322834 a
2478.740157480315 861.4173228346457 348.0314960629921 107.08661417322834 fait
2653.5433070866143 861.4173228346457 174.8031496062992 107.08661417322834 un

692.9133858267717 943.3070866141733 818.8976377952756 132.28346456692913 demi-Français.
1374.8031496062993 943.3070866141733 272.4409448818898 132.28346456692913 Né
1511.8110236220473 943.3070866141733 272.4409448818898 132.28346456692913 en
1648.8188976377953 943.3070866141733 636.2204724409448 132.28346456692913 Australie,
2149.6062992125985 943.3070866141733 272.4409448818898 132.28346456692913 il
2285.0393700787404 943.3070866141733 318.1102362204724 132.28346456692913 fut
2467.716535433071 943.3070866141733 409.4488188976378 132.28346456692913 amené
2694.488188976378 943.3070866141733 137.00787401574803 132.28346456692913 à

700.7874015748032 1075.5905511811025 381.1023622047244 129.13385826771653 Paris,
966.9291338582677 1075.5905511811025 266.1417322834646 129.13385826771653 par
1119.6850393700788 1075.5905511811025 228.3464566929134 129.13385826771653 sa
1233.0708661417323 1075.5905511811025 456.6929133858268 129.13385826771653 famille,
1576.3779527559054 1075.5905511811025 190.5511811023622 129.13385826771653 à
1651.9685039370079 1075.5905511811025 343.3070866141732 129.13385826771653 l’âge
1880.3149606299212 1075.5905511811025 228.3464566929134 129.13385826771653 de
1995.275590551181 1075.5905511811025 303.93700787401576 129.13385826771653 sept
2185.8267716535433 1075.5905511811025 303.93700787401576 129.13385826771653 ans,
2376.3779527559054 1075.5905511811025 228.3464566929134 129.13385826771653 et
2489.763779527559 1075.5905511811025 266.1417322834646 129.13385826771653 son
2604.7244094488187 1075.5905511811025 228.3464566929134 129.13385826771653 édu-

696.0629921259842 1181.1023622047244 387.40157480314963 124.40944881889764 cation
968.503937007874 1181.1023622047244 349.6062992125984 124.40944881889764 s’est
1201.5748031496064 1181.1023622047244 349.6062992125984 124.40944881889764 faite
1434.6456692913387 1181.1023622047244 193.70078740157481 124.40944881889764 à
1511.8110236220473 1181.1023622047244 659.8425196850394 124.40944881889764 l’Institution
2055.1181102362207 1181.1023622047244 699.2125984251968 124.40944881889764 Aubert-Savary,
2598.4251968503936 1181.1023622047244 233.0708661417323 124.40944881889764 puis

694.488188976378 1286.6141732283465 251.96850393700788 146.45669291338584 au
820.4724409448819 1286.6141732283465 461.4173228346457 146.45669291338584 Collège
1155.9055118110236 1286.6141732283465 502.3622047244094 146.45669291338584 Chaptal.
1532.283464566929 1286.6141732283465 209.4488188976378 146.45669291338584 A
1617.3228346456692 1286.6141732283465 251.96850393700788 146.45669291338584 15
1741.732283464567 1286.6141732283465 335.43307086614175 146.45669291338584 ans,
1951.1811023622047 1286.6141732283465 251.96850393700788 146.45669291338584 il
2077.165354330709 1286.6141732283465 418.8976377952756 146.45669291338584 allait
2370.0787401574803 1286.6141732283465 418.8976377952756 146.45669291338584 passer
2622.047244094488 1286.6141732283465 209.4488188976378 146.45669291338584 une

696.0629921259842 1418.8976377952756 349.6062992125984 99.21259842519684 année
929.1338582677165 1418.8976377952756 193.70078740157481 99.21259842519684 à
1007.8740157480315 1418.8976377952756 970.0787401574803 99.21259842519684 Saint-Leonard-on-Sea,
1861.4173228346456 1418.8976377952756 310.23622047244095 99.21259842519684 mais
2055.1181102362207 1418.8976377952756 233.0708661417323 99.21259842519684 il
2171.6535433070867 1418.8976377952756 466.1417322834646 99.21259842519684 revenait
2481.8897637795276 1418.8976377952756 349.6062992125984 99.21259842519684 ensuite

697.6377952755905 1514.9606299212599 196.8503937007874 129.13385826771653 à
776.3779527559055 1514.9606299212599 355.90551181102364 129.13385826771653 Paris
1014.1732283464567 1514.9606299212599 237.79527559055117 129.13385826771653 où
1132.283464566929 1514.9606299212599 237.79527559055117 129.13385826771653 il
1250.3937007874015 1514.9606299212599 434.6456692913386 129.13385826771653 prenait
1566.9291338582677 1514.9606299212599 237.79527559055117 129.13385826771653 la
1685.0393700787401 1514.9606299212599 552.7559055118111 129.13385826771653 résolution
2119.685039370079 1514.9606299212599 237.79527559055117 129.13385826771653 de
2239.3700787401576 1514.9606299212599 237.79527559055117 129.13385826771653 se
2357.48031496063 1514.9606299212599 513.3858267716536 129.13385826771653 consacrer
2713.3858267716537 1514.9606299212599 118.11023622047244 129.13385826771653 à

697.6377952755905 1631.4960629921259 250.39370078740157 141.73228346456693 la
823.6220472440945 1631.4960629921259 543.3070866141733 141.73228346456693 peinture.
1240.9448818897638 1631.4960629921259 250.39370078740157 141.73228346456693 Il
1366.9291338582677 1631.4960629921259 459.84251968503935 141.73228346456693 entrait
1700.7874015748032 1631.4960629921259 500.78740157480314 141.73228346456693 aussitôt
2077.165354330709 1631.4960629921259 333.8582677165354 141.73228346456693 dans
2286.6141732283463 1631.4960629921259 543.3070866141733 141.73228346456693 l’atelier
2662.9921259842517 1631.4960629921259 166.9291338582677 141.73228346456693 du

703.9370078740158 1762.2047244094488 442.5196850393701 124.40944881889764 peintre
1026.7716535433071 1762.2047244094488 401.5748031496063 124.40944881889764 Victor
1308.6614173228347 1762.2047244094488 522.8346456692914 124.40944881889764 Leclaire,
1710.236220472441 1762.2047244094488 321.25984251968504 124.40944881889764 bien
1911.8110236220473 1762.2047244094488 362.20472440944883 124.40944881889764 connu
2152.755905511811 1762.2047244094488 281.8897637795276 124.40944881889764 par
2313.3858267716537 1762.2047244094488 281.8897637795276 124.40944881889764 ses
2434.6456692913384 1762.2047244094488 401.5748031496063 124.40944881889764 tableaux

696.0629921259842 1891.3385826771653 267.7165354330709 114.96062992125984 de
829.9212598425197 1891.3385826771653 489.76377952755905 114.96062992125984 fleurs,
1185.8267716535433 1891.3385826771653 267.7165354330709 114.96062992125984 et
1318.1102362204724 1891.3385826771653 533.8582677165355 114.96062992125984 lui-même
1719.6850393700788 1891.3385826771653 623.6220472440945 114.96062992125984 s’adonnait
2207.8740157480315 1891.3385826771653 533.8582677165355 114.96062992125984 d’autant
2563.779527559055 1891.3385826771653 267.7165354330709 114.96062992125984 plus

694.488188976378 1982.6771653543308 574.8031496062993 110.23622047244095 volontiers
1146.4566929133857 1982.6771653543308 204.7244094488189 110.23622047244095 à
1228.3464566929133 1982.6771653543308 247.24409448818898 110.23622047244095 ce
1351.1811023622047 1982.6771653543308 370.0787401574803 110.23622047244095 genre
1598.4251968503936 1982.6771653543308 533.8582677165355 110.23622047244095 d’études,
2009.4488188976377 1982.6771653543308 288.18897637795277 110.23622047244095 que
2173.228346456693 1982.6771653543308 247.24409448818898 110.23622047244095 la
2297.6377952755906 1982.6771653543308 411.0236220472441 110.23622047244095 fleur,
2543.3070866141734 1982.6771653543308 288.18897637795277 110.23622047244095 comme

702.3622047244095 2091.3385826771655 223.6220472440945 148.03149606299212 la
814.1732283464567 2091.3385826771655 483.46456692913387 148.03149606299212 peinture,
1187.4015748031495 2091.3385826771655 185.82677165354332 148.03149606299212 a
1261.4173228346456 2091.3385826771655 259.84251968503935 148.03149606299212 été
1409.4488188976377 2091.3385826771655 259.84251968503935 148.03149606299212 une
1559.0551181102362 2091.3385826771655 223.6220472440945 148.03149606299212 de
1670.8661417322835 2091.3385826771655 259.84251968503935 148.03149606299212 ses
1818.8976377952756 2091.3385826771655 483.46456692913387 148.03149606299212 passions.
2190.551181102362 2091.3385826771655 223.6220472440945 148.03149606299212 On
2302.3622047244094 2091.3385826771655 297.6377952755906 148.03149606299212 voit
2451.968503937008 2091.3385826771655 371.65354330708664 148.03149606299212 poindre,

694.488188976378 2242.51968503937 266.1417322834646 102.36220472440945 en
826.7716535433071 2242.51968503937 266.1417322834646 102.36220472440945 ce
960.6299212598425 2242.51968503937 400.0 102.36220472440945 jour,
1226.7716535433071 2242.51968503937 266.1417322834646 102.36220472440945 le
1360.6299212598426 2242.51968503937 400.0 102.36220472440945 germe
1626.7716535433071 2242.51968503937 266.1417322834646 102.36220472440945 de
1760.6299212598426 2242.51968503937 310.23622047244095 102.36220472440945 son
1938.5826771653544 2242.51968503937 400.0 102.36220472440945 amour
2204.7244094488187 2242.51968503937 355.90551181102364 102.36220472440945 pour
2426.771653543307 2242.51968503937 400.0 102.36220472440945 l’art
2648.818897637795 2242.51968503937 177.95275590551182 102.36220472440945 et

696.0629921259842 2325.984251968504 253.54330708661416 124.40944881889764 de
823.6220472440945 2325.984251968504 296.06299212598424 124.40944881889764 son
992.1259842519685 2325.984251968504 379.5275590551181 124.40944881889764 amour
1245.6692913385828 2325.984251968504 338.5826771653543 124.40944881889764 pour
1456.6929133858268 2325.984251968504 253.54330708661416 124.40944881889764 la
1541.732283464567 2325.984251968504 379.5275590551181 124.40944881889764 France.

788.9763779527559 2461.417322834646 255.11811023622047 118.11023622047244 La
916.5354330708661 2461.417322834646 382.6771653543307 118.11023622047244 santé
1171.6535433070867 2461.417322834646 255.11811023622047 118.11023622047244 du
1299.2125984251968 2461.417322834646 382.6771653543307 118.11023622047244 jeune
1554.3307086614172 2461.417322834646 382.6771653543307 118.11023622047244 Davis
1809.4488188976377 2461.417322834646 212.5984251968504 118.11023622047244 —
1894.4881889763778 2461.417322834646 297.6377952755906 118.11023622047244 qui
2064.566929133858 2461.417322834646 255.11811023622047 118.11023622047244 le
2192.1259842519685 2461.417322834646 425.1968503937008 118.11023622047244 dirait
2447.244094488189 2461.417322834646 382.6771653543307 118.11023622047244 aujour-

694.488188976378 2557.48031496063 418.8976377952756 111.81102362204724 d’hui!
987.4015748031496 2557.48031496063 209.4488188976378 111.81102362204724 —
1070.8661417322835 2557.48031496063 250.39370078740157 111.81102362204724 ne
1196.8503937007874 2557.48031496063 292.9133858267717 111.81102362204724 lui
1363.7795275590552 2557.48031496063 418.8976377952756 111.81102362204724 permit
1656.6929133858268 2557.48031496063 292.9133858267717 111.81102362204724 pas
1825.1968503937007 2557.48031496063 250.39370078740157 111.81102362204724 de
1949.6062992125985 2557.48031496063 543.3070866141733 111.81102362204724 continuer
2368.503937007874 2557.48031496063 292.9133858267717 111.81102362204724 ses
2494.488188976378 2557.48031496063 333.8582677165354 111.81102362204724 études

697.6377952755905 2702.3622047244094 629.9212598425197 103.93700787401575 artistiques.
1209.4488188976377 2702.3622047244094 236.2204724409449 103.93700787401575 Il
1327.5590551181103 2702.3622047244094 433.07086614173227 103.93700787401575 fallait
1642.5196850393702 2702.3622047244094 472.4409448818898 103.93700787401575 chercher
1998.4251968503936 2702.3622047244094 275.59055118110234 103.93700787401575 une
2155.9055118110236 2702.3622047244094 551.1811023622047 103.93700787401575 occupation
2588.9763779527557 2702.3622047244094 236.2204724409449 103.93700787401575 et
2667.716535433071 2702.3622047244094 157.48031496062993 103.93700787401575 un

696.0629921259842 2800.0 392.12598425196853 107.08661417322834 climat
971.6535433070866 2800.0 313.38582677165357 107.08661417322834 plus
1166.9291338582677 2800.0 549.6062992125984 107.08661417322834 favorables
1598.4251968503936 2800.0 196.8503937007874 107.08661417322834 à
1677.1653543307086 2800.0 274.01574803149606 107.08661417322834 son
1834.6456692913387 2800.0 352.755905511811 107.08661417322834 état.
2069.2913385826773 2800.0 236.2204724409449 107.08661417322834 Il
2187.4015748031497 2800.0 352.755905511811 107.08661417322834 avait
2423.6220472440946 2800.0 236.2204724409449 107.08661417322834 un
2502.3622047244094 2800.0 313.38582677165357 107.08661417322834 oncle,

688.1889763779527 2913.3858267716537 285.03937007874015 116.53543307086615 au
829.9212598425197 2913.3858267716537 379.5275590551181 116.53543307086615 Cap,
1067.716535433071 2913.3858267716537 379.5275590551181 116.53543307086615 dans
1305.5118110236222 2913.3858267716537 285.03937007874015 116.53543307086615 le
1448.8188976377953 2913.3858267716537 522.8346456692914 116.53543307086615 négoce.
1828.3464566929133 2913.3858267716537 285.03937007874015 116.53543307086615 On
1971.6535433070867 2913.3858267716537 237.79527559055117 116.53543307086615 y
2066.1417322834645 2913.3858267716537 475.59055118110234 116.53543307086615 envoya
2398.4251968503936 2913.3858267716537 285.03937007874015 116.53543307086615 le
2494.488188976378 2913.3858267716537 332.2834645669291 116.53543307086615 jeune

697.6377952755905 3026.771653543307 467.7165354330709 114.96062992125984 peintre
1037.7952755905512 3026.771653543307 255.11811023622047 114.96062992125984 en
1165.3543307086613 3026.771653543307 467.7165354330709 114.96062992125984 rupture
1507.0866141732283 3026.771653543307 255.11811023622047 114.96062992125984 de
1634.6456692913387 3026.771653543307 554.3307086614174 114.96062992125984 pinceaux.
2059.8425196850394 3026.771653543307 297.6377952755906 114.96062992125984 Son
2229.9212598425197 3026.771653543307 554.3307086614174 114.96062992125984 activité,
2614.1732283464567 3026.771653543307 212.5984251968504 114.96062992125984 son

699.2125984251968 3130.7086614173227 658.2677165354331 108.66141732283465 intelligence,
1242.5196850393702 3130.7086614173227 270.86614173228344 108.66141732283465 ces
1396.8503937007874 3130.7086614173227 310.23622047244095 108.66141732283465 dons
1590.5511811023623 3130.7086614173227 426.7716535433071 108.66141732283465 heureux
1900.7874015748032 3130.7086614173227 233.0708661417323 108.66141732283465 de
2017.3228346456692 3130.7086614173227 464.56692913385825 108.66141732283465 lucidité
2365.3543307086616 3130.7086614173227 233.0708661417323 108.66141732283465 et
2481.8897637795276 3130.7086614173227 233.0708661417323 108.66141732283465 de
2559.0551181102364 3130.7086614173227 270.86614173228344 108.66141732283465 déci-

700.7874015748032 3250.3937007874015 321.25984251968504 119.68503937007874 sion
900.7874015748032 3250.3937007874015 280.31496062992125 119.68503937007874 qui
1061.4173228346456 3250.3937007874015 481.8897637795276 119.68503937007874 devaient
1422.0472440944882 3250.3937007874015 280.31496062992125 119.68503937007874 lui
1582.6771653543308 3250.3937007874015 360.62992125984255 119.68503937007874 créer
1822.0472440944882 3250.3937007874015 280.31496062992125 119.68503937007874 une
1982.6771653543308 3250.3937007874015 521.2598425196851 119.68503937007874 situation
2343.3070866141734 3250.3937007874015 481.8897637795276 119.68503937007874 extraordi-

702.3622047244095 3371.6535433070867 354.3307086614173 124.40944881889764 naire
938.5826771653543 3371.6535433070867 314.96062992125985 124.40944881889764 dans
1135.4330708661416 3371.6535433070867 236.2204724409449 124.40944881889764 le
1253.5433070866143 3371.6535433070867 354.3307086614173 124.40944881889764 monde
1489.763779527559 3371.6535433070867 275.59055118110234 124.40944881889764 des
1647.244094488189 3371.6535433070867 511.81102362204723 124.40944881889764 affaires,
2040.9448818897638 3371.6535433070867 551.1811023622047 124.40944881889764 trouvèrent
2434.6456692913384 3371.6535433070867 393.7007874015748 124.40944881889764 aussitôt

1639.3700787401574 3566.9291338582675 179.5275590551181 148.03149606299212 8
