3223.6220472440946 4343.307086614173
365.3543307086614 481.8897637795276 250.39370078740157 184.251968503937 à
466.1417322834646 481.8897637795276 751.1811023622047 184.251968503937 s’employer.
1066.1417322834645 481.8897637795276 300.78740157480314 184.251968503937 M.
1217.3228346456692 481.8897637795276 500.78740157480314 184.251968503937 Édmund
1566.9291338582677 481.8897637795276 450.3937007874016 184.251968503937 Davis
1867.716535433071 481.8897637795276 551.1811023622047 184.251968503937 demeura
2217.3228346456694 481.8897637795276 300.78740157480314 184.251968503937 dans

373.2283464566929 642.5196850393701 527.5590551181102 103.93700787401575 l’Afrique
779.5275590551181 642.5196850393701 242.51968503937007 103.93700787401575 du
900.7874015748032 642.5196850393701 283.46456692913387 103.93700787401575 Sud
1062.992125984252 642.5196850393701 445.6692913385827 103.93700787401575 jusqu’à
1387.4015748031495 642.5196850393701 445.6692913385827 103.93700787401575 l’année
1710.236220472441 642.5196850393701 242.51968503937007 103.93700787401575 de
1833.0708661417323 642.5196850393701 283.46456692913387 103.93700787401575 son
1995.275590551181 642.5196850393701 445.6692913385827 103.93700787401575 mariage
2278.740157480315 642.5196850393701 242.51968503937007 103.93700787401575 avec

359.0551181102362 740.1574803149606 281.8897637795276 125.98425196850394 sa
500.78740157480314 740.1574803149606 563.7795275590552 125.98425196850394 cousine,
922.8346456692914 740.1574803149606 376.37795275590554 125.98425196850394 Miss
1159.0551181102362 740.1574803149606 376.37795275590554 125.98425196850394 Mary
1393.7007874015749 740.1574803149606 563.7795275590552 125.98425196850394 Halford,
1815.748031496063 740.1574803149606 281.8897637795276 125.98425196850394 en
1957.4803149606298 740.1574803149606 423.62204724409446 125.98425196850394 1889.
2239.3700787401576 740.1574803149606 281.8897637795276 125.98425196850394 Il
2333.8582677165355 740.1574803149606 187.4015748031496 125.98425196850394 ne

373.2283464566929 894.488188976378 455.11811023622045 103.93700787401575 pouvait
703.9370078740158 894.488188976378 455.11811023622045 103.93700787401575 trouver
1034.6456692913387 894.488188976378 289.76377952755905 103.93700787401575 une
1198.4251968503936 894.488188976378 743.3070866141733 103.93700787401575 collaboratrice
1818.8976377952756 894.488188976378 330.70866141732284 103.93700787401575 plus
2025.1968503937007 894.488188976378 412.59842519685037 103.93700787401575 zélée,
2274.015748031496 894.488188976378 247.24409448818898 103.93700787401575 plus

366.92913385826773 987.4015748031496 497.6377952755906 116.53543307086615 dévouée,
738.5826771653543 987.4015748031496 330.70866141732284 116.53543307086615 plus
946.4566929133858 987.4015748031496 455.11811023622045 116.53543307086615 ardente
1277.1653543307086 987.4015748031496 330.70866141732284 116.53543307086615 dans
1485.0393700787401 987.4015748031496 289.76377952755905 116.53543307086615 ses
1650.3937007874015 987.4015748031496 744.8818897637796 116.53543307086615 préoccupations
2229.9212598425197 987.4015748031496 289.76377952755905 116.53543307086615 d’art

370.0787401574803 1113.3858267716535 283.46456692913387 116.53543307086615 que
532.2834645669292 1113.3858267716535 486.61417322834643 116.53543307086615 l’épouse
897.6377952755905 1113.3858267716535 324.40944881889766 116.53543307086615 dont
1099.2125984251968 1113.3858267716535 242.51968503937007 116.53543307086615 je
1220.4724409448818 1113.3858267716535 242.51968503937007 116.53543307086615 ne
1341.732283464567 1113.3858267716535 324.40944881889766 116.53543307086615 dois
1544.8818897637796 1113.3858267716535 445.6692913385827 116.53543307086615 révéler
1869.291338582677 1113.3858267716535 445.6692913385827 116.53543307086615 qu’avec
2152.755905511811 1113.3858267716535 363.7795275590551 116.53543307086615 réserve

376.37795275590554 1198.4251968503936 278.74015748031496 138.58267716535434 les
535.4330708661417 1198.4251968503936 396.8503937007874 138.58267716535434 vertus
812.5984251968504 1198.4251968503936 237.79527559055117 138.58267716535434 de
932.2834645669292 1198.4251968503936 396.8503937007874 138.58267716535434 grâce,
1211.023622047244 1198.4251968503936 714.9606299212599 138.58267716535434 d’intelligence
1806.2992125984251 1198.4251968503936 237.79527559055117 138.58267716535434 et
1925.984251968504 1198.4251968503936 237.79527559055117 138.58267716535434 de
2044.0944881889764 1198.4251968503936 396.8503937007874 138.58267716535434 bonté,
2283.464566929134 1198.4251968503936 237.79527559055117 138.58267716535434 mais

379.5275590551181 1337.007874015748 300.78740157480314 100.78740157480316 dont
566.9291338582677 1337.007874015748 225.1968503937008 100.78740157480316 je
680.3149606299213 1337.007874015748 300.78740157480314 100.78740157480316 puis
867.7165354330708 1337.007874015748 450.3937007874016 100.78740157480316 signaler
1206.2992125984251 1337.007874015748 262.99212598425197 100.78740157480316 les
1355.9055118110236 1337.007874015748 338.5826771653543 100.78740157480316 goûts
1581.1023622047244 1337.007874015748 600.0 100.78740157480316 artistiques,
2069.2913385826773 1337.007874015748 412.59842519685037 100.78740157480316 puisque
2332.283464566929 1337.007874015748 187.4015748031496 100.78740157480316 son

379.5275590551181 1444.0944881889764 288.18897637795277 144.88188976377953 nom
543.3070866141733 1444.0944881889764 247.24409448818898 144.88188976377953 se
667.7165354330708 1444.0944881889764 412.59842519685037 144.88188976377953 trouve
955.9055118110236 1444.0944881889764 453.54330708661416 144.88188976377953 inscrit
1285.0393700787401 1444.0944881889764 288.18897637795277 144.88188976377953 sur
1450.3937007874015 1444.0944881889764 370.0787401574803 144.88188976377953 maint
1697.6377952755906 1444.0944881889764 535.4330708661417 144.88188976377953 catalogue
2108.6614173228345 1444.0944881889764 288.18897637795277 144.88188976377953 des
2233.0708661417325 1444.0944881889764 288.18897637795277 144.88188976377953 expo-

371.65354330708664 1551.1811023622047 492.9133858267717 148.03149606299212 sitions
729.1338582677165 1551.1811023622047 269.29133858267716 148.03149606299212 de
864.5669291338583 1551.1811023622047 538.5826771653543 148.03149606299212 Londres,
1267.716535433071 1551.1811023622047 269.29133858267716 148.03149606299212 de
1401.5748031496064 1551.1811023622047 448.81889763779526 148.03149606299212 Venise
1716.5354330708662 1551.1811023622047 269.29133858267716 148.03149606299212 ou
1850.3937007874015 1551.1811023622047 269.29133858267716 148.03149606299212 de
1984.251968503937 1551.1811023622047 313.38582677165357 148.03149606299212 nos
2119.685039370079 1551.1811023622047 403.1496062992126 148.03149606299212 propres

343.3070866141732 1664.5669291338584 374.8031496062992 129.13385826771653 Salons.

478.74015748031496 1771.6535433070867 280.31496062992125 141.73228346456693 Une
637.7952755905512 1771.6535433070867 321.25984251968504 141.73228346456693 fois
839.3700787401575 1771.6535433070867 480.31496062992125 141.73228346456693 installé
1198.4251968503936 1771.6535433070867 200.0 141.73228346456693 à
1278.740157480315 1771.6535433070867 480.31496062992125 141.73228346456693 Londres,
1639.3700787401574 1771.6535433070867 240.9448818897638 141.73228346456693 où
1760.6299212598426 1771.6535433070867 240.9448818897638 141.73228346456693 il
1880.3149606299212 1771.6535433070867 440.9448818897638 141.73228346456693 prenait
2160.6299212598424 1771.6535433070867 360.62992125984255 141.73228346456693 bientôt

382.6771653543307 1902.3622047244094 262.99212598425197 122.83464566929133 une
532.2834645669292 1902.3622047244094 337.00787401574803 122.83464566929133 place
757.4803149606299 1902.3622047244094 674.0157480314961 122.83464566929133 exceptionnelle
1319.6850393700788 1902.3622047244094 299.21259842519686 122.83464566929133 dans
1507.0866141732283 1902.3622047244094 262.99212598425197 122.83464566929133 les
1658.267716535433 1902.3622047244094 450.3937007874016 122.83464566929133 affaires
1957.4803149606298 1902.3622047244094 562.2047244094488 122.83464566929133 industrielles

377.9527559055118 2017.3228346456692 262.99212598425197 110.23622047244095 et
510.23622047244095 2017.3228346456692 700.7874015748032 110.23622047244095 financières,
1078.740157480315 2017.3228346456692 262.99212598425197 110.23622047244095 M.
1209.4488188976377 2017.3228346456692 437.79527559055117 110.23622047244095 Édmund
1516.5354330708662 2017.3228346456692 437.79527559055117 110.23622047244095 Davis,
1822.0472440944882 2017.3228346456692 307.0866141732283 110.23622047244095 qui
1998.4251968503936 2017.3228346456692 262.99212598425197 110.23622047244095 se
2085.0393700787404 2017.3228346456692 437.79527559055117 110.23622047244095 trouvait

382.6771653543307 2154.3307086614172 237.79527559055117 130.70866141732284 en
500.78740157480314 2154.3307086614172 514.9606299212599 130.70866141732284 situation
897.6377952755905 2154.3307086614172 237.79527559055117 130.70866141732284 de
1015.7480314960629 2154.3307086614172 554.3307086614174 130.70866141732284 satisfaire
1451.9685039370079 2154.3307086614172 277.1653543307087 130.70866141732284 les
1611.023622047244 2154.3307086614172 475.59055118110234 130.70866141732284 caprices
1966.9291338582677 2154.3307086614172 277.1653543307087 130.70866141732284 les
2124.4094488188975 2154.3307086614172 316.53543307086613 130.70866141732284 plus
2283.464566929134 2154.3307086614172 237.79527559055117 130.70866141732284 exi-

379.5275590551181 2281.8897637795276 450.3937007874016 91.33858267716535 geants,
707.0866141732283 2281.8897637795276 409.4488188976378 91.33858267716535 réunit
995.2755905511812 2281.8897637795276 574.8031496062993 91.33858267716535 lentement,
1445.6692913385828 2281.8897637795276 533.8582677165355 91.33858267716535 sagement,
1855.1181102362204 2281.8897637795276 327.5590551181102 91.33858267716535 avec
2020.4724409448818 2281.8897637795276 491.33858267716533 91.33858267716535 réflexion,

379.5275590551181 2370.0787401574803 251.96850393700788 107.08661417322834 un
505.51181102362204 2370.0787401574803 461.4173228346457 107.08661417322834 certain
840.9448818897638 2370.0787401574803 418.8976377952756 107.08661417322834 nombre
1133.8582677165355 2370.0787401574803 251.96850393700788 107.08661417322834 de
1259.8425196850394 2370.0787401574803 754.3307086614174 107.08661417322834 chefs-d’œuvre,
1888.1889763779527 2370.0787401574803 461.4173228346457 107.08661417322834 d’ordre
2223.6220472440946 2370.0787401574803 335.43307086614175 107.08661417322834 tout
2390.551181102362 2370.0787401574803 125.98425196850394 107.08661417322834 à

379.5275590551181 2478.740157480315 329.13385826771656 105.51181102362204 fait
584.2519685039371 2478.740157480315 574.8031496062993 105.51181102362204 supérieur,
1036.2204724409448 2478.740157480315 288.18897637795277 105.51181102362204 des
1200.0 2478.740157480315 451.9685039370079 105.51181102362204 maîtres
1529.1338582677165 2478.740157480315 245.66929133858267 105.51181102362204 et
1651.9685039370079 2478.740157480315 288.18897637795277 105.51181102362204 des
1817.3228346456692 2478.740157480315 492.9133858267717 105.51181102362204 vraiment
2144.8818897637793 2478.740157480315 370.0787401574803 105.51181102362204 grands.

382.6771653543307 2588.9763779527557 292.9133858267717 119.68503937007874 Une
551.1811023622047 2588.9763779527557 585.8267716535433 119.68503937007874 exposition
1011.0236220472441 2588.9763779527557 461.4173228346457 119.68503937007874 récente
1346.4566929133857 2588.9763779527557 251.96850393700788 119.68503937007874 au
1472.4409448818897 2588.9763779527557 418.8976377952756 119.68503937007874 profit
1765.3543307086613 2588.9763779527557 251.96850393700788 119.68503937007874 de
1891.3385826771653 2588.9763779527557 461.4173228346457 119.68503937007874 l’œuvre
2184.251968503937 2588.9763779527557 335.43307086614175 119.68503937007874 fondée

377.9527559055118 2711.8110236220473 288.18897637795277 129.13385826771653 par
541.7322834645669 2711.8110236220473 247.24409448818898 129.13385826771653 la
666.1417322834645 2711.8110236220473 411.0236220472441 129.13385826771653 Reine,
954.3307086614174 2711.8110236220473 206.29921259842519 129.13385826771653 à
1036.2204724409448 2711.8110236220473 494.48818897637796 129.13385826771653 Londres,
1406.2992125984251 2711.8110236220473 206.29921259842519 129.13385826771653 a
1489.763779527559 2711.8110236220473 411.0236220472441 129.13385826771653 montré
1777.9527559055118 2711.8110236220473 247.24409448818898 129.13385826771653 au
1900.7874015748032 2711.8110236220473 411.0236220472441 129.13385826771653 public
2148.031496062992 2711.8110236220473 370.0787401574803 129.13385826771653 anglais

385.8267716535433 2826.771653543307 201.5748031496063 114.96062992125984 un
486.61417322834643 2826.771653543307 370.0787401574803 114.96062992125984 célèbre
755.9055118110236 2826.771653543307 404.7244094488189 114.96062992125984 portrait
1058.267716535433 2826.771653543307 201.5748031496063 114.96062992125984 de
1160.6299212598426 2826.771653543307 606.2992125984252 114.96062992125984 Saskia,
1664.5669291338584 2826.771653543307 236.2204724409449 114.96062992125984 par
1800.0 2826.771653543307 470.86614173228344 114.96062992125984 Rembrandt;
2137.0078740157483 2826.771653543307 370.0787401574803 114.96062992125984 La

382.6771653543307 2952.755905511811 425.1968503937008 118.11023622047244 reine
702.3622047244095 2952.755905511811 461.4173228346457 118.11023622047244 Henriette
1056.6929133858268 2952.755905511811 496.06299212598424 118.11023622047244 Marie,
1447.244094488189 2952.755905511811 212.5984251968504 118.11023622047244 de
1552.755905511811 2952.755905511811 248.8188976377953 118.11023622047244 Van
1694.4881889763778 2952.755905511811 319.68503937007875 118.11023622047244 Dyck,
1907.0866141732283 2952.755905511811 248.8188976377953 118.11023622047244 des
2014.1732283464567 2952.755905511811 496.06299212598424 118.11023622047244 Gainsborough

376.37795275590554 3045.6692913385828 247.24409448818898 119.68503937007874 et
499.21259842519686 3045.6692913385828 288.18897637795277 119.68503937007874 des
664.5669291338583 3045.6692913385828 535.4330708661417 119.68503937007874 Reynolds,
1075.5905511811025 3045.6692913385828 247.24409448818898 119.68503937007874 un
1200.0 3045.6692913385828 576.3779527559055 119.68503937007874 Velazquez,
1651.9685039370079 3045.6692913385828 329.13385826771656 119.68503937007874 etc.
1858.267716535433 3045.6692913385828 329.13385826771656 119.68503937007874 Mais
2062.9921259842517 3045.6692913385828 247.24409448818898 119.68503937007874 on
2146.4566929133857 3045.6692913385828 370.0787401574803 119.68503937007874 pouvait

379.5275590551181 3176.3779527559054 467.7165354330709 99.21259842519684 admirer
719.6850393700787 3176.3779527559054 255.11811023622047 99.21259842519684 en
847.2440944881889 3176.3779527559054 340.15748031496065 99.21259842519684 même
1059.8425196850394 3176.3779527559054 382.6771653543307 99.21259842519684 temps
1314.9606299212599 3176.3779527559054 297.6377952755906 99.21259842519684 des
1483.4645669291338 3176.3779527559054 722.8346456692914 99.21259842519684 chefs-d’œuvre
2036.2204724409448 3176.3779527559054 467.7165354330709 99.21259842519684 modernes:

388.9763779527559 3267.716535433071 288.18897637795277 133.85826771653544 le
581.1023622047244 3267.716535433071 321.25984251968504 133.85826771653544 Piano,
804.7244094488188 3267.716535433071 223.6220472440945 133.85826771653544 les
933.8582677165355 3267.716535433071 321.25984251968504 133.85826771653544 Filles
1157.4803149606298 3267.716535433071 417.3228346456693 133.85826771653544 blanches,
1478.740157480315 3267.716535433071 192.1259842519685 133.85826771653544 le
1574.8031496062993 3267.716535433071 288.18897637795277 133.85826771653544 Vieux
1766.9291338582677 3267.716535433071 256.6929133858268 133.85826771653544 pont
1927.5590551181103 3267.716535433071 192.1259842519685 133.85826771653544 de
1990.5511811023623 3267.716535433071 513.3858267716536 133.85826771653544 Battersea,

382.6771653543307 3387.4015748031497 231.49606299212599 152.75590551181102 de
499.21259842519686 3387.4015748031497 502.3622047244094 152.75590551181102 Whistler,
885.0393700787401 3387.4015748031497 231.49606299212599 152.75590551181102 de
1001.5748031496063 3387.4015748031497 462.99212598425197 152.75590551181102 superbes
1349.6062992125985 3387.4015748031497 385.8267716535433 152.75590551181102 Alfred
1620.4724409448818 3387.4015748031497 462.99212598425197 152.75590551181102 Stevens,
1966.9291338582677 3387.4015748031497 270.86614173228344 152.75590551181102 des
2083.464566929134 3387.4015748031497 425.1968503937008 152.75590551181102 Rossetti,

1322.8346456692914 3628.3464566929133 179.5275590551181 135.43307086614172 9
