3343.3070866141734 4333.858267716535
705.511811023622 485.03937007874015 330.70866141732284 146.45669291338584 des
894.488188976378 485.03937007874015 425.1968503937008 146.45669291338584 Watts
1177.9527559055118 485.03937007874015 283.46456692913387 146.45669291338584 et
1319.6850393700788 485.03937007874015 283.46456692913387 146.45669291338584 un
1461.4173228346456 485.03937007874015 566.9291338582677 146.45669291338584 ensemble
1888.1889763779527 485.03937007874015 614.1732283464567 146.45669291338584 admirable
2360.6299212598424 485.03937007874015 283.46456692913387 146.45669291338584 de
2455.1181102362207 485.03937007874015 377.9527559055118 146.45669291338584 Rodin,

714.9606299212599 634.6456692913385 314.96062992125985 124.40944881889764 entre
924.4094488188977 634.6456692913385 385.8267716535433 124.40944881889764 autres,
1206.2992125984251 634.6456692913385 211.0236220472441 124.40944881889764 le
1310.236220472441 634.6456692913385 351.18110236220474 124.40944881889764 marbre
1555.9055118110236 634.6456692913385 351.18110236220474 124.40944881889764 unique
1801.5748031496064 634.6456692913385 211.0236220472441 124.40944881889764 de
1907.0866141732283 634.6456692913385 631.496062992126 124.40944881889764 l'Eternelle
2398.4251968503936 634.6456692913385 420.4724409448819 124.40944881889764 Idole

724.4094488188977 746.4566929133858 267.7165354330709 114.96062992125984 Mr.
877.1653543307086 746.4566929133858 229.92125984251967 114.96062992125984 et
992.1259842519685 746.4566929133858 307.0866141732283 114.96062992125984 Mrs.
1182.6771653543308 746.4566929133858 344.88188976377955 114.96062992125984 Davis
1412.5984251968505 746.4566929133858 497.6377952755906 114.96062992125984 allaient,
1796.8503937007874 746.4566929133858 229.92125984251967 114.96062992125984 en
1910.236220472441 746.4566929133858 382.6771653543307 114.96062992125984 effet,
2179.527559055118 746.4566929133858 307.0866141732283 114.96062992125984 déjà
2370.0787401574803 746.4566929133858 229.92125984251967 114.96062992125984 de
2447.244094488189 746.4566929133858 382.6771653543307 114.96062992125984 l’avant.

713.3858267716536 862.992125984252 261.4173228346457 141.73228346456693 On
844.0944881889764 862.992125984252 434.6456692913386 141.73228346456693 vivait
1149.6062992125985 862.992125984252 348.0314960629921 141.73228346456693 dans
1366.9291338582677 862.992125984252 261.4173228346457 141.73228346456693 un
1497.6377952755906 862.992125984252 565.3543307086615 141.73228346456693 entourage
1932.283464566929 862.992125984252 609.4488188976378 141.73228346456693 d’artistes
2412.5984251968503 862.992125984252 261.4173228346457 141.73228346456693 de
2499.212598425197 862.992125984252 348.0314960629921 141.73228346456693 talent

711.8110236220473 1000.0 532.2834645669292 121.25984251968504 original,
1121.259842519685 1000.0 491.33858267716533 121.25984251968504 d’esprit
1489.763779527559 1000.0 655.1181102362204 121.25984251968504 indépendant,
2020.4724409448818 1000.0 245.66929133858267 121.25984251968504 de
2143.3070866141734 1000.0 327.5590551181102 121.25984251968504 tact
2348.031496062992 1000.0 245.66929133858267 121.25984251968504 et
2470.8661417322833 1000.0 245.66929133858267 121.25984251968504 de
2552.755905511811 1000.0 286.61417322834643 121.25984251968504 goût.

711.8110236220473 1081.8897637795276 588.9763779527559 168.50393700787401 C’étaient
1165.3543307086613 1081.8897637795276 453.54330708661416 168.50393700787401 Aubrey
1483.4645669291338 1081.8897637795276 634.6456692913385 168.50393700787401 Beardsley,
1982.6771653543308 1081.8897637795276 499.21259842519686 168.50393700787401 Conder.
2344.8818897637793 1081.8897637795276 499.21259842519686 168.50393700787401 Conder,
2662.9921259842517 1081.8897637795276 181.10236220472441 168.50393700787401 ce

711.8110236220473 1207.8740157480315 511.81102362204723 118.11023622047244 charmant
1096.0629921259842 1207.8740157480315 469.29133858267716 118.11023622047244 Conder,
1436.2204724409448 1207.8740157480315 255.11811023622047 118.11023622047244 si
1565.3543307086613 1207.8740157480315 469.29133858267716 118.11023622047244 tendre,
1905.5118110236222 1207.8740157480315 255.11811023622047 118.11023622047244 si
2033.0708661417323 1207.8740157480315 554.3307086614174 118.11023622047244 sensible,
2459.8425196850394 1207.8740157480315 255.11811023622047 118.11023622047244 si
2544.8818897637793 1207.8740157480315 299.21259842519686 118.11023622047244 amou-

711.8110236220473 1343.3070866141732 348.0314960629921 108.66141732283465 reux
929.1338582677165 1343.3070866141732 261.4173228346457 108.66141732283465 et
1059.8425196850394 1343.3070866141732 738.5826771653543 108.66141732283465 mélancolique,
1669.291338582677 1343.3070866141732 390.5511811023622 108.66141732283465 comme
1929.1338582677165 1343.3070866141732 261.4173228346457 108.66141732283465 un
2059.8425196850394 1343.3070866141732 521.2598425196851 108.66141732283465 lointain
2407.8740157480315 1343.3070866141732 434.6456692913386 108.66141732283465 héritier

716.5354330708661 1429.9212598425197 259.84251968503935 114.96062992125984 de
845.6692913385826 1429.9212598425197 390.5511811023622 114.96062992125984 notre
1105.5118110236222 1429.9212598425197 519.6850393700787 114.96062992125984 Watteau,
1496.0629921259842 1429.9212598425197 477.1653543307087 114.96062992125984 Conder,
1842.5196850393702 1429.9212598425197 303.93700787401576 114.96062992125984 qui
2015.748031496063 1429.9212598425197 519.6850393700787 114.96062992125984 décorait
2362.2047244094488 1429.9212598425197 477.1653543307087 114.96062992125984 plusieurs

719.6850393700787 1544.8818897637796 275.59055118110234 118.11023622047244 des
877.1653543307086 1544.8818897637796 393.7007874015748 118.11023622047244 salles
1152.755905511811 1544.8818897637796 236.2204724409449 118.11023622047244 de
1270.8661417322835 1544.8818897637796 236.2204724409449 118.11023622047244 la
1387.4015748031495 1544.8818897637796 393.7007874015748 118.11023622047244 maison
1662.992125984252 1544.8818897637796 236.2204724409449 118.11023622047244 de
1781.1023622047244 1544.8818897637796 511.81102362204723 118.11023622047244 Lansdowne
2174.803149606299 1544.8818897637796 354.3307086614173 118.11023622047244 Road,
2409.448818897638 1544.8818897637796 236.2204724409449 118.11023622047244 et
2488.1889763779527 1544.8818897637796 354.3307086614173 118.11023622047244 donnait

716.5354330708661 1670.8661417322835 201.5748031496063 105.51181102362204 à
796.8503937007874 1670.8661417322835 321.25984251968504 105.51181102362204 Mrs.
996.8503937007874 1670.8661417322835 362.20472440944883 105.51181102362204 Davis
1237.7952755905512 1670.8661417322835 281.8897637795276 105.51181102362204 des
1398.4251968503936 1670.8661417322835 481.8897637795276 105.51181102362204 conseils
1760.6299212598426 1670.8661417322835 642.5196850393701 105.51181102362204 heureusement
2281.8897637795276 1670.8661417322835 442.5196850393701 105.51181102362204 suivis.
2563.779527559055 1670.8661417322835 281.8897637795276 105.51181102362204 C’est

711.8110236220473 1811.023622047244 445.6692913385827 116.53543307086615 encore
1023.6220472440945 1811.023622047244 577.9527559055118 116.53543307086615 Ricketts,
1467.716535433071 1811.023622047244 533.8582677165355 116.53543307086615 Shannon,
1867.716535433071 1811.023622047244 445.6692913385827 116.53543307086615 Pryde,
2179.527559055118 1811.023622047244 533.8582677165355 116.53543307086615 Philpot,
2535.433070866142 1811.023622047244 311.81102362204723 116.53543307086615 notre

725.9842519685039 1902.3622047244094 395.2755905511811 103.93700787401575 Dulac,
1001.5748031496063 1902.3622047244094 275.59055118110234 103.93700787401575 que
1160.6299212598426 1902.3622047244094 631.496062992126 103.93700787401575 l’Angleterre
1672.4409448818897 1902.3622047244094 355.90551181102364 103.93700787401575 s’est
1910.236220472441 1902.3622047244094 395.2755905511811 103.93700787401575 annexé
2185.8267716535433 1902.3622047244094 355.90551181102364 103.93700787401575 après
2422.047244094488 1902.3622047244094 434.6456692913386 103.93700787401575 Legros;
2699.212598425197 1902.3622047244094 118.11023622047244 103.93700787401575 —

722.8346456692914 2009.4488188976377 193.70078740157481 163.7795275590551 à
801.5748031496063 2009.4488188976377 385.8267716535433 163.7795275590551 Paris,
1070.8661417322835 2009.4488188976377 348.0314960629921 163.7795275590551 c’est
1303.9370078740158 2009.4488188976377 385.8267716535433 163.7795275590551 Rodin,
1573.2283464566929 2009.4488188976377 348.0314960629921 163.7795275590551 Roll,
1806.2992125984251 2009.4488188976377 425.1968503937008 163.7795275590551 Cottet,
2114.9606299212596 2009.4488188976377 425.1968503937008 163.7795275590551 Jacques
2423.6220472440946 2009.4488188976377 462.99212598425197 163.7795275590551 Blanche;
2732.283464566929 2009.4488188976377 116.53543307086615 163.7795275590551 à

719.6850393700787 2125.984251968504 488.18897637795277 124.40944881889764 Venise,
1074.015748031496 2125.984251968504 354.3307086614173 124.40944881889764 Emma
1296.0629921259842 2125.984251968504 488.18897637795277 124.40944881889764 Ciardi,
1650.3937007874015 2125.984251968504 708.6614173228346 124.40944881889764 petite-fille
2226.771653543307 2125.984251968504 266.1417322834646 124.40944881889764 de
2359.0551181102364 2125.984251968504 488.18897637795277 124.40944881889764 Guardi,
2669.2913385826773 2125.984251968504 177.95275590551182 124.40944881889764 de

721.2598425196851 2236.220472440945 425.1968503937008 110.23622047244095 Longhi
1018.8976377952756 2236.220472440945 255.11811023622047 110.23622047244095 et
1146.4566929133857 2236.220472440945 255.11811023622047 110.23622047244095 de
1274.015748031496 2236.220472440945 595.2755905511812 110.23622047244095 Canaletto.
1741.732283464567 2236.220472440945 297.6377952755906 110.23622047244095 Les
1911.8110236220473 2236.220472440945 510.23622047244095 110.23622047244095 affaires
2294.488188976378 2236.220472440945 510.23622047244095 110.23622047244095 monstres
2634.6456692913384 2236.220472440945 212.5984251968504 110.23622047244095 que

719.6850393700787 2371.6535433070867 259.84251968503935 111.81102362204724 M.
850.3937007874016 2371.6535433070867 259.84251968503935 111.81102362204724 E.
981.1023622047244 2371.6535433070867 390.5511811023622 111.81102362204724 Davis
1240.9448818897638 2371.6535433070867 477.1653543307087 111.81102362204724 remuait
1588.976377952756 2371.6535433070867 217.3228346456693 111.81102362204724 à
1675.5905511811025 2371.6535433070867 477.1653543307087 111.81102362204724 travers
2022.0472440944882 2371.6535433070867 259.84251968503935 111.81102362204724 le
2152.755905511811 2371.6535433070867 434.6456692913386 111.81102362204724 monde:
2412.5984251968503 2371.6535433070867 434.6456692913386 111.81102362204724 tramways

716.5354330708661 2472.4409448818897 291.33858267716533 133.85826771653544 de
862.992125984252 2472.4409448818897 727.5590551181102 133.85826771653544 Singapoore;
1444.0944881889764 2472.4409448818897 823.6220472440945 133.85826771653544 charbonnages,
2122.834645669291 2472.4409448818897 291.33858267716533 133.85826771653544 en
2269.2913385826773 2472.4409448818897 485.03937007874015 133.85826771653544 Chine;
2559.0551181102364 2472.4409448818897 291.33858267716533 133.85826771653544 che-

732.2834645669292 2603.149606299213 313.38582677165357 96.06299212598425 mins
927.5590551181102 2603.149606299213 234.64566929133858 96.06299212598425 de
1045.6692913385828 2603.149606299213 313.38582677165357 96.06299212598425 fer,
1240.9448818897638 2603.149606299213 508.66141732283467 96.06299212598425 ailleurs;
1633.0708661417323 2603.149606299213 390.5511811023622 96.06299212598425 mines,
1907.0866141732283 2603.149606299213 274.01574803149606 96.06299212598425 sur
2062.9921259842517 2603.149606299213 234.64566929133858 96.06299212598425 un
2181.1023622047246 2603.149606299213 352.755905511811 96.06299212598425 autre
2376.3779527559054 2603.149606299213 469.29133858267716 96.06299212598425 continent,

724.4094488188977 2705.511811023622 303.93700787401576 119.68503937007874 tout
913.3858267716536 2705.511811023622 341.73228346456693 119.68503937007874 cela,
1141.732283464567 2705.511811023622 228.3464566929134 119.68503937007874 au
1255.1181102362204 2705.511811023622 303.93700787401576 119.68503937007874 lieu
1445.6692913385828 2705.511811023622 379.5275590551181 119.68503937007874 d’être
1711.8110236220473 2705.511811023622 228.3464566929134 119.68503937007874 le
1825.1968503937007 2705.511811023622 266.1417322834646 119.68503937007874 but
1976.3779527559054 2705.511811023622 228.3464566929134 119.68503937007874 de
2091.3385826771655 2705.511811023622 228.3464566929134 119.68503937007874 la
2204.7244094488187 2705.511811023622 303.93700787401576 119.68503937007874 vie,
2395.2755905511813 2705.511811023622 228.3464566929134 119.68503937007874 ne
2470.8661417322833 2705.511811023622 379.5275590551181 119.68503937007874 semblait

727.5590551181102 2807.8740157480315 288.18897637795277 121.25984251968504 être
908.6614173228346 2807.8740157480315 251.96850393700788 121.25984251968504 que
1051.9685039370079 2807.8740157480315 215.748031496063 121.25984251968504 le
1160.6299212598426 2807.8740157480315 467.7165354330709 121.25984251968504 prétexte,
1519.6850393700788 2807.8740157480315 215.748031496063 121.25984251968504 le
1628.3464566929133 2807.8740157480315 324.40944881889766 121.25984251968504 moyen
1844.0944881889764 2807.8740157480315 215.748031496063 121.25984251968504 de
1952.755905511811 2807.8740157480315 503.93700787401576 121.25984251968504 satisfaire
2349.6062992125985 2807.8740157480315 324.40944881889766 121.25984251968504 cette
2529.1338582677167 2807.8740157480315 324.40944881889766 121.25984251968504 vieille

727.5590551181102 2944.8818897637793 450.3937007874016 129.13385826771653 passion
1055.1181102362204 2944.8818897637793 327.5590551181102 129.13385826771653 pour
1259.8425196850394 2944.8818897637793 245.66929133858267 129.13385826771653 la
1382.6771653543308 2944.8818897637793 491.33858267716533 129.13385826771653 peinture
1751.1811023622047 2944.8818897637793 286.61417322834643 129.13385826771653 que
1914.9606299212599 2944.8818897637793 245.66929133858267 129.13385826771653 le
2037.7952755905512 2944.8818897637793 327.5590551181102 129.13385826771653 sort
2242.51968503937 2944.8818897637793 368.503937007874 129.13385826771653 avait
2488.1889763779527 2944.8818897637793 245.66929133858267 129.13385826771653 si
2570.0787401574803 2944.8818897637793 286.61417322834643 129.13385826771653 mali-

733.8582677165355 3048.818897637795 563.7795275590552 107.08661417322834 cieusement
1137.007874015748 3048.818897637795 524.4094488188977 107.08661417322834 contrariée.

823.6220472440945 3152.755905511811 259.84251968503935 110.23622047244095 On
952.7559055118111 3152.755905511811 346.45669291338584 110.23622047244095 peut
1168.5039370078741 3152.755905511811 648.8188976377953 110.23622047244095 comprendre,
1688.1889763779527 3152.755905511811 648.8188976377953 110.23622047244095 maintenant,
2207.8740157480315 3152.755905511811 259.84251968503935 110.23622047244095 je
2337.0078740157483 3152.755905511811 433.07086614173227 110.23622047244095 pense,
2596.850393700787 3152.755905511811 259.84251968503935 110.23622047244095 com-

733.8582677165355 3283.464566929134 346.45669291338584 105.51181102362204 ment
949.6062992125984 3283.464566929134 259.84251968503935 105.51181102362204 M.
1078.740157480315 3283.464566929134 259.84251968503935 105.51181102362204 E.
1209.4488188976377 3283.464566929134 388.9763779527559 105.51181102362204 Davis
1467.716535433071 3283.464566929134 302.3622047244094 105.51181102362204 fut
1640.9448818897638 3283.464566929134 388.9763779527559 105.51181102362204 amené
1900.7874015748032 3283.464566929134 735.4330708661417 105.51181102362204 naturellement
2505.511811023622 3283.464566929134 215.748031496063 105.51181102362204 à
2549.6062992125985 3283.464566929134 302.3622047244094 105.51181102362204 cher-

730.7086614173228 3384.251968503937 303.93700787401576 119.68503937007874 cher
919.6850393700787 3384.251968503937 303.93700787401576 119.68503937007874 pour
1110.236220472441 3384.251968503937 266.1417322834646 119.68503937007874 les
1261.4173228346456 3384.251968503937 455.11811023622045 119.68503937007874 artistes
1603.1496062992126 3384.251968503937 417.3228346456693 119.68503937007874 vivants
1905.5118110236222 3384.251968503937 226.77165354330708 119.68503937007874 de
2018.8976377952756 3384.251968503937 266.1417322834646 119.68503937007874 son
2171.6535433070867 3384.251968503937 341.73228346456693 119.68503937007874 pays,
2398.4251968503936 3384.251968503937 303.93700787401576 119.68503937007874 dont
2549.6062992125985 3384.251968503937 303.93700787401576 119.68503937007874 «l’ap

1666.1417322834645 3623.6220472440946 188.9763779527559 113.38582677165354 10
