2123 2752
448 308 210 93 des
568 308 270 93 Watts
748 308 180 93 et
838 308 180 93 un
928 308 360 93 ensemble
1199 308 390 93 admirable
1499 308 180 93 de
1559 308 240 93 Rodin,

454 403 200 79 entre
587 403 245 79 autres,
766 403 134 79 le
832 403 223 79 marbre
988 403 223 79 unique
1144 403 134 79 de
1211 403 401 79 <i>l'Eternelle
1523 403 267 79 Idole</i>.

460 474 170 73 Mr.
557 474 146 73 et
630 474 195 73 Mrs.
751 474 219 73 Davis
897 474 316 73 allaient,
1141 474 146 73 en
1213 474 243 73 effet,
1384 474 195 73 déjà
1505 474 146 73 de
1554 474 243 73 l’avant.

453 548 166 90 On
536 548 276 90 vivait
730 548 221 90 dans
868 548 166 90 un
951 548 359 90 entourage
1227 548 387 90 d’artistes
1532 548 166 90 de
1587 548 221 90 talent

452 635 338 77 original,
712 635 312 77 d’esprit
946 635 416 77 indépendant,
1283 635 156 77 de
1361 635 208 77 tact
1491 635 156 77 et
1569 635 156 77 de
1621 635 182 77 goût.

452 687 374 107 C’étaient
740 687 288 107 Aubrey
942 687 403 107 Beardsley,
1259 687 317 107 Conder.
1489 687 317 107 Conder,
1691 687 115 107 ce

452 767 325 75 charmant
696 767 298 75 Conder,
912 767 162 75 si
994 767 298 75 tendre,
1210 767 162 75 si
1291 767 352 75 sensible,
1562 767 162 75 si
1616 767 190 75 amou-

452 853 221 69 reux
590 853 166 69 et
673 853 469 69 mélancolique,
1060 853 248 69 comme
1225 853 166 69 un
1308 853 331 69 lointain
1529 853 276 69 héritier

455 908 165 73 de
537 908 248 73 notre
702 908 330 73 Watteau,
950 908 303 73 Conder,
1170 908 193 73 qui
1280 908 330 73 décorait
1500 908 303 73 plusieurs

457 981 175 75 des
557 981 250 75 salles
732 981 150 75 de
807 981 150 75 la
881 981 250 75 maison
1056 981 150 75 de
1131 981 325 75 Lansdowne
1381 981 225 75 Road,
1530 981 150 75 et
1580 981 225 75 donnait

455 1061 128 67 à
506 1061 204 67 Mrs.
633 1061 230 67 Davis
786 1061 179 67 des
888 1061 306 67 conseils
1118 1061 408 67 heureusement
1449 1061 281 67 suivis.
1628 1061 179 67 C’est

452 1150 283 74 encore
650 1150 367 74 Ricketts,
932 1150 339 74 Shannon,
1186 1150 283 74 Pryde,
1384 1150 339 74 Philpot,
1610 1150 198 74 notre

461 1208 251 66 Dulac,
636 1208 175 66 que
737 1208 401 66 l’Angleterre
1062 1208 226 66 s’est
1213 1208 251 66 annexé
1388 1208 226 66 après
1538 1208 276 66 Legros;
1714 1208 75 66 —

459 1276 123 104 à
509 1276 245 104 Paris,
680 1276 221 104 c’est
828 1276 245 104 Rodin,
999 1276 221 104 Roll,
1147 1276 270 104 Cottet,
1343 1276 270 104 Jacques
1539 1276 294 104 Blanche;
1735 1276 74 104 à

457 1350 310 79 Venise,
682 1350 225 79 Emma
823 1350 310 79 Ciardi,
1048 1350 450 79 petite-fille
1414 1350 169 79 de
1498 1350 310 79 Guardi,
1695 1350 113 79 de

458 1420 270 70 Longhi
647 1420 162 70 et
728 1420 162 70 de
809 1420 378 70 Canaletto.
1106 1420 189 70 Les
1214 1420 324 70 affaires
1457 1420 324 70 monstres
1673 1420 135 70 que

457 1506 165 71 M.
540 1506 165 71 E.
623 1506 248 71 Davis
788 1506 303 71 remuait
1009 1506 138 71 à
1064 1506 303 71 travers
1284 1506 165 71 le
1367 1506 276 71 monde:
1532 1506 276 71 tramways

455 1570 185 85 de
548 1570 462 85 Singapoore;
917 1570 523 85 charbonnages,
1348 1570 185 85 en
1441 1570 308 85 Chine;
1625 1570 185 85 che-

465 1653 199 61 mins
589 1653 149 61 de
664 1653 199 61 fer,
788 1653 323 61 ailleurs;
1037 1653 248 61 mines,
1211 1653 174 61 sur
1310 1653 149 61 un
1385 1653 224 61 autre
1509 1653 298 61 continent,

460 1718 193 76 tout
580 1718 217 76 cela,
725 1718 145 76 au
797 1718 193 76 lieu
918 1718 241 76 d’être
1087 1718 145 76 le
1159 1718 169 76 but
1255 1718 145 76 de
1328 1718 145 76 la
1400 1718 193 76 vie,
1521 1718 145 76 ne
1569 1718 241 76 semblait

462 1783 183 77 être
577 1783 160 77 que
668 1783 137 77 le
737 1783 297 77 prétexte,
965 1783 137 77 le
1034 1783 206 77 moyen
1171 1783 137 77 de
1240 1783 320 77 satisfaire
1492 1783 206 77 cette
1606 1783 206 77 vieille

462 1870 286 82 passion
670 1870 208 82 pour
800 1870 156 82 la
878 1870 312 82 peinture
1112 1870 182 82 que
1216 1870 156 82 le
1294 1870 208 82 sort
1424 1870 234 82 avait
1580 1870 156 82 si
1632 1870 182 82 mali-

466 1936 358 68 cieusement
722 1936 333 68 contrariée.

523 2002 165 70 On
605 2002 220 70 peut
742 2002 412 70 comprendre,
1072 2002 412 70 maintenant,
1402 2002 165 70 je
1484 2002 275 70 pense,
1649 2002 165 70 com-

466 2085 220 67 ment
603 2085 165 67 M.
685 2085 165 67 E.
768 2085 247 67 Davis
932 2085 192 67 fut
1042 2085 247 67 amené
1207 2085 467 67 naturellement
1591 2085 137 67 à
1619 2085 192 67 cher-

464 2149 193 76 cher
584 2149 193 76 pour
705 2149 169 76 les
801 2149 289 76 artistes
1018 2149 265 76 vivants
1210 2149 144 76 de
1282 2149 169 76 son
1379 2149 217 76 pays,
1523 2149 193 76 dont
1619 2149 193 76 «l’ap

1058 2301 120 72 10
