3223.6220472440946 4319.685039370079
286.61417322834643 535.4330708661417 587.4015748031496 132.28346456692913 préciation
748.0314960629921 535.4330708661417 292.9133858267717 132.28346456692913 est
916.5354330708661 535.4330708661417 251.96850393700788 132.28346456692913 si
1042.5196850393702 535.4330708661417 335.43307086614175 132.28346456692913 près
1251.9685039370079 535.4330708661417 251.96850393700788 132.28346456692913 de
1377.9527559055118 535.4330708661417 292.9133858267717 132.28346456692913 son
1546.4566929133857 535.4330708661417 377.9527559055118 132.28346456692913 cœur»
1796.8503937007874 535.4330708661417 292.9133858267717 132.28346456692913 des
1922.8346456692914 535.4330708661417 503.93700787401576 132.28346456692913 encourage-

294.48818897637796 675.5905511811023 368.503937007874 94.48818897637796 ments
540.1574803149606 675.5905511811023 327.5590551181102 94.48818897637796 plus
744.8818897637796 675.5905511811023 532.2834645669292 94.48818897637796 efficaces
1154.3307086614172 675.5905511811023 286.61417322834643 94.48818897637796 que
1318.1102362204724 675.5905511811023 245.66929133858267 94.48818897637796 la
1440.9448818897638 675.5905511811023 532.2834645669292 94.48818897637796 formation
1850.3937007874015 675.5905511811023 368.503937007874 94.48818897637796 d’une
2055.1181102362207 675.5905511811023 368.503937007874 94.48818897637796 galerie

292.9133858267717 773.2283464566929 683.4645669291339 119.68503937007874 personnelle;
847.2440944881889 773.2283464566929 299.21259842519686 119.68503937007874 car
1018.8976377952756 773.2283464566929 256.6929133858268 119.68503937007874 ce
1146.4566929133857 773.2283464566929 384.251968503937 119.68503937007874 n’est
1403.1496062992126 773.2283464566929 299.21259842519686 119.68503937007874 pas
1573.2283464566929 773.2283464566929 341.73228346456693 119.68503937007874 leur
1785.8267716535433 773.2283464566929 596.8503937007874 119.68503937007874 collection
2212.5984251968503 773.2283464566929 214.17322834645668 119.68503937007874 que

305.51181102362204 885.0393700787401 255.11811023622047 124.40944881889764 Mr.
451.9685039370079 885.0393700787401 218.89763779527559 124.40944881889764 et
560.6299212598425 885.0393700787401 292.9133858267717 124.40944881889764 Mrs.
743.3070866141733 885.0393700787401 329.13385826771656 124.40944881889764 Davis
962.2047244094488 885.0393700787401 292.9133858267717 124.40944881889764 nous
1144.8818897637796 885.0393700787401 437.79527559055117 124.40944881889764 offrent.
1474.015748031496 885.0393700787401 329.13385826771656 124.40944881889764 C’est
1692.9133858267717 885.0393700787401 218.89763779527559 124.40944881889764 la
1803.1496062992126 885.0393700787401 329.13385826771656 124.40944881889764 nôtre
2022.0472440944882 885.0393700787401 365.3543307086614 124.40944881889764 qu’ils
2240.9448818897636 885.0393700787401 182.6771653543307 124.40944881889764 ont

292.9133858267717 995.2755905511812 403.1496062992126 107.08661417322834 désiré
574.8031496062993 995.2755905511812 403.1496062992126 107.08661417322834 faire,
858.2677165354331 995.2755905511812 362.20472440944883 107.08661417322834 c’est
1099.2125984251968 995.2755905511812 362.20472440944883 107.08661417322834 celle
1340.1574803149606 995.2755905511812 281.8897637795276 107.08661417322834 que
1502.3622047244094 995.2755905511812 442.5196850393701 107.08661417322834 réclame
1784.251968503937 995.2755905511812 644.0944881889764 107.08661417322834 l’enseignement

286.61417322834643 1107.0866141732283 563.7795275590552 111.81102362204724 esthétique
730.7086614173228 1107.0866141732283 240.9448818897638 111.81102362204724 et
850.3937007874016 1107.0866141732283 563.7795275590552 111.81102362204724 historique
1292.9133858267717 1107.0866141732283 240.9448818897638 111.81102362204724 de
1414.1732283464567 1107.0866141732283 362.20472440944883 111.81102362204724 notre
1655.1181102362204 1107.0866141732283 442.5196850393701 111.81102362204724 Maison.
1937.007874015748 1107.0866141732283 483.46456692913387 111.81102362204724 L’intelli-

289.76377952755905 1234.6456692913387 341.73228346456693 111.81102362204724 gent
503.93700787401576 1234.6456692913387 470.86614173228344 111.81102362204724 amateur
845.6692913385826 1234.6456692913387 299.21259842519686 111.81102362204724 n’a
1017.3228346456693 1234.6456692913387 299.21259842519686 111.81102362204724 pas
1188.976377952756 1234.6456692913387 341.73228346456693 111.81102362204724 tenu
1403.1496062992126 1234.6456692913387 428.34645669291336 111.81102362204724 compte
1702.3622047244094 1234.6456692913387 727.5590551181102 111.81102362204724 exclusivement
2258.267716535433 1234.6456692913387 171.6535433070866 111.81102362204724 de

294.48818897637796 1337.007874015748 270.86614173228344 113.38582677165354 ses
450.3937007874016 1337.007874015748 387.40157480314963 113.38582677165354 goûts;
721.2598425196851 1337.007874015748 233.0708661417323 113.38582677165354 il
837.7952755905512 1337.007874015748 193.70078740157481 113.38582677165354 a
914.9606299212599 1337.007874015748 503.93700787401576 113.38582677165354 sollicité
1302.3622047244094 1337.007874015748 270.86614173228344 113.38582677165354 les
1456.6929133858268 1337.007874015748 581.1023622047244 113.38582677165354 suggestions
1921.259842519685 1337.007874015748 233.0708661417323 113.38582677165354 du
1998.4251968503936 1337.007874015748 426.7716535433071 113.38582677165354 Conserva-

307.0866141732283 1444.0944881889764 360.62992125984255 133.85826771653544 teur,
546.4566929133858 1444.0944881889764 240.9448818897638 133.85826771653544 il
667.7165354330708 1444.0944881889764 200.0 133.85826771653544 a
746.4566929133858 1444.0944881889764 360.62992125984255 133.85826771653544 voulu
987.4015748031496 1444.0944881889764 480.31496062992125 133.85826771653544 procéder
1348.0314960629921 1444.0944881889764 321.25984251968504 133.85826771653544 avec
1548.0314960629921 1444.0944881889764 280.31496062992125 133.85826771653544 lui
1708.6614173228347 1444.0944881889764 200.0 133.85826771653544 à
1788.976377952756 1444.0944881889764 240.9448818897638 133.85826771653544 un
1908.6614173228347 1444.0944881889764 360.62992125984255 133.85826771653544 choix
2108.6614173228345 1444.0944881889764 321.25984251968504 133.85826771653544 métho-

300.78740157480314 1582.6771653543308 362.20472440944883 88.18897637795276 dique
543.3070866141733 1582.6771653543308 240.9448818897638 88.18897637795276 de
662.992125984252 1582.6771653543308 401.5748031496063 88.18897637795276 sujets
944.8818897637796 1582.6771653543308 763.7795275590552 88.18897637795276 représentatifs.
1588.976377952756 1582.6771653543308 362.20472440944883 88.18897637795276 C’est
1829.9212598425197 1582.6771653543308 240.9448818897638 88.18897637795276 la
1951.1811023622047 1582.6771653543308 401.5748031496063 88.18897637795276 raison
2192.1259842519685 1582.6771653543308 240.9448818897638 88.18897637795276 pour

308.66141732283467 1677.1653543307086 492.9133858267717 118.11023622047244 laquelle,
688.1889763779527 1677.1653543307086 228.3464566929134 118.11023622047244 au
801.5748031496063 1677.1653543307086 303.93700787401576 118.11023622047244 lieu
992.1259842519685 1677.1653543307086 228.3464566929134 118.11023622047244 de
1105.5118110236222 1677.1653543307086 228.3464566929134 118.11023622047244 se
1218.8976377952756 1677.1653543307086 417.3228346456693 118.11023622047244 borner,
1522.8346456692914 1677.1653543307086 341.73228346456693 118.11023622047244 ainsi
1749.6062992125985 1677.1653543307086 341.73228346456693 118.11023622047244 qu’il
1977.9527559055118 1677.1653543307086 228.3464566929134 118.11023622047244 en
2091.3385826771655 1677.1653543307086 341.73228346456693 118.11023622047244 avait
2281.8897637795276 1677.1653543307086 151.1811023622047 118.11023622047244 eu

308.66141732283467 1804.724409448819 579.5275590551181 103.93700787401575 l’intention
773.2283464566929 1804.724409448819 502.3622047244094 103.93700787401575 première,
1160.6299212598426 1804.724409448819 193.70078740157481 103.93700787401575 à
1237.7952755905512 1804.724409448819 231.49606299212599 103.93700787401575 la
1352.755905511811 1804.724409448819 425.1968503937008 103.93700787401575 période
1662.992125984252 1804.724409448819 464.56692913385825 103.93700787401575 actuelle
2011.023622047244 1804.724409448819 231.49606299212599 103.93700787401575 de
2127.5590551181103 1804.724409448819 231.49606299212599 103.93700787401575 la
2204.7244094488187 1804.724409448819 231.49606299212599 103.93700787401575 pro-

305.51181102362204 1910.236220472441 418.8976377952756 107.08661417322834 duction
609.4488188976378 1910.236220472441 533.8582677165355 107.08661417322834 artistique
1029.9212598425197 1910.236220472441 496.06299212598424 107.08661417322834 anglaise,
1411.023622047244 1910.236220472441 228.3464566929134 107.08661417322834 il
1524.4094488188975 1910.236220472441 266.1417322834646 107.08661417322834 n’a
1677.1653543307086 1910.236220472441 266.1417322834646 107.08661417322834 pas
1829.9212598425197 1910.236220472441 381.1023622047244 107.08661417322834 hésité
2096.0629921259842 1910.236220472441 190.5511811023622 107.08661417322834 à
2133.8582677165355 1910.236220472441 305.51181102362204 107.08661417322834 remon-

299.21259842519686 2017.3228346456692 292.9133858267717 111.81102362204724 ter
467.7165354330709 2017.3228346456692 459.84251968503935 111.81102362204724 jusqu’à
801.5748031496063 2017.3228346456692 250.39370078740157 111.81102362204724 la
927.5590551181102 2017.3228346456692 418.8976377952756 111.81102362204724 grande
1220.4724409448818 2017.3228346456692 376.37795275590554 111.81102362204724 crise
1470.8661417322835 2017.3228346456692 250.39370078740157 111.81102362204724 du
1596.8503937007874 2017.3228346456692 795.2755905511812 111.81102362204724 préraphaélisme,
2223.6220472440946 2017.3228346456692 209.4488188976378 111.81102362204724 qui

310.23622047244095 2140.1574803149606 503.93700787401576 129.13385826771653 inaugure,
697.6377952755905 2140.1574803149606 348.0314960629921 129.13385826771653 juste
930.7086614173228 2140.1574803149606 233.0708661417323 129.13385826771653 au
1047.244094488189 2140.1574803149606 387.40157480314963 129.13385826771653 milieu
1318.1102362204724 2140.1574803149606 233.0708661417323 129.13385826771653 du
1434.6456692913387 2140.1574803149606 387.40157480314963 129.13385826771653 siècle
1705.5118110236222 2140.1574803149606 464.56692913385825 129.13385826771653 dernier,
2053.5433070866143 2140.1574803149606 270.86614173228344 129.13385826771653 les
2170.0787401574803 2140.1574803149606 270.86614173228344 129.13385826771653 temps

308.66141732283467 2247.244094488189 514.9606299212599 125.98425196850394 nouveaux
694.488188976378 2247.244094488189 256.6929133858268 125.98425196850394 de
823.6220472440945 2247.244094488189 385.8267716535433 125.98425196850394 l’art
1037.7952755905512 2247.244094488189 729.1338582677165 125.98425196850394 d’Outre

406.2992125984252 2354.3307086614172 302.3622047244094 116.53543307086615 Mr.
577.9527559055118 2354.3307086614172 258.26771653543307 116.53543307086615 et
707.0866141732283 2354.3307086614172 344.88188976377955 116.53543307086615 Mrs.
922.8346456692914 2354.3307086614172 388.9763779527559 116.53543307086615 Davis
1182.6771653543308 2354.3307086614172 518.1102362204724 116.53543307086615 estiment
1570.0787401574803 2354.3307086614172 302.3622047244094 116.53543307086615 que
1743.3070866141732 2354.3307086614172 258.26771653543307 116.53543307086615 la
1872.4409448818897 2354.3307086614172 388.9763779527559 116.53543307086615 salle
2088.1889763779527 2354.3307086614172 344.88188976377955 116.53543307086615 qu’ils

313.38582677165357 2475.5905511811025 440.9448818897638 113.38582677165354 offrent
633.0708661417323 2475.5905511811025 601.5748031496063 113.38582677165354 aujourd’hui
1114.9606299212599 2475.5905511811025 200.0 113.38582677165354 à
1195.275590551181 2475.5905511811025 240.9448818897638 113.38582677165354 la
1314.9606299212599 2475.5905511811025 401.5748031496063 113.38582677165354 France
1595.275590551181 2475.5905511811025 280.31496062992125 113.38582677165354 est
1755.9055118110236 2475.5905511811025 321.25984251968504 113.38582677165354 loin
1955.9055118110236 2475.5905511811025 401.5748031496063 113.38582677165354 d’être
2196.850393700787 2475.5905511811025 240.9448818897638 113.38582677165354 com-

318.1102362204724 2587.4015748031497 407.87401574803147 133.85826771653544 plète.
603.1496062992126 2587.4015748031497 244.09448818897638 133.85826771653544 Il
725.9842519685039 2587.4015748031497 285.03937007874015 133.85826771653544 est
889.7637795275591 2587.4015748031497 244.09448818897638 133.85826771653544 de
1011.0236220472441 2587.4015748031497 407.87401574803147 133.85826771653544 grands
1297.6377952755906 2587.4015748031497 325.98425196850394 133.85826771653544 noms
1500.7874015748032 2587.4015748031497 285.03937007874015 133.85826771653544 qui
1664.5669291338584 2587.4015748031497 612.5984251968504 133.85826771653544 s’imposent,
2113.3858267716537 2587.4015748031497 325.98425196850394 133.85826771653544 qu’ils

310.23622047244095 2711.8110236220473 305.51181102362204 127.55905511811024 ont
485.03937007874015 2711.8110236220473 392.12598425196853 127.55905511811024 tenté
746.4566929133858 2711.8110236220473 653.5433070866142 127.55905511811024 inutilement
1269.291338582677 2711.8110236220473 653.5433070866142 127.55905511811024 d’inscrire,
1792.1259842519685 2711.8110236220473 348.0314960629921 127.55905511811024 mais
2009.4488188976377 2711.8110236220473 436.2204724409449 127.55905511811024 qu’ils
2270.8661417322833 2711.8110236220473 174.8031496062992 127.55905511811024 ne

319.68503937007875 2837.7952755905512 511.81102362204723 99.21259842519684 renoncent
713.3858267716536 2837.7952755905512 275.59055118110234 99.21259842519684 pas
870.8661417322835 2837.7952755905512 196.8503937007874 99.21259842519684 à
949.6062992125984 2837.7952755905512 433.07086614173227 99.21259842519684 ajouter
1264.5669291338584 2837.7952755905512 236.2204724409449 99.21259842519684 au
1382.6771653543308 2837.7952755905512 433.07086614173227 99.21259842519684 présent
1696.0629921259842 2837.7952755905512 551.1811023622047 99.21259842519684 catalogue.
2129.1338582677167 2837.7952755905512 236.2204724409449 99.21259842519684 Il
2207.8740157480315 2837.7952755905512 236.2204724409449 99.21259842519684 faut

310.23622047244095 2952.755905511811 489.76377952755905 100.78740157480316 compter
666.1417322834645 2952.755905511811 311.81102362204723 100.78740157480316 sur
844.0944881889764 2952.755905511811 266.1417322834646 100.78740157480316 le
976.3779527559055 2952.755905511811 533.8582677165355 100.78740157480316 concours
1376.3779527559054 2952.755905511811 266.1417322834646 100.78740157480316 du
1510.236220472441 2952.755905511811 400.0 100.78740157480316 temps
1776.3779527559054 2952.755905511811 266.1417322834646 100.78740157480316 et
1910.236220472441 2952.755905511811 311.81102362204723 100.78740157480316 des
2044.0944881889764 2952.755905511811 400.0 100.78740157480316 circon-

314.96062992125985 3051.968503937008 461.4173228346457 102.36220472440945 stances
650.3937007874016 3051.968503937008 335.43307086614175 102.36220472440945 pour
859.8425196850394 3051.968503937008 544.8818897637796 102.36220472440945 découvrir
1280.3149606299212 3051.968503937008 292.9133858267717 102.36220472440945 des
1447.244094488189 3051.968503937008 502.3622047244094 102.36220472440945 ouvrages
1825.1968503937007 3051.968503937008 418.8976377952756 102.36220472440945 dignes
2118.1102362204724 3051.968503937008 251.96850393700788 102.36220472440945 de
2201.5748031496064 3051.968503937008 251.96850393700788 102.36220472440945 leur

324.40944881889766 3179.527559055118 614.1732283464567 124.40944881889764 réputation.
815.7480314960629 3179.527559055118 368.503937007874 124.40944881889764 Déjà,
1061.4173228346456 3179.527559055118 573.2283464566929 124.40944881889764 cependant,
1510.236220472441 3179.527559055118 286.61417322834643 124.40944881889764 les
1674.015748031496 3179.527559055118 573.2283464566929 124.40944881889764 principaux
2083.464566929134 3179.527559055118 368.503937007874 124.40944881889764 maîtres

316.53543307086613 3294.488188976378 310.23622047244095 96.06299212598425 qui
494.48818897637796 3294.488188976378 310.23622047244095 96.06299212598425 ont
670.8661417322835 3294.488188976378 444.09448818897636 96.06299212598425 dirigé
982.6771653543307 3294.488188976378 755.9055118110236 96.06299212598425 l’inspiration
1604.724409448819 3294.488188976378 755.9055118110236 96.06299212598425 contemporaine
2182.6771653543306 3294.488188976378 266.1417322834646 96.06299212598425 sont

330.70866141732284 3390.551181102362 600.0 140.15748031496062 représentés.
818.8976377952756 3390.551181102362 225.1968503937008 140.15748031496062 La
930.7086614173228 3390.551181102362 262.99212598425197 140.15748031496062 fin
1080.3149606299212 3390.551181102362 225.1968503937008 140.15748031496062 de
1193.7007874015749 3390.551181102362 225.1968503937008 140.15748031496062 la
1305.5118110236222 3390.551181102362 337.00787401574803 140.15748031496062 tâche
1530.708661417323 3390.551181102362 300.78740157480314 140.15748031496062 sera
1718.1102362204724 3390.551181102362 300.78740157480314 140.15748031496062 plus
1869.291338582677 3390.551181102362 300.78740157480314 140.15748031496062 aisée.
