2047 2743
182 340 373 84 préciation
475 340 186 84 est
582 340 160 84 si
662 340 213 84 près
795 340 160 84 de
875 340 186 84 son
982 340 240 84 cœur»
1141 340 186 84 des
1221 340 320 84 encourage-

187 429 234 60 ments
343 429 208 60 plus
473 429 338 60 efficaces
733 429 182 60 que
837 429 156 60 la
915 429 338 60 formation
1175 429 234 60 d’une
1305 429 234 60 galerie

186 491 434 76 personnelle;
538 491 190 76 car
647 491 163 76 ce
728 491 244 76 n’est
891 491 190 76 pas
999 491 217 76 leur
1134 491 379 76 collection
1405 491 136 76 que

194 562 162 79 Mr.
287 562 139 79 et
356 562 186 79 Mrs.
472 562 209 79 Davis
611 562 186 79 nous
727 562 278 79 offrent.
936 562 209 79 C’est
1075 562 139 79 la
1145 562 209 79 nôtre
1284 562 232 79 qu’ils
1423 562 116 79 ont

186 632 256 68 désiré
365 632 256 68 faire,
545 632 230 68 c’est
698 632 230 68 celle
851 632 179 68 que
954 632 281 68 réclame
1133 632 409 68 l’enseignement

182 703 358 71 esthétique
464 703 153 71 et
540 703 358 71 historique
821 703 153 71 de
898 703 230 71 notre
1051 703 281 71 Maison.
1230 703 307 71 L’intelli-

184 784 217 71 gent
320 784 299 71 amateur
537 784 190 71 n’a
646 784 190 71 pas
755 784 217 71 tenu
891 784 272 71 compte
1081 784 462 71 exclusivement
1434 784 109 71 de

187 849 172 72 ses
286 849 246 72 goûts;
458 849 148 72 il
532 849 123 72 a
581 849 320 72 sollicité
827 849 172 72 les
925 849 369 72 suggestions
1220 849 148 72 du
1269 849 271 72 Conserva-

195 917 229 85 teur,
347 917 153 85 il
424 917 127 85 a
474 917 229 85 voulu
627 917 305 85 procéder
856 917 204 85 avec
983 917 178 85 lui
1085 917 127 85 à
1136 917 153 85 un
1212 917 229 85 choix
1339 917 204 85 métho-

191 1005 230 56 dique
345 1005 153 56 de
421 1005 255 56 sujets
600 1005 485 56 représentatifs.
1009 1005 230 56 C’est
1162 1005 153 56 la
1239 1005 255 56 raison
1392 1005 153 56 pour

196 1065 313 75 laquelle,
437 1065 145 75 au
509 1065 193 75 lieu
630 1065 145 75 de
702 1065 145 75 se
774 1065 265 75 borner,
967 1065 217 75 ainsi
1111 1065 217 75 qu’il
1256 1065 145 75 en
1328 1065 217 75 avait
1449 1065 96 75 eu

196 1146 368 66 l’intention
491 1146 319 66 première,
737 1146 123 66 à
786 1146 147 66 la
859 1146 270 66 période
1056 1146 295 66 actuelle
1277 1146 147 66 de
1351 1146 147 66 la
1400 1146 147 66 pro-

194 1213 266 68 duction
387 1213 339 68 artistique
654 1213 315 68 anglaise,
896 1213 145 68 il
968 1213 169 68 n’a
1065 1213 169 68 pas
1162 1213 242 68 hésité
1331 1213 121 68 à
1355 1213 194 68 remon-

190 1281 186 71 ter
297 1281 292 71 jusqu’à
509 1281 159 71 la
589 1281 266 71 grande
775 1281 239 71 crise
934 1281 159 71 du
1014 1281 505 71 préraphaélisme,
1412 1281 133 71 qui

197 1359 320 82 inaugure,
443 1359 221 82 juste
591 1359 148 82 au
665 1359 246 82 milieu
837 1359 148 82 du
911 1359 246 82 siècle
1083 1359 295 82 dernier,
1304 1359 172 82 les
1378 1359 172 82 temps

196 1427 327 80 nouveaux
441 1427 163 80 de
523 1427 245 80 l’art
659 1427 463 80 d’Outre

258 1495 192 74 Mr.
367 1495 164 74 et
449 1495 219 74 Mrs.
586 1495 247 74 Davis
751 1495 329 74 estiment
997 1495 192 74 que
1107 1495 164 74 la
1189 1495 247 74 salle
1326 1495 219 74 qu’ils

199 1572 280 72 offrent
402 1572 382 72 aujourd’hui
708 1572 127 72 à
759 1572 153 72 la
835 1572 255 72 France
1013 1572 178 72 est
1115 1572 204 72 loin
1242 1572 255 72 d’être
1395 1572 153 72 com-

202 1643 259 85 plète.
383 1643 155 85 Il
461 1643 181 85 est
565 1643 155 85 de
642 1643 259 85 grands
824 1643 207 85 noms
953 1643 181 85 qui
1057 1643 389 85 s’imposent,
1342 1643 207 85 qu’ils

197 1722 194 81 ont
308 1722 249 81 tenté
474 1722 415 81 inutilement
806 1722 415 81 d’inscrire,
1138 1722 221 81 mais
1276 1722 277 81 qu’ils
1442 1722 111 81 ne

203 1802 325 63 renoncent
453 1802 175 63 pas
553 1802 125 63 à
603 1802 275 63 ajouter
803 1802 150 63 au
878 1802 275 63 présent
1077 1802 350 63 catalogue.
1352 1802 150 63 Il
1402 1802 150 63 faut

197 1875 311 64 compter
423 1875 198 64 sur
536 1875 169 64 le
620 1875 339 64 concours
874 1875 169 64 du
959 1875 254 64 temps
1128 1875 169 64 et
1213 1875 198 64 des
1298 1875 254 64 circon-

200 1938 293 65 stances
413 1938 213 65 pour
546 1938 346 65 découvrir
813 1938 186 65 des
919 1938 319 65 ouvrages
1159 1938 266 65 dignes
1345 1938 160 65 de
1398 1938 160 65 leur

206 2019 390 79 réputation.
518 2019 234 79 Déjà,
674 2019 364 79 cependant,
959 2019 182 79 les
1063 2019 364 79 principaux
1323 2019 234 79 maîtres

201 2092 197 61 qui
314 2092 197 61 ont
426 2092 282 61 dirigé
624 2092 480 61 l’inspiration
1019 2092 480 61 contemporaine
1386 2092 169 61 sont

210 2153 381 89 représentés.
520 2153 143 89 La
591 2153 167 89 fin
686 2153 143 89 de
758 2153 143 89 la
829 2153 214 89 tâche
972 2153 191 89 sera
1091 2153 191 89 plus
1187 2153 191 89 aisée.
