2054 2743
518 319 196 105 Dès
630 319 449 105 aujourd’hui,
995 319 365 105 l’appoint
1276 319 309 105 apporté
1500 319 196 105 par
1613 319 168 105 le
1669 319 140 105 Don

459 405 276 69 Edmund
653 405 249 69 Davis
819 405 138 69 à
874 405 194 69 nos
985 405 415 69 collections
1316 405 387 69 nationales
1620 405 138 69 a
1648 405 166 69 pour

457 470 302 86 résultat
683 470 151 86 de
758 470 276 86 doubler
960 470 151 86 la
1035 470 276 86 section
1236 470 377 86 britannique
1538 470 151 86 et
1613 470 151 86 de
1663 470 151 86 pré-

456 561 266 65 senter
643 561 160 65 au
723 561 266 65 public
909 561 319 65 français
1149 561 213 65 sous
1282 561 160 65 un
1361 561 213 65 jour
1495 561 160 65 un
1574 561 186 65 peu
1654 561 160 65 plus

456 612 274 82 complet
656 612 225 82 cette
805 612 225 82 école
955 612 225 82 assez
1080 612 424 82 exceptionnelle.

514 695 206 90 Car,
643 695 257 90 malgré
823 695 180 90 les
926 695 283 90 apports
1132 695 335 90 étrangers
1389 695 154 90 si
1466 695 309 90 nombreux
1672 695 129 90 qui

457 783 150 59 se
532 783 200 59 sont
657 783 274 59 infusés
856 783 150 59 en
931 783 224 59 elle,
1081 783 249 59 malgré
1255 783 150 59 le
1330 783 274 59 contact
1530 783 150 59 de
1604 783 200 59 plus
1704 783 100 59 en

458 831 208 95 plus
588 831 312 95 fréquent
822 831 208 95 avec
952 831 182 95 les
1056 831 286 95 centres
1265 831 156 95 du
1343 831 338 95 continent
1603 831 156 95 et
1655 831 156 95 plus

459 923 501 71 particulièrement
885 923 200 71 avec
1010 923 175 71 les
1110 923 250 71 foyers
1285 923 376 71 artistiques
1586 923 150 71 de
1636 923 175 71 notre

460 995 193 73 pays
581 995 169 73 où,
677 995 217 73 ainsi
822 995 169 73 que
918 995 145 73 le
991 995 338 73 démontrent
1256 995 169 73 les
1353 995 265 73 notices
1546 995 145 73 du
1594 995 217 73 présent

454 1073 352 72 catalogue,
730 1073 176 72 les
831 1073 251 72 jeunes
1007 1073 302 72 artistes
1233 1073 427 72 d’Angleterre,
1560 1073 251 72 d’Écosse

454 1128 148 69 et
528 1128 321 69 d’Irlande
775 1128 395 69 s’empressent
1096 1128 148 69 de
1170 1128 222 69 venir
1318 1128 247 69 puiser
1490 1128 222 69 leurs
1614 1128 197 69 ensei-

453 1208 353 76 gnements,
725 1208 299 76 l’École
942 1208 435 76 britannique,
1296 1208 190 76 par
1404 1208 190 76 une
1513 1208 245 76 vertu
1649 1208 163 76 spé-

455 1291 210 78 ciale
595 1291 117 78 à
641 1291 140 78 la
711 1291 210 78 race,
851 1291 280 78 absorbe,
1061 1291 303 78 assimile,
1295 1291 280 78 dénature
1505 1291 140 78 et
1575 1291 187 78 fait
1668 1291 140 78 pro-

456 1352 286 76 prement
664 1352 208 76 sien
794 1352 208 76 tout
924 1352 286 76 élément
1132 1352 364 76 extérieur;
1419 1352 208 76 elle
1549 1352 234 76 garde
1679 1352 130 76 son

456 1426 251 68 accent
632 1426 402 68 foncièrement
959 1426 251 68 local,
1134 1426 151 68 la
1210 1426 226 68 forte
1361 1426 251 68 saveur
1537 1426 151 68 du
1587 1426 226 68 terroir

455 1494 352 75 indigène,
726 1494 162 75 sa
807 1494 406 75 physionomie
1132 1494 325 75 toujours
1349 1494 460 75 reconnaissable,

456 1557 234 93 enfin,
619 1557 140 93 sa
689 1557 304 93 véritable
900 1557 327 93 originalité.

512 1652 258 75 Aussi,
693 1652 129 75 à
745 1652 207 75 côté
874 1652 181 75 des
977 1652 284 75 raisons
1184 1652 155 75 de
1261 1652 362 75 sympathie,
1546 1652 181 75 des
1623 1652 181 75 liens

452 1703 320 91 nombreux
692 1703 160 91 de
772 1703 346 91 sentiment
1038 1703 186 91 qui
1145 1703 213 91 nous
1278 1703 320 91 unissent
1518 1703 133 91 à
1545 1703 266 91 l’Angle-

454 1790 235 68 terre
611 1790 157 68 et
689 1790 183 68 qui
793 1790 209 68 nous
924 1790 313 68 engagent
1159 1790 131 68 à
1211 1790 261 68 entrer
1394 1790 209 68 plus
1525 1790 235 68 avant
1655 1790 157 68 dans

453 1859 160 69 la
533 1859 426 69 connaissance
880 1859 160 69 de
960 1859 186 69 ses
1066 1859 266 69 goûts,
1253 1859 160 69 de
1332 1859 186 69 ses
1439 1859 266 69 mœurs,
1626 1859 160 69 de
1679 1859 133 69 ses

458 1934 406 83 institutions,
792 1934 143 83 en
864 1934 143 83 un
935 1934 167 83 mot
1031 1934 143 83 de
1102 1934 286 83 l’esprit
1317 1934 143 83 de
1388 1934 143 83 sa
1436 1934 358 83 civilisation,

451 2018 276 73 esprit
644 2018 331 73 toujours
892 2018 165 73 si
975 2018 469 73 manifestement
1361 2018 276 73 accusé
1554 2018 221 73 dans
1664 2018 138 73 les

453 2077 217 70 arts,
598 2077 193 70 ceux
719 2077 169 70 qui
815 2077 362 70 s’attachent
1105 2077 387 70 spécialement
1419 2077 121 70 à
1468 2077 338 70 l’histoire
1709 2077 97 70 du

453 2154 443 101 développement
818 2154 182 101 des
922 2154 287 101 grandes
1130 2154 261 101 écoles
1313 2154 417 101 européennes,
1626 2154 182 101 trou
