3234.6456692913384 4319.685039370079
815.7480314960629 502.3622047244094 308.66141732283467 165.35433070866142 Dès
992.1259842519685 502.3622047244094 707.0866141732283 165.35433070866142 aujourd’hui,
1566.9291338582677 502.3622047244094 574.8031496062993 165.35433070866142 l’appoint
2009.4488188976377 502.3622047244094 486.61417322834643 165.35433070866142 apporté
2362.2047244094488 502.3622047244094 308.66141732283467 165.35433070866142 par
2540.1574803149606 502.3622047244094 264.56692913385825 165.35433070866142 le
2628.3464566929133 502.3622047244094 220.4724409448819 165.35433070866142 Don

722.8346456692914 637.7952755905512 434.6456692913386 108.66141732283465 Edmund
1028.3464566929133 637.7952755905512 392.12598425196853 108.66141732283465 Davis
1289.763779527559 637.7952755905512 217.3228346456693 108.66141732283465 à
1376.3779527559054 637.7952755905512 305.51181102362204 108.66141732283465 nos
1551.1811023622047 637.7952755905512 653.5433070866142 108.66141732283465 collections
2072.4409448818897 637.7952755905512 609.4488188976378 108.66141732283465 nationales
2551.181102362205 637.7952755905512 217.3228346456693 108.66141732283465 a
2595.2755905511813 637.7952755905512 261.4173228346457 108.66141732283465 pour

719.6850393700787 740.1574803149606 475.59055118110234 135.43307086614172 résultat
1075.5905511811025 740.1574803149606 237.79527559055117 135.43307086614172 de
1193.7007874015749 740.1574803149606 434.6456692913386 135.43307086614172 doubler
1511.8110236220473 740.1574803149606 237.79527559055117 135.43307086614172 la
1629.9212598425197 740.1574803149606 434.6456692913386 135.43307086614172 section
1946.4566929133857 740.1574803149606 593.7007874015748 135.43307086614172 britannique
2422.047244094488 740.1574803149606 237.79527559055117 135.43307086614172 et
2540.1574803149606 740.1574803149606 237.79527559055117 135.43307086614172 de
2618.8976377952754 740.1574803149606 237.79527559055117 135.43307086614172 pré-

718.1102362204724 883.4645669291339 418.8976377952756 102.36220472440945 senter
1012.5984251968504 883.4645669291339 251.96850393700788 102.36220472440945 au
1138.5826771653544 883.4645669291339 418.8976377952756 102.36220472440945 public
1431.4960629921259 883.4645669291339 502.3622047244094 102.36220472440945 français
1809.4488188976377 883.4645669291339 335.43307086614175 102.36220472440945 sous
2018.8976377952756 883.4645669291339 251.96850393700788 102.36220472440945 un
2143.3070866141734 883.4645669291339 335.43307086614175 102.36220472440945 jour
2354.3307086614172 883.4645669291339 251.96850393700788 102.36220472440945 un
2478.740157480315 883.4645669291339 292.9133858267717 102.36220472440945 peu
2604.7244094488187 883.4645669291339 251.96850393700788 102.36220472440945 plus

718.1102362204724 963.7795275590552 431.496062992126 129.13385826771653 complet
1033.0708661417323 963.7795275590552 354.3307086614173 129.13385826771653 cette
1267.716535433071 963.7795275590552 354.3307086614173 129.13385826771653 école
1503.9370078740158 963.7795275590552 354.3307086614173 129.13385826771653 assez
1700.7874015748032 963.7795275590552 667.7165354330708 129.13385826771653 exceptionnelle.

809.4488188976378 1094.4881889763778 324.40944881889766 141.73228346456693 Car,
1012.5984251968504 1094.4881889763778 404.7244094488189 141.73228346456693 malgré
1296.0629921259842 1094.4881889763778 283.46456692913387 141.73228346456693 les
1458.267716535433 1094.4881889763778 445.6692913385827 141.73228346456693 apports
1782.6771653543308 1094.4881889763778 527.5590551181102 141.73228346456693 étrangers
2187.4015748031497 1094.4881889763778 242.51968503937007 141.73228346456693 si
2308.6614173228345 1094.4881889763778 486.61417322834643 141.73228346456693 nombreux
2633.0708661417325 1094.4881889763778 203.1496062992126 141.73228346456693 qui

719.6850393700787 1233.0708661417323 236.2204724409449 92.91338582677166 se
837.7952755905512 1233.0708661417323 314.96062992125985 92.91338582677166 sont
1034.6456692913387 1233.0708661417323 431.496062992126 92.91338582677166 infusés
1348.0314960629921 1233.0708661417323 236.2204724409449 92.91338582677166 en
1466.1417322834645 1233.0708661417323 352.755905511811 92.91338582677166 elle,
1702.3622047244094 1233.0708661417323 392.12598425196853 92.91338582677166 malgré
1976.3779527559054 1233.0708661417323 236.2204724409449 92.91338582677166 le
2094.488188976378 1233.0708661417323 431.496062992126 92.91338582677166 contact
2409.448818897638 1233.0708661417323 236.2204724409449 92.91338582677166 de
2525.984251968504 1233.0708661417323 314.96062992125985 92.91338582677166 plus
2683.464566929134 1233.0708661417323 157.48031496062993 92.91338582677166 en

721.2598425196851 1308.6614173228347 327.5590551181102 149.60629921259843 plus
925.9842519685039 1308.6614173228347 491.33858267716533 149.60629921259843 fréquent
1294.4881889763778 1308.6614173228347 327.5590551181102 149.60629921259843 avec
1499.2125984251968 1308.6614173228347 286.61417322834643 149.60629921259843 les
1662.992125984252 1308.6614173228347 450.3937007874016 149.60629921259843 centres
1992.1259842519685 1308.6614173228347 245.66929133858267 149.60629921259843 du
2114.9606299212596 1308.6614173228347 532.2834645669292 149.60629921259843 continent
2524.4094488188975 1308.6614173228347 245.66929133858267 149.60629921259843 et
2606.299212598425 1308.6614173228347 245.66929133858267 149.60629921259843 plus

722.8346456692914 1453.5433070866143 788.9763779527559 111.81102362204724 particulièrement
1393.7007874015749 1453.5433070866143 314.96062992125985 111.81102362204724 avec
1590.5511811023623 1453.5433070866143 275.59055118110234 111.81102362204724 les
1748.0314960629921 1453.5433070866143 393.7007874015748 111.81102362204724 foyers
2023.6220472440946 1453.5433070866143 592.1259842519685 111.81102362204724 artistiques
2497.6377952755906 1453.5433070866143 236.2204724409449 111.81102362204724 de
2576.3779527559054 1453.5433070866143 275.59055118110234 111.81102362204724 notre

724.4094488188977 1566.9291338582677 303.93700787401576 114.96062992125984 pays
914.9606299212599 1566.9291338582677 266.1417322834646 114.96062992125984 où,
1066.1417322834645 1566.9291338582677 341.73228346456693 114.96062992125984 ainsi
1294.4881889763778 1566.9291338582677 266.1417322834646 114.96062992125984 que
1445.6692913385828 1566.9291338582677 228.3464566929134 114.96062992125984 le
1560.6299212598426 1566.9291338582677 532.2834645669292 114.96062992125984 démontrent
1977.9527559055118 1566.9291338582677 266.1417322834646 114.96062992125984 les
2130.7086614173227 1566.9291338582677 417.3228346456693 114.96062992125984 notices
2434.6456692913384 1566.9291338582677 228.3464566929134 114.96062992125984 du
2510.236220472441 1566.9291338582677 341.73228346456693 114.96062992125984 présent

714.9606299212599 1689.763779527559 554.3307086614174 113.38582677165354 catalogue,
1149.6062992125985 1689.763779527559 277.1653543307087 113.38582677165354 les
1308.6614173228347 1689.763779527559 395.2755905511811 113.38582677165354 jeunes
1585.8267716535433 1689.763779527559 475.59055118110234 113.38582677165354 artistes
1941.732283464567 1689.763779527559 672.4409448818898 113.38582677165354 d’Angleterre,
2456.6929133858266 1689.763779527559 395.2755905511811 113.38582677165354 d’Écosse

714.9606299212599 1776.3779527559054 233.0708661417323 108.66141732283465 et
831.496062992126 1776.3779527559054 505.51181102362204 108.66141732283465 d’Irlande
1220.4724409448818 1776.3779527559054 622.0472440944882 108.66141732283465 s’empressent
1725.984251968504 1776.3779527559054 233.0708661417323 108.66141732283465 de
1842.5196850393702 1776.3779527559054 349.6062992125984 108.66141732283465 venir
2075.5905511811025 1776.3779527559054 388.9763779527559 108.66141732283465 puiser
2346.4566929133857 1776.3779527559054 349.6062992125984 108.66141732283465 leurs
2541.732283464567 1776.3779527559054 310.23622047244095 108.66141732283465 ensei-

713.3858267716536 1902.3622047244094 555.9055118110236 119.68503937007874 gnements,
1141.732283464567 1902.3622047244094 470.86614173228344 119.68503937007874 l’École
1483.4645669291338 1902.3622047244094 685.0393700787401 119.68503937007874 britannique,
2040.9448818897638 1902.3622047244094 299.21259842519686 119.68503937007874 par
2211.0236220472443 1902.3622047244094 299.21259842519686 119.68503937007874 une
2382.6771653543306 1902.3622047244094 385.8267716535433 119.68503937007874 vertu
2596.850393700787 1902.3622047244094 256.6929133858268 119.68503937007874 spé-

716.5354330708661 2033.0708661417323 330.70866141732284 122.83464566929133 ciale
937.007874015748 2033.0708661417323 184.251968503937 122.83464566929133 à
1009.4488188976378 2033.0708661417323 220.4724409448819 122.83464566929133 la
1119.6850393700788 2033.0708661417323 330.70866141732284 122.83464566929133 race,
1340.1574803149606 2033.0708661417323 440.9448818897638 122.83464566929133 absorbe,
1670.8661417322835 2033.0708661417323 477.1653543307087 122.83464566929133 assimile,
2039.3700787401574 2033.0708661417323 440.9448818897638 122.83464566929133 dénature
2370.0787401574803 2033.0708661417323 220.4724409448819 122.83464566929133 et
2480.314960629921 2033.0708661417323 294.48818897637796 122.83464566929133 fait
2626.771653543307 2033.0708661417323 220.4724409448819 122.83464566929133 pro-

718.1102362204724 2129.1338582677167 450.3937007874016 119.68503937007874 prement
1045.6692913385828 2129.1338582677167 327.5590551181102 119.68503937007874 sien
1250.3937007874015 2129.1338582677167 327.5590551181102 119.68503937007874 tout
1455.1181102362204 2129.1338582677167 450.3937007874016 119.68503937007874 élément
1782.6771653543308 2129.1338582677167 573.2283464566929 119.68503937007874 extérieur;
2234.6456692913384 2129.1338582677167 327.5590551181102 119.68503937007874 elle
2439.3700787401576 2129.1338582677167 368.503937007874 119.68503937007874 garde
2644.0944881889764 2129.1338582677167 204.7244094488189 119.68503937007874 son

718.1102362204724 2245.6692913385828 395.2755905511811 107.08661417322834 accent
995.2755905511812 2245.6692913385828 633.0708661417323 107.08661417322834 foncièrement
1510.236220472441 2245.6692913385828 395.2755905511811 107.08661417322834 local,
1785.8267716535433 2245.6692913385828 237.79527559055117 107.08661417322834 la
1905.5118110236222 2245.6692913385828 355.90551181102364 107.08661417322834 forte
2143.3070866141734 2245.6692913385828 395.2755905511811 107.08661417322834 saveur
2420.472440944882 2245.6692913385828 237.79527559055117 107.08661417322834 du
2499.212598425197 2245.6692913385828 355.90551181102364 107.08661417322834 terroir

716.5354330708661 2352.755905511811 554.3307086614174 118.11023622047244 indigène,
1143.3070866141732 2352.755905511811 255.11811023622047 118.11023622047244 sa
1270.8661417322835 2352.755905511811 639.3700787401575 118.11023622047244 physionomie
1782.6771653543308 2352.755905511811 511.81102362204723 118.11023622047244 toujours
2124.4094488188975 2352.755905511811 724.4094488188977 118.11023622047244 reconnaissable,

718.1102362204724 2451.968503937008 368.503937007874 146.45669291338584 enfin,
974.8031496062993 2451.968503937008 220.4724409448819 146.45669291338584 sa
1085.0393700787401 2451.968503937008 478.74015748031496 146.45669291338584 véritable
1417.3228346456692 2451.968503937008 514.9606299212599 146.45669291338584 originalité.

806.2992125984252 2601.5748031496064 406.2992125984252 118.11023622047244 Aussi,
1091.3385826771653 2601.5748031496064 203.1496062992126 118.11023622047244 à
1173.2283464566929 2601.5748031496064 325.98425196850394 118.11023622047244 côté
1376.3779527559054 2601.5748031496064 285.03937007874015 118.11023622047244 des
1538.5826771653544 2601.5748031496064 447.244094488189 118.11023622047244 raisons
1864.5669291338584 2601.5748031496064 244.09448818897638 118.11023622047244 de
1985.8267716535433 2601.5748031496064 570.0787401574803 118.11023622047244 sympathie,
2434.6456692913384 2601.5748031496064 285.03937007874015 118.11023622047244 des
2555.9055118110236 2601.5748031496064 285.03937007874015 118.11023622047244 liens

711.8110236220473 2681.8897637795276 503.93700787401576 143.30708661417322 nombreux
1089.763779527559 2681.8897637795276 251.96850393700788 143.30708661417322 de
1215.748031496063 2681.8897637795276 544.8818897637796 143.30708661417322 sentiment
1634.6456692913387 2681.8897637795276 292.9133858267717 143.30708661417322 qui
1803.1496062992126 2681.8897637795276 335.43307086614175 143.30708661417322 nous
2012.5984251968505 2681.8897637795276 503.93700787401576 143.30708661417322 unissent
2390.551181102362 2681.8897637795276 209.4488188976378 143.30708661417322 à
2433.0708661417325 2681.8897637795276 418.8976377952756 143.30708661417322 l’Angle-

714.9606299212599 2818.8976377952754 370.0787401574803 107.08661417322834 terre
962.2047244094488 2818.8976377952754 247.24409448818898 107.08661417322834 et
1085.0393700787401 2818.8976377952754 288.18897637795277 107.08661417322834 qui
1248.8188976377953 2818.8976377952754 329.13385826771656 107.08661417322834 nous
1455.1181102362204 2818.8976377952754 492.9133858267717 107.08661417322834 engagent
1825.1968503937007 2818.8976377952754 206.29921259842519 107.08661417322834 à
1907.0866141732283 2818.8976377952754 411.0236220472441 107.08661417322834 entrer
2195.2755905511813 2818.8976377952754 329.13385826771656 107.08661417322834 plus
2401.5748031496064 2818.8976377952754 370.0787401574803 107.08661417322834 avant
2606.299212598425 2818.8976377952754 247.24409448818898 107.08661417322834 dans

713.3858267716536 2927.5590551181103 251.96850393700788 108.66141732283465 la
839.3700787401575 2927.5590551181103 670.8661417322835 108.66141732283465 connaissance
1385.8267716535433 2927.5590551181103 251.96850393700788 108.66141732283465 de
1511.8110236220473 2927.5590551181103 292.9133858267717 108.66141732283465 ses
1678.740157480315 2927.5590551181103 418.8976377952756 108.66141732283465 goûts,
1973.2283464566929 2927.5590551181103 251.96850393700788 108.66141732283465 de
2097.6377952755906 2927.5590551181103 292.9133858267717 108.66141732283465 ses
2266.1417322834645 2927.5590551181103 418.8976377952756 108.66141732283465 mœurs,
2560.6299212598424 2927.5590551181103 251.96850393700788 108.66141732283465 de
2644.0944881889764 2927.5590551181103 209.4488188976378 108.66141732283465 ses

721.2598425196851 3045.6692913385828 639.3700787401575 130.70866141732284 institutions,
1247.244094488189 3045.6692913385828 225.1968503937008 130.70866141732284 en
1360.6299212598426 3045.6692913385828 225.1968503937008 130.70866141732284 un
1472.4409448818897 3045.6692913385828 262.99212598425197 130.70866141732284 mot
1623.6220472440946 3045.6692913385828 225.1968503937008 130.70866141732284 de
1735.4330708661416 3045.6692913385828 450.3937007874016 130.70866141732284 l’esprit
2074.015748031496 3045.6692913385828 225.1968503937008 130.70866141732284 de
2185.8267716535433 3045.6692913385828 225.1968503937008 130.70866141732284 sa
2261.417322834646 3045.6692913385828 563.7795275590552 130.70866141732284 civilisation,

710.2362204724409 3177.952755905512 434.6456692913386 114.96062992125984 esprit
1014.1732283464567 3177.952755905512 521.2598425196851 114.96062992125984 toujours
1404.724409448819 3177.952755905512 259.84251968503935 114.96062992125984 si
1535.4330708661416 3177.952755905512 738.5826771653543 114.96062992125984 manifestement
2143.3070866141734 3177.952755905512 434.6456692913386 114.96062992125984 accusé
2447.244094488189 3177.952755905512 348.0314960629921 114.96062992125984 dans
2620.472440944882 3177.952755905512 217.3228346456693 114.96062992125984 les

713.3858267716536 3270.8661417322833 341.73228346456693 110.23622047244095 arts,
941.7322834645669 3270.8661417322833 303.93700787401576 110.23622047244095 ceux
1132.283464566929 3270.8661417322833 266.1417322834646 110.23622047244095 qui
1283.4645669291338 3270.8661417322833 570.0787401574803 110.23622047244095 s’attachent
1740.1574803149606 3270.8661417322833 609.4488188976378 110.23622047244095 spécialement
2234.6456692913384 3270.8661417322833 190.5511811023622 110.23622047244095 à
2311.8110236220473 3270.8661417322833 532.2834645669292 110.23622047244095 l’histoire
2691.3385826771655 3270.8661417322833 152.75590551181102 110.23622047244095 du

713.3858267716536 3392.1259842519685 697.6377952755905 159.0551181102362 développement
1288.1889763779527 3392.1259842519685 286.61417322834643 159.0551181102362 des
1451.9685039370079 3392.1259842519685 451.9685039370079 159.0551181102362 grandes
1779.5275590551182 3392.1259842519685 411.0236220472441 159.0551181102362 écoles
2067.716535433071 3392.1259842519685 656.6929133858267 159.0551181102362 européennes,
2560.6299212598424 3392.1259842519685 286.61417322834643 159.0551181102362 trou
