3242.51968503937 4324.4094488188975
862.992125984252 738.5826771653543 422.0472440944882 138.58267716535434 ADAMS
1179.5275590551182 738.5826771653543 422.0472440944882 138.58267716535434 (William
1461.4173228346456 738.5826771653543 492.9133858267717 138.58267716535434 Dacres).

422.0472440944882 1023.6220472440945 231.49606299212599 129.13385826771653 Né
538.5826771653543 1023.6220472440945 193.70078740157481 129.13385826771653 à
615.7480314960629 1023.6220472440945 541.7322834645669 129.13385826771653 Wotringham
1042.5196850393702 1023.6220472440945 231.49606299212599 129.13385826771653 en
1157.4803149606298 1023.6220472440945 348.0314960629921 129.13385826771653 1864;
1390.5511811023623 1023.6220472440945 270.86614173228344 129.13385826771653 fit
1544.8818897637796 1023.6220472440945 270.86614173228344 129.13385826771653 des
1699.2125984251968 1023.6220472440945 387.40157480314963 129.13385826771653 études
1971.6535433070867 1023.6220472440945 541.7322834645669 129.13385826771653 classiques
2357.48031496063 1023.6220472440945 116.53543307086615 129.13385826771653 à

335.43307086614175 1141.732283464567 442.5196850393701 100.78740157480316 Oxford,
658.2677165354331 1141.732283464567 403.1496062992126 100.78740157480316 Exeter
940.1574803149606 1141.732283464567 483.46456692913387 100.78740157480316 College,
1302.3622047244094 1141.732283464567 322.8346456692913 100.78740157480316 puis
1503.9370078740158 1141.732283464567 281.8897637795276 100.78740157480316 fut
1664.5669291338584 1141.732283464567 403.1496062992126 100.78740157480316 envoyé
1948.0314960629921 1141.732283464567 201.5748031496063 100.78740157480316 à
1987.4015748031495 1141.732283464567 483.46456692913387 100.78740157480316 Birmingham

340.15748031496065 1242.5196850393702 299.21259842519686 111.81102362204724 pour
527.5590551181102 1242.5196850393702 337.00787401574803 111.81102362204724 faire
752.7559055118111 1242.5196850393702 262.99212598425197 111.81102362204724 son
902.3622047244095 1242.5196850393702 374.8031496062992 111.81102362204724 droit,
1165.3543307086613 1242.5196850393702 299.21259842519686 111.81102362204724 mais
1352.755905511811 1242.5196850393702 225.1968503937008 111.81102362204724 il
1464.5669291338584 1242.5196850393702 486.61417322834643 111.81102362204724 abandonna
1839.3700787401574 1242.5196850393702 262.99212598425197 111.81102362204724 les
1990.5511811023623 1242.5196850393702 374.8031496062992 111.81102362204724 études
2214.1732283464567 1242.5196850393702 262.99212598425197 111.81102362204724 juri-

344.88188976377955 1344.8818897637796 348.0314960629921 116.53543307086615 diques
588.9763779527559 1344.8818897637796 278.74015748031496 116.53543307086615 pour
762.2047244094488 1344.8818897637796 348.0314960629921 116.53543307086615 entrer
1006.2992125984252 1344.8818897637796 174.8031496062992 116.53543307086615 à
1077.1653543307086 1344.8818897637796 382.6771653543307 116.53543307086615 l’école
1355.9055118110236 1344.8818897637796 313.38582677165357 116.53543307086615 d’art
1565.3543307086613 1344.8818897637796 209.4488188976378 116.53543307086615 de
1669.291338582677 1344.8818897637796 209.4488188976378 116.53543307086615 la
1773.2283464566929 1344.8818897637796 278.74015748031496 116.53543307086615 même
1948.0314960629921 1344.8818897637796 313.38582677165357 116.53543307086615 ville
2157.48031496063 1344.8818897637796 209.4488188976378 116.53543307086615 en
2226.771653543307 1344.8818897637796 244.09448818897638 116.53543307086615 1884.

423.62204724409446 1448.8188976377953 250.39370078740157 132.28346456692913 De
549.6062992125984 1448.8188976377953 626.7716535433071 132.28346456692913 Birmingham,
1051.9685039370079 1448.8188976377953 250.39370078740157 132.28346456692913 il
1176.3779527559054 1448.8188976377953 333.8582677165354 132.28346456692913 alla
1385.8267716535433 1448.8188976377953 543.3070866141733 132.28346456692913 s’établir
1803.1496062992126 1448.8188976377953 209.4488188976378 132.28346456692913 à
1886.6141732283465 1448.8188976377953 459.84251968503935 132.28346456692913 Bushey,
2222.047244094488 1448.8188976377953 250.39370078740157 132.28346456692913 où
2305.511811023622 1448.8188976377953 166.9291338582677 132.28346456692913 il

337.00787401574803 1554.3307086614172 395.2755905511811 103.93700787401575 étudia
614.1732283464567 1554.3307086614172 237.79527559055117 103.93700787401575 de
732.2834645669292 1554.3307086614172 316.53543307086613 103.93700787401575 1886
930.7086614173228 1554.3307086614172 198.4251968503937 103.93700787401575 à
1009.4488188976378 1554.3307086614172 316.53543307086613 103.93700787401575 1890
1207.8740157480315 1554.3307086614172 316.53543307086613 103.93700787401575 sous
1404.724409448819 1554.3307086614172 237.79527559055117 103.93700787401575 la
1524.4094488188975 1554.3307086614172 514.9606299212599 103.93700787401575 direction
1919.6850393700788 1554.3307086614172 237.79527559055117 103.93700787401575 du
1998.4251968503936 1554.3307086614172 475.59055118110234 103.93700787401575 professeur

338.5826771653543 1674.015748031496 379.5275590551181 89.76377952755905 Hubert
604.7244094488188 1674.015748031496 266.1417322834646 89.76377952755905 von
755.9055118110236 1674.015748031496 494.48818897637796 89.76377952755905 Herkomer.
1137.007874015748 1674.015748031496 228.3464566929134 89.76377952755905 Il
1250.3937007874015 1674.015748031496 494.48818897637796 89.76377952755905 travailla
1631.4960629921259 1674.015748031496 418.8976377952756 89.76377952755905 ensuite
1935.4330708661416 1674.015748031496 418.8976377952756 89.76377952755905 quelque
2201.5748031496064 1674.015748031496 266.1417322834646 89.76377952755905 temps

337.00787401574803 1763.7795275590552 184.251968503937 125.98425196850394 à
409.4488188976378 1763.7795275590552 406.2992125984252 125.98425196850394 Munich.
705.511811023622 1763.7795275590552 222.04724409448818 125.98425196850394 Il
815.7480314960629 1763.7795275590552 368.503937007874 125.98425196850394 exposa
1074.015748031496 1763.7795275590552 294.48818897637796 125.98425196850394 pour
1258.267716535433 1763.7795275590552 222.04724409448818 125.98425196850394 la
1368.5039370078741 1763.7795275590552 442.5196850393701 125.98425196850394 première
1700.7874015748032 1763.7795275590552 294.48818897637796 125.98425196850394 fois
1885.0393700787401 1763.7795275590552 184.251968503937 125.98425196850394 à
1959.0551181102362 1763.7795275590552 222.04724409448818 125.98425196850394 la
2069.2913385826773 1763.7795275590552 332.2834645669291 125.98425196850394 Royal
2253.5433070866143 1763.7795275590552 222.04724409448818 125.98425196850394 Aca-

335.43307086614175 1869.291338582677 316.53543307086613 111.81102362204724 demy
533.8582677165355 1869.291338582677 237.79527559055117 111.81102362204724 en
651.9685039370079 1869.291338582677 355.90551181102364 111.81102362204724 1889.
889.7637795275591 1869.291338582677 355.90551181102364 111.81102362204724 Adams
1127.5590551181103 1869.291338582677 277.1653543307087 111.81102362204724 fut
1285.0393700787401 1869.291338582677 514.9606299212599 111.81102362204724 influencé
1681.8897637795276 1869.291338582677 198.4251968503937 111.81102362204724 à
1760.6299212598426 1869.291338582677 514.9606299212599 111.81102362204724 l’origine
2157.48031496063 1869.291338582677 277.1653543307087 111.81102362204724 par
2275.5905511811025 1869.291338582677 198.4251968503937 111.81102362204724 les

335.43307086614175 2000.0 711.8110236220473 102.36220472440945 préraphaélites,
935.4330708661417 2000.0 486.61417322834643 102.36220472440945 Rossetti,
1310.236220472441 2000.0 412.59842519685037 102.36220472440945 William
1609.4488188976377 2000.0 374.8031496062992 102.36220472440945 Morris
1870.8661417322835 2000.0 225.1968503937008 102.36220472440945 et
1984.251968503937 2000.0 337.00787401574803 102.36220472440945 Burne
2171.6535433070867 2000.0 299.21259842519686 102.36220472440945 Jones,

341.73228346456693 2096.0629921259842 248.8188976377953 105.51181102362204 qui
485.03937007874015 2096.0629921259842 390.5511811023622 105.51181102362204 étaient
768.503937007874 2096.0629921259842 248.8188976377953 105.51181102362204 des
910.2362204724409 2096.0629921259842 461.4173228346457 105.51181102362204 camarades
1266.1417322834645 2096.0629921259842 212.5984251968504 105.51181102362204 de
1373.2283464566929 2096.0629921259842 390.5511811023622 105.51181102362204 collège
1656.6929133858268 2096.0629921259842 212.5984251968504 105.51181102362204 de
1763.7795275590552 2096.0629921259842 248.8188976377953 105.51181102362204 son
1905.5118110236222 2096.0629921259842 283.46456692913387 105.51181102362204 père
2083.464566929134 2096.0629921259842 212.5984251968504 105.51181102362204 et
2154.3307086614172 2096.0629921259842 319.68503937007875 105.51181102362204 étaient

338.5826771653543 2190.551181102362 354.3307086614173 110.23622047244095 restés
587.4015748031496 2190.551181102362 248.8188976377953 110.23622047244095 ses
729.1338582677165 2190.551181102362 319.68503937007875 110.23622047244095 amis.
943.3070866141733 2190.551181102362 177.95275590551182 110.23622047244095 —
1014.1732283464567 2190.551181102362 497.6377952755906 110.23622047244095 Portraits;
1404.724409448819 2190.551181102362 354.3307086614173 110.23622047244095 sujets
1653.5433070866143 2190.551181102362 390.5511811023622 110.23622047244095 divers.
1937.007874015748 2190.551181102362 426.7716535433071 110.23622047244095 Tableaux
2220.472440944882 2190.551181102362 248.8188976377953 110.23622047244095 prin-

349.6062992125984 2289.763779527559 310.23622047244095 114.96062992125984 cipaux:
574.8031496062993 2289.763779527559 281.8897637795276 114.96062992125984 The
773.2283464566929 2289.763779527559 423.62204724409446 114.96062992125984 Tomist;
1111.8110236220473 2289.763779527559 281.8897637795276 114.96062992125984 The
1308.6614173228347 2289.763779527559 225.1968503937008 114.96062992125984 Park
1448.8188976377953 2289.763779527559 395.2755905511811 114.96062992125984 Gales;
1759.0551181102362 2289.763779527559 253.54330708661416 114.96062992125984 St
1929.1338582677165 2289.763779527559 281.8897637795276 114.96062992125984 Magnus
2097.6377952755906 2289.763779527559 366.92913385826773 114.96062992125984 Church.

1122.8346456692914 2574.803149606299 234.64566929133858 119.68503937007874 1.
1253.5433070866143 2574.803149606299 392.12598425196853 119.68503937007874 Amoureux.

1037.7952755905512 2707.0866141732286 184.251968503937 185.82677165354332 H.
1129.1338582677165 2707.0866141732286 152.75590551181102 185.82677165354332 :
1190.5511811023623 2707.0866141732286 184.251968503937 185.82677165354332 0,
1281.8897637795276 2707.0866141732286 214.17322834645668 185.82677165354332 62;
1404.724409448819 2707.0866141732286 184.251968503937 185.82677165354332 L.
1497.6377952755906 2707.0866141732286 152.75590551181102 185.82677165354332 :
1559.0551181102362 2707.0866141732286 184.251968503937 185.82677165354332 0,
1620.4724409448818 2707.0866141732286 152.75590551181102 185.82677165354332 50.

425.1968503937008 2916.535433070866 239.37007874015748 108.66141732283465 Dans
574.8031496062993 2916.535433070866 179.5275590551181 108.66141732283465 un
664.5669291338583 2916.535433070866 239.37007874015748 108.66141732283465 parc
814.1732283464567 2916.535433070866 239.37007874015748 108.66141732283465 dont
965.3543307086615 2916.535433070866 209.4488188976378 108.66141732283465 les
1085.0393700787401 2916.535433070866 239.37007874015748 108.66141732283465 fûts
1234.6456692913387 2916.535433070866 359.0551181102362 108.66141732283465 laissent
1503.9370078740158 2916.535433070866 239.37007874015748 108.66141732283465 voir
1653.5433070866143 2916.535433070866 179.5275590551181 108.66141732283465 le
1743.3070866141732 2916.535433070866 239.37007874015748 108.66141732283465 ciel
1892.9133858267717 2916.535433070866 299.21259842519686 108.66141732283465 étoilé
2103.9370078740158 2916.535433070866 179.5275590551181 108.66141732283465 de
2193.700787401575 2916.535433070866 179.5275590551181 108.66141732283465 la
2253.5433070866143 2916.535433070866 209.4488188976378 108.66141732283465 nuit,

337.00787401574803 3036.220472440945 226.77165354330708 77.16535433070867 en
450.3937007874016 3036.220472440945 341.73228346456693 77.16535433070867 avant
678.7401574803149 3036.220472440945 341.73228346456693 77.16535433070867 d’une
905.511811023622 3036.220472440945 455.11811023622045 77.16535433070867 fontaine
1247.244094488189 3036.220472440945 266.1417322834646 77.16535433070867 aux
1398.4251968503936 3036.220472440945 417.3228346456693 77.16535433070867 vasques
1702.3622047244094 3036.220472440945 226.77165354330708 77.16535433070867 de
1815.748031496063 3036.220472440945 417.3228346456693 77.16535433070867 marbre,
2118.1102362204724 3036.220472440945 226.77165354330708 77.16535433070867 un
2193.700787401575 3036.220472440945 266.1417322834646 77.16535433070867 jeune

340.15748031496065 3107.0866141732286 313.38582677165357 111.81102362204724 homme
548.0314960629921 3107.0866141732286 313.38582677165357 111.81102362204724 tient
757.4803149606299 3107.0866141732286 451.9685039370079 111.81102362204724 embrassée
1105.5118110236222 3107.0866141732286 348.0314960629921 111.81102362204724 contre
1348.0314960629921 3107.0866141732286 209.4488188976378 111.81102362204724 sa
1453.5433070866143 3107.0866141732286 417.3228346456693 111.81102362204724 poitrine
1765.3543307086613 3107.0866141732286 244.09448818897638 111.81102362204724 une
1905.5118110236222 3107.0866141732286 313.38582677165357 111.81102362204724 jeune
2113.3858267716537 3107.0866141732286 313.38582677165357 111.81102362204724 femme
2288.1889763779527 3107.0866141732286 173.22834645669292 111.81102362204724 aux

337.00787401574803 3212.5984251968503 393.7007874015748 110.23622047244095 cheveux
587.4015748031496 3212.5984251968503 250.39370078740157 110.23622047244095 roux.

423.62204724409446 3357.48031496063 251.96850393700788 177.95275590551182 Signé
592.1259842519685 3357.48031496063 168.50393700787401 177.95275590551182 en
675.5905511811023 3357.48031496063 223.6220472440945 177.95275590551182 bas,
815.7480314960629 3357.48031496063 140.15748031496062 177.95275590551182 à
872.4409448818898 3357.48031496063 308.66141732283467 177.95275590551182 droite,
1096.0629921259842 3357.48031496063 251.96850393700788 177.95275590551182 W.
1264.5669291338584 3357.48031496063 168.50393700787401 177.95275590551182 D.
1321.259842519685 3357.48031496063 335.43307086614175 177.95275590551182 Adams.

1327.5590551181103 3551.181102362205 198.4251968503937 140.15748031496062 —
1406.2992125984251 3551.181102362205 237.79527559055117 140.15748031496062 17
1486.6141732283465 3551.181102362205 119.68503937007874 140.15748031496062 —
