3253.5433070866143 4319.685039370079
1285.0393700787401 571.6535433070866 555.9055118110236 154.33070866141733 BEARDSLEY
1702.3622047244094 571.6535433070866 521.2598425196851 154.33070866141733 (Aubrey).

768.503937007874 779.5275590551181 262.99212598425197 155.90551181102362 Né
900.7874015748032 779.5275590551181 218.89763779527559 155.90551181102362 à
987.4015748031496 779.5275590551181 480.31496062992125 155.90551181102362 Londres
1337.007874015748 779.5275590551181 262.99212598425197 155.90551181102362 le
1467.716535433071 779.5275590551181 262.99212598425197 155.90551181102362 24
1600.0 779.5275590551181 349.6062992125984 155.90551181102362 août
1818.8976377952756 779.5275590551181 393.7007874015748 155.90551181102362 1872,
2080.314960629921 779.5275590551181 349.6062992125984 155.90551181102362 mort
2299.212598425197 779.5275590551181 218.89763779527559 155.90551181102362 à
2385.8267716535433 779.5275590551181 437.79527559055117 155.90551181102362 Menton
2648.818897637795 779.5275590551181 174.8031496062992 155.90551181102362 le

697.6377952755905 927.5590551181102 245.66929133858267 133.85826771653544 17
820.4724409448819 927.5590551181102 327.5590551181102 133.85826771653544 mars
984.2519685039371 927.5590551181102 286.61417322834643 133.85826771653544 1898.

774.8031496062993 992.1259842519685 261.4173228346457 144.88188976377953 Cet
924.4094488188977 992.1259842519685 409.4488188976378 144.88188976377953 artiste
1222.0472440944882 992.1259842519685 297.6377952755906 144.88188976377953 mort
1409.4488188976377 992.1259842519685 223.6220472440945 144.88188976377953 si
1521.259842519685 992.1259842519685 633.0708661417323 144.88188976377953 prématurément
2042.5196850393702 992.1259842519685 335.43307086614175 144.88188976377953 avait
2266.1417322834645 992.1259842519685 373.2283464566929 144.88188976377953 acquis
2489.763779527559 992.1259842519685 335.43307086614175 144.88188976377953 rapide-

696.0629921259842 1119.6850393700788 294.48818897637796 135.43307086614172 ment
880.3149606299213 1119.6850393700788 258.26771653543307 135.43307086614172 une
1026.7716535433071 1119.6850393700788 514.9606299212599 135.43307086614172 réputation
1431.4960629921259 1119.6850393700788 662.992125984252 135.43307086614172 exceptionnelle
1984.251968503937 1119.6850393700788 258.26771653543307 135.43307086614172 qui
2132.283464566929 1119.6850393700788 330.70866141732284 135.43307086614172 s’est
2352.755905511811 1119.6850393700788 404.7244094488189 135.43307086614172 étendue
2611.0236220472443 1119.6850393700788 220.4724409448819 135.43307086614172 hors

692.9133858267717 1226.7716535433071 223.6220472440945 127.55905511811024 de
804.7244094488188 1226.7716535433071 261.4173228346457 127.55905511811024 son
954.3307086614174 1226.7716535433071 299.21259842519686 127.55905511811024 pays
1141.732283464567 1226.7716535433071 373.2283464566929 127.55905511811024 jusque
1403.1496062992126 1226.7716535433071 299.21259842519686 127.55905511811024 dans
1588.976377952756 1226.7716535433071 261.4173228346457 127.55905511811024 nos
1738.5826771653544 1226.7716535433071 411.0236220472441 127.55905511811024 propres
2037.7952755905512 1226.7716535433071 411.0236220472441 127.55905511811024 milieux
2299.212598425197 1226.7716535433071 522.8346456692914 127.55905511811024 artistiques.

705.511811023622 1357.4803149606298 209.4488188976378 100.78740157480316 Un
809.4488188976378 1357.4803149606298 384.251968503937 100.78740157480316 article
1089.763779527559 1357.4803149606298 244.09448818897638 100.78740157480316 sur
1229.9212598425197 1357.4803149606298 384.251968503937 100.78740157480316 l’œuvre
1508.6614173228347 1357.4803149606298 314.96062992125985 100.78740157480316 qu’il
1718.1102362204724 1357.4803149606298 314.96062992125985 100.78740157480316 avait
1927.5590551181103 1357.4803149606298 278.74015748031496 100.78740157480316 déjà
2102.3622047244094 1357.4803149606298 489.76377952755905 100.78740157480316 accomplie,
2486.6141732283463 1357.4803149606298 278.74015748031496 100.78740157480316 paru
2626.771653543307 1357.4803149606298 209.4488188976378 100.78740157480316 dans

703.9370078740158 1442.5196850393702 206.29921259842519 135.43307086614172 le
807.8740157480315 1442.5196850393702 377.9527559055118 135.43307086614172 premier
1083.4645669291338 1442.5196850393702 344.88188976377955 135.43307086614172 numéro
1322.8346456692914 1442.5196850393702 310.23622047244095 135.43307086614172 d’une
1530.708661417323 1442.5196850393702 310.23622047244095 135.43307086614172 Revue
1737.007874015748 1442.5196850393702 310.23622047244095 135.43307086614172 d’art
1943.3070866141732 1442.5196850393702 344.88188976377955 135.43307086614172 depuis
2184.251968503937 1442.5196850393702 412.59842519685037 135.43307086614172 célèbre,
2459.8425196850394 1442.5196850393702 377.9527559055118 135.43307086614172 le

702.3622047244095 1549.6062992125985 563.7795275590552 149.60629921259843 Studio,
1171.6535433070867 1549.6062992125985 187.4015748031496 149.60629921259843 le
1266.1417322834645 1549.6062992125985 218.89763779527559 149.60629921259843 fit
1390.5511811023623 1549.6062992125985 406.2992125984252 149.60629921259843 connaître
1703.9370078740158 1549.6062992125985 187.4015748031496 149.60629921259843 du
1798.4251968503936 1549.6062992125985 281.8897637795276 149.60629921259843 grand
1985.8267716535433 1549.6062992125985 313.38582677165357 149.60629921259843 public
2204.7244094488187 1549.6062992125985 187.4015748031496 149.60629921259843 en
2267.716535433071 1549.6062992125985 218.89763779527559 149.60629921259843 1893.

782.6771653543307 1645.6692913385828 256.6929133858268 124.40944881889764 Son
929.1338582677165 1645.6692913385828 256.6929133858268 124.40944881889764 art
1075.5905511811025 1645.6692913385828 513.3858267716536 124.40944881889764 singulier,
1480.3149606299212 1645.6692913385828 440.9448818897638 124.40944881889764 précieux
1809.4488188976377 1645.6692913385828 220.4724409448819 124.40944881889764 et
1919.6850393700788 1645.6692913385828 513.3858267716536 124.40944881889764 minutieux,
2324.4094488188975 1645.6692913385828 220.4724409448819 124.40944881889764 où
2434.6456692913384 1645.6692913385828 220.4724409448819 124.40944881889764 se
2507.0866141732286 1645.6692913385828 330.70866141732284 124.40944881889764 rencon-

700.7874015748032 1755.9055118110236 325.98425196850394 124.40944881889764 trent
918.1102362204724 1755.9055118110236 289.76377952755905 124.40944881889764 dans
1099.2125984251968 1755.9055118110236 217.3228346456693 124.40944881889764 un
1207.8740157480315 1755.9055118110236 434.6456692913386 124.40944881889764 amalgame
1533.8582677165355 1755.9055118110236 362.20472440944883 124.40944881889764 étroit
1787.4015748031495 1755.9055118110236 253.54330708661416 124.40944881889764 les
1930.708661417323 1755.9055118110236 470.86614173228344 124.40944881889764 souvenirs
2292.9133858267714 1755.9055118110236 253.54330708661416 124.40944881889764 des
2401.5748031496064 1755.9055118110236 434.6456692913386 124.40944881889764 préraphaé-

702.3622047244095 1864.5669291338584 374.8031496062992 118.11023622047244 lites,
965.3543307086615 1864.5669291338584 262.99212598425197 118.11023622047244 des
1114.9606299212599 1864.5669291338584 374.8031496062992 118.11023622047244 grands
1377.9527559055118 1864.5669291338584 450.3937007874016 118.11023622047244 italiens
1714.9606299212599 1864.5669291338584 225.1968503937008 118.11023622047244 et
1828.3464566929133 1864.5669291338584 262.99212598425197 118.11023622047244 des
1977.9527559055118 1864.5669291338584 525.9842519685039 118.11023622047244 orientaux,
2390.551181102362 1864.5669291338584 225.1968503937008 118.11023622047244 où
2503.9370078740158 1864.5669291338584 225.1968503937008 118.11023622047244 le
2577.952755905512 1864.5669291338584 262.99212598425197 118.11023622047244 sujet

700.7874015748032 1966.9291338582677 600.0 113.38582677165354 s’enchevêtre
1188.976377952756 1966.9291338582677 300.78740157480314 113.38582677165354 dans
1376.3779527559054 1966.9291338582677 225.1968503937008 113.38582677165354 le
1488.1889763779527 1966.9291338582677 412.59842519685037 113.38582677165354 caprice
1788.976377952756 1966.9291338582677 225.1968503937008 113.38582677165354 du
1900.7874015748032 1966.9291338582677 374.8031496062992 113.38582677165354 décor,
2163.779527559055 1966.9291338582677 262.99212598425197 113.38582677165354 est
2277.165354330709 1966.9291338582677 562.2047244094488 113.38582677165354 exclusivement

703.9370078740158 2103.9370078740158 305.51181102362204 94.48818897637796 voué
894.488188976378 2103.9370078740158 229.92125984251967 94.48818897637796 au
1009.4488188976378 2103.9370078740158 382.6771653543307 94.48818897637796 «blanc
1277.1653543307086 2103.9370078740158 229.92125984251967 94.48818897637796 et
1390.5511811023623 2103.9370078740158 382.6771653543307 94.48818897637796 noir»,
1658.267716535433 2103.9370078740158 229.92125984251967 94.48818897637796 et
1773.2283464566929 2103.9370078740158 420.4724409448819 94.48818897637796 réalisé
2078.740157480315 2103.9370078740158 420.4724409448819 94.48818897637796 surtout
2384.251968503937 2103.9370078740158 267.7165354330709 94.48818897637796 par
2537.0078740157483 2103.9370078740158 229.92125984251967 94.48818897637796 un
2612.5984251968503 2103.9370078740158 229.92125984251967 94.48818897637796 des-

703.9370078740158 2174.803149606299 258.26771653543307 129.13385826771653 sin
850.3937007874016 2174.803149606299 184.251968503937 129.13385826771653 à
924.4094488188977 2174.803149606299 222.04724409448818 129.13385826771653 la
1036.2204724409448 2174.803149606299 332.2834645669291 129.13385826771653 plume
1258.267716535433 2174.803149606299 332.2834645669291 129.13385826771653 d’une
1478.740157480315 2174.803149606299 296.06299212598424 129.13385826771653 rare
1664.5669291338584 2174.803149606299 370.0787401574803 129.13385826771653 pureté
1885.0393700787401 2174.803149606299 518.1102362204724 129.13385826771653 d’exécution.

798.4251968503937 2269.2913385826773 281.8897637795276 163.7795275590551 Parmi
985.8267716535433 2269.2913385826773 218.89763779527559 163.7795275590551 ses
1111.8110236220473 2269.2913385826773 344.88188976377955 163.7795275590551 dessins
1362.2047244094488 2269.2913385826773 218.89763779527559 163.7795275590551 les
1486.6141732283465 2269.2913385826773 250.39370078740157 163.7795275590551 plus
1644.0944881889764 2269.2913385826773 344.88188976377955 163.7795275590551 connus,
1894.4881889763778 2269.2913385826773 187.4015748031496 163.7795275590551 il
1987.4015748031495 2269.2913385826773 250.39370078740157 163.7795275590551 faut
2144.8818897637793 2269.2913385826773 313.38582677165357 163.7795275590551 citer:
2363.779527559055 2269.2913385826773 281.8897637795276 163.7795275590551 la
2519.685039370079 2269.2913385826773 313.38582677165357 163.7795275590551 Mort

713.3858267716536 2381.1023622047246 562.2047244094488 127.55905511811024 d’Artbur,
1192.1259842519685 2381.1023622047246 168.50393700787401 127.55905511811024 de
1275.5905511811025 2381.1023622047246 253.54330708661416 127.55905511811024 J.-M.
1445.6692913385828 2381.1023622047246 253.54330708661416 127.55905511811024 Dent;
1614.1732283464567 2381.1023622047246 253.54330708661416 127.55905511811024 la
1782.6771653543308 2381.1023622047246 422.0472440944882 127.55905511811024 Salomé,
2119.685039370079 2381.1023622047246 310.23622047244095 127.55905511811024 d’Oscar
2344.8818897637793 2381.1023622047246 281.8897637795276 127.55905511811024 Wilde,
2514.9606299212596 2381.1023622047246 337.00787401574803 127.55905511811024 The

714.9606299212599 2488.1889763779527 344.88188976377955 137.00787401574803 Rap
955.9055118110236 2488.1889763779527 206.29921259842519 137.00787401574803 of
1059.8425196850394 2488.1889763779527 240.9448818897638 137.00787401574803 lbe
1198.4251968503936 2488.1889763779527 310.23622047244095 137.00787401574803 Loch,
1404.724409448819 2488.1889763779527 551.1811023622047 137.00787401574803 Volpone,
1851.9685039370079 2488.1889763779527 240.9448818897638 137.00787401574803 les
1990.5511811023623 2488.1889763779527 414.1732283464567 137.00787401574803 derniers
2300.787401574803 2488.1889763779527 275.59055118110234 137.00787401574803 pour
2472.4409448818897 2488.1889763779527 206.29921259842519 137.00787401574803 le
2541.732283464567 2488.1889763779527 310.23622047244095 137.00787401574803 «Vellow

713.3858267716536 2595.2755905511813 330.70866141732284 129.13385826771653 Book»
933.8582677165355 2595.2755905511813 330.70866141732284 129.13385826771653 qu’il
1154.3307086614172 2595.2755905511813 294.48818897637796 129.13385826771653 aida
1338.5826771653544 2595.2755905511813 294.48818897637796 129.13385826771653 dans
1522.8346456692914 2595.2755905511813 220.4724409448819 129.13385826771653 sa
1633.0708661417323 2595.2755905511813 478.74015748031496 129.13385826771653 fondation
2001.5748031496064 2595.2755905511813 330.70866141732284 129.13385826771653 comme
2222.047244094488 2595.2755905511813 478.74015748031496 129.13385826771653 directeur
2554.3307086614172 2595.2755905511813 294.48818897637796 129.13385826771653 artis-

705.511811023622 2707.0866141732286 422.0472440944882 140.15748031496062 tique,
1001.5748031496063 2707.0866141732286 253.54330708661416 140.15748031496062 ou
1127.5590551181103 2707.0866141732286 337.00787401574803 140.15748031496062 pour
1338.5826771653544 2707.0866141732286 253.54330708661416 140.15748031496062 le
1466.1417322834645 2707.0866141732286 507.0866141732283 140.15748031496062 magazine
1845.6692913385828 2707.0866141732286 337.00787401574803 140.15748031496062 «The
2014.1732283464567 2707.0866141732286 379.5275590551181 140.15748031496062 Savoy».

796.8503937007874 2814.1732283464567 212.5984251968504 127.55905511811024 Sa
903.9370078740158 2814.1732283464567 497.6377952755906 127.55905511811024 biographie
1294.4881889763778 2814.1732283464567 177.95275590551182 127.55905511811024 a
1365.3543307086613 2814.1732283464567 248.8188976377953 127.55905511811024 été
1507.0866141732283 2814.1732283464567 354.3307086614173 127.55905511811024 écrite
1755.9055118110236 2814.1732283464567 212.5984251968504 127.55905511811024 en
1862.992125984252 2814.1732283464567 283.46456692913387 127.55905511811024 tête
2039.3700787401574 2814.1732283464567 319.68503937007875 127.55905511811024 d’une
2253.5433070866143 2814.1732283464567 461.4173228346457 127.55905511811024 fantaisie
2573.228346456693 2814.1732283464567 283.46456692913387 127.55905511811024 litté-

716.5354330708661 2913.3858267716537 305.51181102362204 113.38582677165354 raire
921.2598425196851 2913.3858267716537 272.4409448818898 113.38582677165354 dont
1091.3385826771653 2913.3858267716537 203.1496062992126 113.38582677165354 la
1193.7007874015749 2913.3858267716537 475.59055118110234 113.38582677165354 traduction
1566.9291338582677 2913.3858267716537 170.07874015748033 113.38582677165354 a
1634.6456692913387 2913.3858267716537 237.79527559055117 113.38582677165354 été
1770.0787401574803 2913.3858267716537 340.15748031496065 113.38582677165354 éditée
2007.8740157480315 2913.3858267716537 237.79527559055117 113.38582677165354 par
2144.8818897637793 2913.3858267716537 373.2283464566929 113.38582677165354 Floury,
2382.6771653543306 2913.3858267716537 475.59055118110234 113.38582677165354 «Sous

713.3858267716536 3017.3228346456694 296.06299212598424 137.00787401574803 la
911.8110236220473 3017.3228346456694 362.20472440944883 137.00787401574803 Colline
1174.8031496062993 3017.3228346456694 165.35433070866142 137.00787401574803 »
1240.9448818897638 3017.3228346456694 329.13385826771656 137.00787401574803 (Under
1470.8661417322835 3017.3228346456694 229.92125984251967 137.00787401574803 the
1603.1496062992126 3017.3228346456694 461.4173228346457 137.00787401574803 Hill),
1965.3543307086613 3017.3228346456694 229.92125984251967 137.00787401574803 par
2097.6377952755906 3017.3228346456694 198.4251968503937 137.00787401574803 M.
2196.850393700787 3017.3228346456694 362.20472440944883 137.00787401574803 Jacques
2459.8425196850394 3017.3228346456694 198.4251968503937 137.00787401574803 E.
2525.984251968504 3017.3228346456694 329.13385826771656 137.00787401574803 Blanche,

711.8110236220473 3132.283464566929 245.66929133858267 130.70866141732284 qui
851.9685039370079 3132.283464566929 245.66929133858267 130.70866141732284 fut
992.1259842519685 3132.283464566929 211.0236220472441 130.70866141732284 un
1097.6377952755906 3132.283464566929 245.66929133858267 130.70866141732284 ami
1237.7952755905512 3132.283464566929 211.0236220472441 130.70866141732284 de
1307.0866141732283 3132.283464566929 420.4724409448819 130.70866141732284 l’artiste.

800.0 3204.7244094488187 314.96062992125985 165.35433070866142 (Voir
1009.4488188976378 3204.7244094488187 314.96062992125985 165.35433070866142 aussi
1218.8976377952756 3204.7244094488187 174.8031496062992 165.35433070866142 à
1289.763779527559 3204.7244094488187 209.4488188976378 165.35433070866142 la
1393.7007874015749 3204.7244094488187 280.31496062992125 165.35433070866142 même
1568.5039370078741 3204.7244094488187 489.76377952755905 165.35433070866142 librairie:
1954.3307086614172 3204.7244094488187 349.6062992125984 165.35433070866142 Arthur
2198.4251968503936 3204.7244094488187 384.251968503937 165.35433070866142 Symons.
2444.0944881889764 3204.7244094488187 418.8976377952756 165.35433070866142 Au

733.8582677165355 3352.755905511811 264.56692913385825 125.98425196850394 brey
902.3622047244095 3352.755905511811 409.4488188976378 125.98425196850394 Beardsley.)
