2059 2752
742 348 92 92 2.
772 348 277 92 <b>Siegfried<b>.

521 429 207 89 Dessin
666 429 103 89 à
707 429 124 89 la
769 429 186 89 plume
893 429 124 89 en
955 429 186 89 blanc
1079 429 124 89 et
1120 429 145 89 noir.

672 533 115 103 H.
729 533 96 103 :
768 533 115 103 0,
825 533 134 103 48;
901 533 115 103 L.
959 533 96 103 :
997 533 115 103 0,
1035 533 96 103 28.

263 679 128 77 Le
327 679 214 77 héros,
476 679 171 77 demi
583 679 171 77 vêtu
690 679 192 77 d’une
819 679 171 77 peau
926 679 128 77 de
990 679 192 77 bête,
1118 679 150 77 les
1203 679 235 77 cheveux
1375 679 128 77 au
1417 679 150 77 vent,

215 741 215 85 tordus
365 741 194 85 comme
494 741 151 85 les
580 741 258 85 serpents
774 741 194 85 d’une
903 741 258 85 Gorgone,
1096 741 151 85 est
1182 741 237 85 debout,
1354 741 108 85 à
1376 741 194 85 gauche,

212 797 212 82 l’épée
360 797 106 82 à
403 797 127 82 la
466 797 191 82 main,
593 797 148 82 sur
678 797 127 82 le
742 797 170 82 bord
848 797 191 82 d’une
975 797 170 82 mare
1081 797 339 82 fantastique,
1356 797 127 82 où
1398 797 170 82 pousse

213 849 122 84 la
274 849 284 84 végétation
497 849 182 84 d’une
618 849 182 84 flore
740 849 223 84 étrange
902 849 122 84 et
942 849 264 84 magnifique.

261 922 122 81 En
322 922 245 81 arrière,
505 922 204 81 ondoie
648 922 122 81 un
709 922 224 81 monstre
873 922 184 81 ailé.
995 922 163 81 Fond
1097 922 163 81 avec
1199 922 265 81 d’infinis
1382 922 184 81 détails

213 979 121 83 de
273 979 242 83 rochers,
455 979 242 83 d’arbres
636 979 121 83 et
696 979 121 83 de
757 979 242 83 paysages
938 979 282 83 lointains.
1160 979 202 83 Aspect
1301 979 121 83 de
1361 979 202 83 nielle
1482 979 81 83 ou

212 1038 121 83 de
272 1038 222 83 vieille
434 1038 222 83 estampe
595 1038 121 83 du
656 1038 161 83 XVIe
756 1038 222 83 siècle,
918 1038 262 83 fortement
1119 1038 343 83 impressionnée
1402 1038 141 83 par
1462 1038 101 83 les

210 1102 164 72 arts
291 1102 246 72 orientaux.

1258 1177 153 55 A

254 1209 186 93 Signé
379 1209 124 93 en
441 1209 166 93 bas,
544 1209 104 93 à
586 1209 207 93 droite
731 1209 145 93 des
813 1209 186 93 trois
938 1209 228 93 lettres
1103 1209 331 93 superposées:
1352 1209 62 93 V

1276 1271 129 58 B

779 2290 120 79 21
