3242.51968503937 4333.858267716535
1168.5039370078741 548.0314960629921 144.88188976377953 144.88188976377953 2.
1215.748031496063 548.0314960629921 436.2204724409449 144.88188976377953 <b>Siegfried<b>.

820.4724409448819 675.5905511811023 325.98425196850394 140.15748031496062 Dessin
1048.8188976377953 675.5905511811023 162.20472440944883 140.15748031496062 à
1113.3858267716535 675.5905511811023 195.2755905511811 140.15748031496062 la
1211.023622047244 675.5905511811023 292.9133858267717 140.15748031496062 plume
1406.2992125984251 675.5905511811023 195.2755905511811 140.15748031496062 en
1503.9370078740158 675.5905511811023 292.9133858267717 140.15748031496062 blanc
1699.2125984251968 675.5905511811023 195.2755905511811 140.15748031496062 et
1763.7795275590552 675.5905511811023 228.3464566929134 140.15748031496062 noir.

1058.267716535433 839.3700787401575 181.10236220472441 162.20472440944883 H.
1148.0314960629921 839.3700787401575 151.1811023622047 162.20472440944883 :
1209.4488188976377 839.3700787401575 181.10236220472441 162.20472440944883 0,
1299.2125984251968 839.3700787401575 211.0236220472441 162.20472440944883 48;
1418.8976377952756 839.3700787401575 181.10236220472441 162.20472440944883 L.
1510.236220472441 839.3700787401575 151.1811023622047 162.20472440944883 :
1570.0787401574803 839.3700787401575 181.10236220472441 162.20472440944883 0,
1629.9212598425197 839.3700787401575 151.1811023622047 162.20472440944883 28.

414.1732283464567 1069.291338582677 201.5748031496063 121.25984251968504 Le
514.9606299212599 1069.291338582677 337.00787401574803 121.25984251968504 héros,
749.6062992125984 1069.291338582677 269.29133858267716 121.25984251968504 demi
918.1102362204724 1069.291338582677 269.29133858267716 121.25984251968504 vêtu
1086.6141732283465 1069.291338582677 302.3622047244094 121.25984251968504 d’une
1289.763779527559 1069.291338582677 269.29133858267716 121.25984251968504 peau
1458.267716535433 1069.291338582677 201.5748031496063 121.25984251968504 de
1559.0551181102362 1069.291338582677 302.3622047244094 121.25984251968504 bête,
1760.6299212598426 1069.291338582677 236.2204724409449 121.25984251968504 les
1894.4881889763778 1069.291338582677 370.0787401574803 121.25984251968504 cheveux
2165.3543307086616 1069.291338582677 201.5748031496063 121.25984251968504 au
2231.496062992126 1069.291338582677 236.2204724409449 121.25984251968504 vent,

338.5826771653543 1166.9291338582677 338.5826771653543 133.85826771653544 tordus
574.8031496062993 1166.9291338582677 305.51181102362204 133.85826771653544 comme
777.9527559055118 1166.9291338582677 237.79527559055117 133.85826771653544 les
913.3858267716536 1166.9291338582677 406.2992125984252 133.85826771653544 serpents
1218.8976377952756 1166.9291338582677 305.51181102362204 133.85826771653544 d’une
1422.0472440944882 1166.9291338582677 406.2992125984252 133.85826771653544 Gorgone,
1725.984251968504 1166.9291338582677 237.79527559055117 133.85826771653544 est
1861.4173228346456 1166.9291338582677 373.2283464566929 133.85826771653544 debout,
2132.283464566929 1166.9291338582677 170.07874015748033 133.85826771653544 à
2166.9291338582675 1166.9291338582677 305.51181102362204 133.85826771653544 gauche,

333.8582677165354 1255.1181102362204 333.8582677165354 129.13385826771653 l’épée
566.9291338582677 1255.1181102362204 166.9291338582677 129.13385826771653 à
634.6456692913385 1255.1181102362204 200.0 129.13385826771653 la
733.8582677165355 1255.1181102362204 300.78740157480314 129.13385826771653 main,
933.8582677165355 1255.1181102362204 233.0708661417323 129.13385826771653 sur
1067.716535433071 1255.1181102362204 200.0 129.13385826771653 le
1168.5039370078741 1255.1181102362204 267.7165354330709 129.13385826771653 bord
1335.4330708661416 1255.1181102362204 300.78740157480314 129.13385826771653 d’une
1535.4330708661416 1255.1181102362204 267.7165354330709 129.13385826771653 mare
1702.3622047244094 1255.1181102362204 533.8582677165355 129.13385826771653 fantastique,
2135.433070866142 1255.1181102362204 200.0 129.13385826771653 où
2201.5748031496064 1255.1181102362204 267.7165354330709 129.13385826771653 pousse

335.43307086614175 1337.007874015748 192.1259842519685 132.28346456692913 la
431.496062992126 1337.007874015748 447.244094488189 132.28346456692913 végétation
782.6771653543307 1337.007874015748 286.61417322834643 132.28346456692913 d’une
973.2283464566929 1337.007874015748 286.61417322834643 132.28346456692913 flore
1165.3543307086613 1337.007874015748 351.18110236220474 132.28346456692913 étrange
1420.4724409448818 1337.007874015748 192.1259842519685 132.28346456692913 et
1483.4645669291338 1337.007874015748 415.748031496063 132.28346456692913 magnifique.

411.0236220472441 1451.9685039370079 192.1259842519685 127.55905511811024 En
507.0866141732283 1451.9685039370079 385.8267716535433 127.55905511811024 arrière,
795.2755905511812 1451.9685039370079 321.25984251968504 127.55905511811024 ondoie
1020.4724409448819 1451.9685039370079 192.1259842519685 127.55905511811024 un
1116.5354330708662 1451.9685039370079 352.755905511811 127.55905511811024 monstre
1374.8031496062993 1451.9685039370079 289.76377952755905 127.55905511811024 ailé.
1566.9291338582677 1451.9685039370079 256.6929133858268 127.55905511811024 Fond
1727.5590551181103 1451.9685039370079 256.6929133858268 127.55905511811024 avec
1888.1889763779527 1451.9685039370079 417.3228346456693 127.55905511811024 d’infinis
2176.3779527559054 1451.9685039370079 289.76377952755905 127.55905511811024 détails

335.43307086614175 1541.732283464567 190.5511811023622 130.70866141732284 de
429.9212598425197 1541.732283464567 381.1023622047244 130.70866141732284 rochers,
716.5354330708661 1541.732283464567 381.1023622047244 130.70866141732284 d’arbres
1001.5748031496063 1541.732283464567 190.5511811023622 130.70866141732284 et
1096.0629921259842 1541.732283464567 190.5511811023622 130.70866141732284 de
1192.1259842519685 1541.732283464567 381.1023622047244 130.70866141732284 paysages
1477.1653543307086 1541.732283464567 444.09448818897636 130.70866141732284 lointains.
1826.7716535433071 1541.732283464567 318.1102362204724 130.70866141732284 Aspect
2048.818897637795 1541.732283464567 190.5511811023622 130.70866141732284 de
2143.3070866141734 1541.732283464567 318.1102362204724 130.70866141732284 nielle
2333.8582677165355 1541.732283464567 127.55905511811024 130.70866141732284 ou

333.8582677165354 1634.6456692913387 190.5511811023622 130.70866141732284 de
428.34645669291336 1634.6456692913387 349.6062992125984 130.70866141732284 vieille
683.4645669291339 1634.6456692913387 349.6062992125984 130.70866141732284 estampe
937.007874015748 1634.6456692913387 190.5511811023622 130.70866141732284 du
1033.0708661417323 1634.6456692913387 253.54330708661416 130.70866141732284 XVIe
1190.5511811023623 1634.6456692913387 349.6062992125984 130.70866141732284 siècle,
1445.6692913385828 1634.6456692913387 412.59842519685037 130.70866141732284 fortement
1762.2047244094488 1634.6456692913387 540.1574803149606 130.70866141732284 impressionnée
2207.8740157480315 1634.6456692913387 222.04724409448818 130.70866141732284 par
2302.3622047244094 1634.6456692913387 159.0551181102362 130.70866141732284 les

330.70866141732284 1735.4330708661416 258.26771653543307 113.38582677165354 arts
458.26771653543307 1735.4330708661416 387.40157480314963 113.38582677165354 orientaux.

1981.1023622047244 1853.5433070866143 240.9448818897638 86.61417322834646 A

400.0 1903.9370078740158 292.9133858267717 146.45669291338584 Signé
596.8503937007874 1903.9370078740158 195.2755905511811 146.45669291338584 en
694.488188976378 1903.9370078740158 261.4173228346457 146.45669291338584 bas,
856.6929133858267 1903.9370078740158 163.7795275590551 146.45669291338584 à
922.8346456692914 1903.9370078740158 325.98425196850394 146.45669291338584 droite
1151.1811023622047 1903.9370078740158 228.3464566929134 146.45669291338584 des
1280.3149606299212 1903.9370078740158 292.9133858267717 146.45669291338584 trois
1477.1653543307086 1903.9370078740158 359.0551181102362 146.45669291338584 lettres
1737.007874015748 1903.9370078740158 521.2598425196851 146.45669291338584 superposées:
2129.1338582677167 1903.9370078740158 97.63779527559055 146.45669291338584 V

2009.4488188976377 2001.5748031496064 203.1496062992126 91.33858267716535 B

1226.7716535433071 3606.299212598425 188.9763779527559 124.40944881889764 21
