3262.9921259842517 4310.236220472441
1288.1889763779527 1329.1338582677165 373.2283464566929 133.85826771653544 <b>BELL
1560.6299212598426 1329.1338582677165 373.2283464566929 133.85826771653544 (Robert
1798.4251968503936 1329.1338582677165 475.59055118110234 133.85826771653544 Anning</b>).

831.496062992126 1620.4724409448818 223.6220472440945 111.81102362204724 Né
943.3070866141733 1620.4724409448818 223.6220472440945 111.81102362204724 en
1055.1181102362204 1620.4724409448818 335.43307086614175 111.81102362204724 1863,
1278.740157480315 1620.4724409448818 185.82677165354332 111.81102362204724 à
1352.755905511811 1620.4724409448818 447.244094488189 111.81102362204724 Londres.
1688.1889763779527 1620.4724409448818 223.6220472440945 111.81102362204724 Il
1800.0 1620.4724409448818 335.43307086614175 111.81102362204724 entra
2023.6220472440946 1620.4724409448818 261.4173228346457 111.81102362204724 aux
2173.228346456693 1620.4724409448818 371.65354330708664 111.81102362204724 écoles
2433.0708661417325 1620.4724409448818 223.6220472440945 111.81102362204724 de
2508.6614173228345 1620.4724409448818 371.65354330708664 111.81102362204724 l’Acadé-

749.6062992125984 1719.6850393700788 261.4173228346457 119.68503937007874 mie
899.2125984251968 1719.6850393700788 374.8031496062992 119.68503937007874 Royale
1162.2047244094488 1719.6850393700788 299.21259842519686 119.68503937007874 pour
1348.0314960629921 1719.6850393700788 374.8031496062992 119.68503937007874 suivre
1611.023622047244 1719.6850393700788 261.4173228346457 119.68503937007874 les
1760.6299212598426 1719.6850393700788 337.00787401574803 119.68503937007874 cours
1984.251968503937 1719.6850393700788 225.1968503937008 119.68503937007874 de
2096.0629921259842 1719.6850393700788 486.61417322834643 119.68503937007874 peinture,
2470.8661417322833 1719.6850393700788 187.4015748031496 119.68503937007874 à
2544.8818897637793 1719.6850393700788 337.00787401574803 119.68503937007874 l’âge
2732.283464566929 1719.6850393700788 149.60629921259843 119.68503937007874 de

762.2047244094488 1833.0708661417323 212.5984251968504 137.00787401574803 19
867.7165354330708 1833.0708661417323 283.46456692913387 137.00787401574803 ans,
1044.0944881889764 1833.0708661417323 318.1102362204724 137.00787401574803 après
1256.6929133858268 1833.0708661417323 318.1102362204724 137.00787401574803 avoir
1467.716535433071 1833.0708661417323 352.755905511811 137.00787401574803 étudié
1714.9606299212599 1833.0708661417323 423.62204724409446 137.00787401574803 quelques
2033.0708661417323 1833.0708661417323 352.755905511811 137.00787401574803 années
2281.8897637795276 1833.0708661417323 283.46456692913387 137.00787401574803 pour
2458.267716535433 1833.0708661417323 283.46456692913387 137.00787401574803 être
2598.4251968503936 1833.0708661417323 283.46456692913387 137.00787401574803 archi-

749.6062992125984 1932.283464566929 374.8031496062992 114.96062992125984 tecte.
1012.5984251968504 1932.283464566929 486.61417322834643 114.96062992125984 Travailla
1385.8267716535433 1932.283464566929 448.81889763779526 114.96062992125984 quelques
1722.8346456692914 1932.283464566929 299.21259842519686 114.96062992125984 mois
1910.236220472441 1932.283464566929 187.4015748031496 114.96062992125984 à
1985.8267716535433 1932.283464566929 374.8031496062992 114.96062992125984 Paris,
2247.244094488189 1932.283464566929 225.1968503937008 114.96062992125984 en
2359.0551181102364 1932.283464566929 337.00787401574803 114.96062992125984 1886,
2584.251968503937 1932.283464566929 299.21259842519686 114.96062992125984 sous
2733.8582677165355 1932.283464566929 149.60629921259843 114.96062992125984 la

752.7559055118111 2045.6692913385828 447.244094488189 121.25984251968504 direction
1097.6377952755906 2045.6692913385828 343.3070866141732 121.25984251968504 d’Aimé
1337.007874015748 2045.6692913385828 343.3070866141732 121.25984251968504 Morot.
1577.9527559055118 2045.6692913385828 206.29921259842519 121.25984251968504 Il
1681.8897637795276 2045.6692913385828 171.6535433070866 121.25984251968504 y
1749.6062992125985 2045.6692913385828 240.9448818897638 121.25984251968504 fut
1888.1889763779527 2045.6692913385828 275.59055118110234 121.25984251968504 très
2059.8425196850394 2045.6692913385828 343.3070866141732 121.25984251968504 frappé
2300.787401574803 2045.6692913385828 240.9448818897638 121.25984251968504 par
2437.7952755905512 2045.6692913385828 240.9448818897638 121.25984251968504 les
2541.732283464567 2045.6692913385828 343.3070866141732 121.25984251968504 fresques

755.9055118110236 2166.9291338582675 212.5984251968504 103.93700787401575 de
862.992125984252 2166.9291338582675 496.06299212598424 103.93700787401575 Botticelli
1253.5433070866143 2166.9291338582675 248.8188976377953 103.93700787401575 qui
1395.275590551181 2166.9291338582675 283.46456692913387 103.93700787401575 font
1573.2283464566929 2166.9291338582675 283.46456692913387 103.93700787401575 face
1749.6062992125985 2166.9291338582675 177.95275590551182 103.93700787401575 à
1820.4724409448818 2166.9291338582675 212.5984251968504 103.93700787401575 la
1927.5590551181103 2166.9291338582675 425.1968503937008 103.93700787401575 Victoire
2247.244094488189 2166.9291338582675 212.5984251968504 103.93700787401575 de
2352.755905511811 2166.9291338582675 532.2834645669292 103.93700787401575 Samothrace,
2743.3070866141734 2166.9291338582675 141.73228346456693 103.93700787401575 au

763.7795275590552 2247.244094488189 409.4488188976378 133.85826771653544 Louvre.
1062.992125984252 2247.244094488189 223.6220472440945 133.85826771653544 Se
1174.8031496062993 2247.244094488189 373.2283464566929 133.85826771653544 rendit
1436.2204724409448 2247.244094488189 223.6220472440945 133.85826771653544 en
1548.0314960629921 2247.244094488189 373.2283464566929 133.85826771653544 Italie
1807.8740157480315 2247.244094488189 297.6377952755906 133.85826771653544 cinq
1995.275590551181 2247.244094488189 261.4173228346457 133.85826771653544 ans
2143.3070866141734 2247.244094488189 335.43307086614175 133.85826771653544 après
2368.503937007874 2247.244094488189 261.4173228346457 133.85826771653544 et,
2480.314960629921 2247.244094488189 409.4488188976378 133.85826771653544 seulement

763.7795275590552 2354.3307086614172 239.37007874015748 116.53543307086615 là,
900.7874015748032 2354.3307086614172 343.3070866141732 116.53543307086615 trouva
1141.732283464567 2354.3307086614172 206.29921259842519 116.53543307086615 sa
1244.0944881889764 2354.3307086614172 308.66141732283467 116.53543307086615 voic.
1450.3937007874015 2354.3307086614172 274.01574803149606 116.53543307086615 Très
1620.4724409448818 2354.3307086614172 343.3070866141732 116.53543307086615 attiré
1861.4173228346456 2354.3307086614172 239.37007874015748 116.53543307086615 par
1998.4251968503936 2354.3307086614172 239.37007874015748 116.53543307086615 les
2135.433070866142 2354.3307086614172 445.6692913385827 116.53543307086615 Primitifs
2478.740157480315 2354.3307086614172 411.0236220472441 116.53543307086615 italiens
2752.755905511811 2354.3307086614172 137.00787401574803 116.53543307086615 et

763.7795275590552 2447.244094488189 261.4173228346457 144.88188976377953 par
913.3858267716536 2447.244094488189 261.4173228346457 144.88188976377953 les
1062.992125984252 2447.244094488189 672.4409448818898 144.88188976377953 Préraphaélites
1623.6220472440946 2447.244094488189 448.81889763779526 144.88188976377953 anglais,
1959.0551181102362 2447.244094488189 335.43307086614175 144.88188976377953 mais,
2182.6771653543306 2447.244094488189 335.43307086614175 144.88188976377953 comme
2407.8740157480315 2447.244094488189 223.6220472440945 144.88188976377953 il
2519.685039370079 2447.244094488189 261.4173228346457 144.88188976377953 dit
2631.496062992126 2447.244094488189 261.4173228346457 144.88188976377953 «plus

763.7795275590552 2588.9763779527557 266.1417322834646 113.38582677165354 par
914.9606299212599 2588.9763779527557 341.73228346456693 113.38582677165354 leurs
1143.3070866141732 2588.9763779527557 455.11811023622045 113.38582677165354 qualités
1485.0393700787401 2588.9763779527557 492.9133858267717 113.38582677165354 d’émotion
1864.5669291338584 2588.9763779527557 266.1417322834646 113.38582677165354 que
2015.748031496063 2588.9763779527557 266.1417322834646 113.38582677165354 par
2166.9291338582675 2588.9763779527557 303.93700787401576 113.38582677165354 leur
2357.48031496063 2588.9763779527557 568.503937007874 113.38582677165354 technique».
2774.803149606299 2588.9763779527557 113.38582677165354 113.38582677165354 A

762.2047244094488 2667.716535433071 286.61417322834643 132.28346456692913 peu
925.9842519685039 2667.716535433071 368.503937007874 132.28346456692913 peint
1171.6535433070867 2667.716535433071 204.7244094488189 132.28346456692913 à
1253.5433070866143 2667.716535433071 491.33858267716533 132.28346456692913 l’huile;
1623.6220472440946 2667.716535433071 450.3937007874016 132.28346456692913 emploie
1951.1811023622047 2667.716535433071 450.3937007874016 132.28346456692913 surtout
2278.740157480315 2667.716535433071 245.66929133858267 132.28346456692913 la
2403.149606299213 2667.716535433071 491.33858267716533 132.28346456692913 détrempe
2730.7086614173227 2667.716535433071 163.7795275590551 132.28346456692913 et

763.7795275590552 2788.9763779527557 620.4724409448819 107.08661417322834 l’aquarelle.
1267.716535433071 2788.9763779527557 193.70078740157481 107.08661417322834 A
1346.4566929133857 2788.9763779527557 426.7716535433071 107.08661417322834 exécuté
1655.1181102362204 2788.9763779527557 387.40157480314963 107.08661417322834 nombre
1927.5590551181103 2788.9763779527557 233.0708661417323 107.08661417322834 de
2044.0944881889764 2788.9763779527557 581.1023622047244 107.08661417322834 décorations
2508.6614173228345 2788.9763779527557 233.0708661417323 107.08661417322834 de
2585.8267716535433 2788.9763779527557 310.23622047244095 107.08661417322834 toutes

766.9291338582677 2864.566929133858 390.5511811023622 137.00787401574803 sortes:
1051.9685039370079 2864.566929133858 426.7716535433071 137.00787401574803 vitraux,
1371.6535433070867 2864.566929133858 497.6377952755906 137.00787401574803 mosaïques,
1762.2047244094488 2864.566929133858 532.2834645669292 137.00787401574803 bas-reliefs
2187.4015748031497 2864.566929133858 461.4173228346457 137.00787401574803 coloriés,
2507.0866141732286 2864.566929133858 390.5511811023622 137.00787401574803 illustra-

765.3543307086615 3001.5748031496064 349.6062992125984 118.11023622047244 tions
998.4251968503937 3001.5748031496064 233.0708661417323 118.11023622047244 de
1114.9606299212599 3001.5748031496064 426.7716535433071 118.11023622047244 livres.
1425.1968503937007 3001.5748031496064 387.40157480314963 118.11023622047244 Robert
1696.0629921259842 3001.5748031496064 387.40157480314963 118.11023622047244 Anning
1966.9291338582677 3001.5748031496064 310.23622047244095 118.11023622047244 Bell
2160.6299212598424 3001.5748031496064 270.86614173228344 118.11023622047244 est
2316.535433070866 3001.5748031496064 387.40157480314963 118.11023622047244 Membre
2549.6062992125985 3001.5748031496064 349.6062992125984 118.11023622047244 Associé

773.2283464566929 3100.787401574803 223.6220472440945 110.23622047244095 de
885.0393700787401 3100.787401574803 522.8346456692914 110.23622047244095 l’Académie
1296.0629921259842 3100.787401574803 373.2283464566929 110.23622047244095 royale
1557.4803149606298 3100.787401574803 223.6220472440945 110.23622047244095 de
1669.291338582677 3100.787401574803 448.81889763779526 110.23622047244095 Londres;
2006.2992125984251 3100.787401574803 223.6220472440945 110.23622047244095 il
2118.1102362204724 3100.787401574803 187.4015748031496 110.23622047244095 a
2192.1259842519685 3100.787401574803 299.21259842519686 110.23622047244095 deux
2379.527559055118 3100.787401574803 448.81889763779526 110.23622047244095 tableaux
2714.9606299212596 3100.787401574803 187.4015748031496 110.23622047244095 à
2752.755905511811 3100.787401574803 149.60629921259843 110.23622047244095 la

774.8031496062993 3196.850393700787 444.09448818897636 148.03149606299212 National
1107.0866141732283 3196.850393700787 406.2992125984252 148.03149606299212 Gallery
1401.5748031496064 3196.850393700787 222.04724409448818 148.03149606299212 of
1475.5905511811025 3196.850393700787 222.04724409448818 148.03149606299212 Art.

864.5669291338583 3305.511811023622 239.37007874015748 116.53543307086615 Il
984.2519685039371 3305.511811023622 280.31496062992125 116.53543307086615 est
1143.3070866141732 3305.511811023622 359.0551181102362 116.53543307086615 marié
1382.6771653543308 3305.511811023622 319.68503937007875 116.53543307086615 avec
1582.6771653543308 3305.511811023622 280.31496062992125 116.53543307086615 une
1743.3070866141732 3305.511811023622 439.37007874015745 116.53543307086615 artiste
2061.417322834646 3305.511811023622 559.0551181102362 116.53543307086615 française,
2500.787401574803 3305.511811023622 280.31496062992125 116.53543307086615 Mme
2620.472440944882 3305.511811023622 280.31496062992125 116.53543307086615 Laure

740.1574803149606 3406.299212598425 694.488188976378 148.03149606299212 Richard
