2072 2737
818 844 237 85 <b>BELL
991 844 237 85 (Robert
1142 844 302 85 Anning</b>).

528 1029 142 71 Né
599 1029 142 71 en
670 1029 213 71 1863,
812 1029 118 71 à
859 1029 284 71 Londres.
1072 1029 142 71 Il
1143 1029 213 71 entra
1285 1029 166 71 aux
1380 1029 236 71 écoles
1545 1029 142 71 de
1593 1029 236 71 l’Acadé-

476 1092 166 76 mie
571 1092 238 76 Royale
738 1092 190 76 pour
856 1092 238 76 suivre
1023 1092 166 76 les
1118 1092 214 76 cours
1260 1092 143 76 de
1331 1092 309 76 peinture,
1569 1092 119 76 à
1616 1092 214 76 l’âge
1735 1092 95 76 de

484 1164 135 87 19
551 1164 180 87 ans,
663 1164 202 87 après
798 1164 202 87 avoir
932 1164 224 87 étudié
1089 1164 269 87 quelques
1291 1164 224 87 années
1449 1164 180 87 pour
1561 1164 180 87 être
1650 1164 180 87 archi-

476 1227 238 73 tecte.
643 1227 309 73 Travailla
880 1227 285 73 quelques
1094 1227 190 73 mois
1213 1227 119 73 à
1261 1227 238 73 Paris,
1427 1227 143 73 en
1498 1227 214 73 1886,
1641 1227 190 73 sous
1736 1227 95 73 la

478 1299 284 77 direction
697 1299 218 77 d’Aimé
849 1299 218 77 Morot.
1002 1299 131 77 Il
1068 1299 109 77 y
1111 1299 153 77 fut
1199 1299 175 77 très
1308 1299 218 77 frappé
1461 1299 153 77 par
1548 1299 153 77 les
1614 1299 218 77 fresques

480 1376 135 66 de
548 1376 315 66 Botticelli
796 1376 158 66 qui
886 1376 180 66 font
999 1376 180 66 face
1111 1376 113 66 à
1156 1376 135 66 la
1224 1376 270 66 Victoire
1427 1376 135 66 de
1494 1376 338 66 Samothrace,
1742 1376 90 66 au

485 1427 260 85 Louvre.
675 1427 142 85 Se
746 1427 237 85 rendit
912 1427 142 85 en
983 1427 237 85 Italie
1148 1427 189 85 cinq
1267 1427 166 85 ans
1361 1427 213 85 après
1504 1427 166 85 et,
1575 1427 260 85 seulement

485 1495 152 74 là,
572 1495 218 74 trouva
725 1495 131 74 sa
790 1495 196 74 voic.
921 1495 174 74 Très
1029 1495 218 74 attiré
1182 1495 152 74 par
1269 1495 152 74 les
1356 1495 283 74 Primitifs
1574 1495 261 74 italiens
1748 1495 87 74 et

485 1554 166 92 par
580 1554 166 92 les
675 1554 427 92 Préraphaélites
1031 1554 285 92 anglais,
1244 1554 213 92 mais,
1386 1554 213 92 comme
1529 1554 142 92 il
1600 1554 166 92 dit
1671 1554 166 92 «plus

485 1644 169 72 par
581 1644 217 72 leurs
726 1644 289 72 qualités
943 1644 313 72 d’émotion
1184 1644 169 72 que
1280 1644 169 72 par
1376 1644 193 72 leur
1497 1644 361 72 technique».
1762 1644 72 72 A

484 1694 182 84 peu
588 1694 234 84 peint
744 1694 130 84 à
796 1694 312 84 l’huile;
1031 1694 286 84 emploie
1239 1694 286 84 surtout
1447 1694 156 84 la
1526 1694 312 84 détrempe
1734 1694 104 84 et

485 1771 394 68 l’aquarelle.
805 1771 123 68 A
855 1771 271 68 exécuté
1051 1771 246 68 nombre
1224 1771 148 68 de
1298 1771 369 68 décorations
1593 1771 148 68 de
1642 1771 197 68 toutes

487 1819 248 87 sortes:
668 1819 271 87 vitraux,
871 1819 316 87 mosaïques,
1119 1819 338 87 bas-reliefs
1389 1819 293 87 coloriés,
1592 1819 248 87 illustra-

486 1906 222 75 tions
634 1906 148 75 de
708 1906 271 75 livres.
905 1906 246 75 Robert
1077 1906 246 75 Anning
1249 1906 197 75 Bell
1372 1906 172 75 est
1471 1906 246 75 Membre
1619 1906 222 75 Associé

491 1969 142 70 de
562 1969 332 70 l’Académie
823 1969 237 70 royale
989 1969 142 70 de
1060 1969 285 70 Londres;
1274 1969 142 70 il
1345 1969 119 70 a
1392 1969 190 70 deux
1511 1969 285 70 tableaux
1724 1969 119 70 à
1748 1969 95 70 la

492 2030 282 94 National
703 2030 258 94 Gallery
890 2030 141 94 of
937 2030 141 94 Art.

549 2099 152 74 Il
625 2099 178 74 est
726 2099 228 74 marié
878 2099 203 74 avec
1005 2099 178 74 une
1107 2099 279 74 artiste
1309 2099 355 74 française,
1588 2099 178 74 Mme
1664 2099 178 74 Laure

470 2163 441 94 Richard
