3237.7952755905512 4329.133858267716
955.9055118110236 551.1811023622047 181.10236220472441 130.70866141732284 3.
1045.6692913385828 551.1811023622047 270.86614173228344 130.70866141732284 <b>La
1226.7716535433071 551.1811023622047 270.86614173228344 130.70866141732284 bonne
1376.3779527559054 551.1811023622047 451.9685039370079 130.70866141732284 Aventure</b>

1039.3700787401574 678.7401574803149 188.9763779527559 171.6535433070866 H.
1133.8582677165355 678.7401574803149 157.48031496062993 171.6535433070866 :
1196.8503937007874 678.7401574803149 188.9763779527559 171.6535433070866 0,
1291.3385826771653 678.7401574803149 220.4724409448819 171.6535433070866 54;
1418.8976377952756 678.7401574803149 188.9763779527559 171.6535433070866 L.
1513.3858267716535 678.7401574803149 157.48031496062993 171.6535433070866 :
1544.8818897637796 678.7401574803149 220.4724409448819 171.6535433070866 0,43.

412.59842519685037 845.6692913385826 258.26771653543307 140.15748031496062 Une
559.0551181102362 845.6692913385826 332.2834645669291 140.15748031496062 jeune
781.1023622047244 845.6692913385826 332.2834645669291 140.15748031496062 femme
1003.1496062992126 845.6692913385826 184.251968503937 140.15748031496062 e
1075.5905511811025 845.6692913385826 294.48818897637796 140.15748031496062 robe
1261.4173228346456 845.6692913385826 442.5196850393701 140.15748031496062 blanche,
1593.7007874015749 845.6692913385826 258.26771653543307 140.15748031496062 aux
1740.1574803149606 845.6692913385826 332.2834645669291 140.15748031496062 longs
1962.2047244094488 845.6692913385826 406.2992125984252 140.15748031496062 cheveux
2220.472440944882 845.6692913385826 258.26771653543307 140.15748031496062 roux,

338.5826771653543 970.0787401574803 234.64566929133858 91.33858267716535 aux
472.4409448818898 970.0787401574803 368.503937007874 91.33858267716535 épaules
740.1574803149606 970.0787401574803 300.78740157480314 91.33858267716535 nues,
940.1574803149606 970.0787401574803 335.43307086614175 91.33858267716535 assise
1174.8031496062993 970.0787401574803 234.64566929133858 91.33858267716535 sur
1308.6614173228347 970.0787401574803 201.5748031496063 91.33858267716535 un
1409.4488188976377 970.0787401574803 267.7165354330709 91.33858267716535 banc
1576.3779527559054 970.0787401574803 201.5748031496063 91.33858267716535 de
1677.1653543307086 970.0787401574803 368.503937007874 91.33858267716535 marbre,
1944.8818897637796 970.0787401574803 300.78740157480314 91.33858267716535 livre
2144.8818897637793 970.0787401574803 201.5748031496063 91.33858267716535 sa
2245.6692913385828 970.0787401574803 267.7165354330709 91.33858267716535 main
2379.527559055118 970.0787401574803 100.78740157480316 91.33858267716535 à

340.15748031496065 1075.5905511811025 250.39370078740157 89.76377952755905 une
483.46456692913387 1075.5905511811025 321.25984251968504 89.76377952755905 autre
697.6377952755905 1075.5905511811025 321.25984251968504 89.76377952755905 jeune
911.8110236220473 1075.5905511811025 355.90551181102364 89.76377952755905 femme,
1160.6299212598426 1075.5905511811025 321.25984251968504 89.76377952755905 vêtue
1374.8031496062993 1075.5905511811025 214.17322834645668 89.76377952755905 de
1481.8897637795276 1075.5905511811025 355.90551181102364 89.76377952755905 rouge,
1730.708661417323 1075.5905511811025 250.39370078740157 89.76377952755905 une
1874.015748031496 1075.5905511811025 428.34645669291336 89.76377952755905 couronne
2195.2755905511813 1075.5905511811025 214.17322834645668 89.76377952755905 de
2266.1417322834645 1075.5905511811025 214.17322834645668 89.76377952755905 lau-

349.6062992125984 1165.3543307086613 250.39370078740157 96.06299212598425 rier
507.0866141732283 1165.3543307086613 250.39370078740157 96.06299212598425 dans
662.992125984252 1165.3543307086613 218.89763779527559 96.06299212598425 les
787.4015748031496 1165.3543307086613 376.37795275590554 96.06299212598425 cheveux,
1069.291338582677 1165.3543307086613 313.38582677165357 96.06299212598425 assise
1289.763779527559 1165.3543307086613 155.90551181102362 96.06299212598425 à
1351.1811023622047 1165.3543307086613 187.4015748031496 96.06299212598425 sa
1445.6692913385828 1165.3543307086613 344.88188976377955 96.06299212598425 droite,
1696.0629921259842 1165.3543307086613 187.4015748031496 96.06299212598425 de
1790.5511811023623 1165.3543307086613 344.88188976377955 96.06299212598425 l’autre
2040.9448818897638 1165.3543307086613 250.39370078740157 96.06299212598425 côté
2196.850393700787 1165.3543307086613 187.4015748031496 96.06299212598425 du
2259.8425196850394 1165.3543307086613 218.89763779527559 96.06299212598425 banc.

351.18110236220474 1251.9685039370079 214.17322834645668 141.73228346456693 Sur
472.4409448818898 1251.9685039370079 182.6771653543307 141.73228346456693 le
563.7795275590552 1251.9685039370079 244.09448818897638 141.73228346456693 sol,
716.5354330708661 1251.9685039370079 152.75590551181102 141.73228346456693 à
777.9527559055118 1251.9685039370079 335.43307086614175 141.73228346456693 droite,
1022.0472440944882 1251.9685039370079 214.17322834645668 141.73228346456693 une
1143.3070866141732 1251.9685039370079 244.09448818897638 141.73228346456693 rose
1264.5669291338584 1251.9685039370079 396.8503937007874 141.73228346456693 effeuillée.

1185.8267716535433 1500.7874015748032 137.00787401574803 132.28346456692913 4.
1229.9212598425197 1500.7874015748032 411.0236220472441 132.28346456692913 <b>L’oracle</b>

1059.8425196850394 1622.0472440944882 193.70078740157481 181.10236220472441 H.
1157.4803149606298 1622.0472440944882 162.20472440944883 181.10236220472441 :
1222.0472440944882 1622.0472440944882 291.33858267716533 181.10236220472441 0,63;
1417.3228346456692 1622.0472440944882 193.70078740157481 181.10236220472441 L.
1513.3858267716535 1622.0472440944882 162.20472440944883 181.10236220472441 :
1546.4566929133857 1622.0472440944882 226.77165354330708 181.10236220472441 0,51.

428.34645669291336 1782.6771653543308 288.18897637795277 141.73228346456693 Trois
620.4724409448819 1782.6771653543308 321.25984251968504 141.73228346456693 jeunes
844.0944881889764 1782.6771653543308 321.25984251968504 141.73228346456693 filles
1069.291338582677 1782.6771653543308 192.1259842519685 141.73228346456693 en
1165.3543307086613 1782.6771653543308 288.18897637795277 141.73228346456693 blanc
1357.4803149606298 1782.6771653543308 225.1968503937008 141.73228346456693 sur
1486.6141732283465 1782.6771653543308 192.1259842519685 141.73228346456693 un
1582.6771653543308 1782.6771653543308 225.1968503937008 141.73228346456693 pré
1710.236220472441 1782.6771653543308 352.755905511811 141.73228346456693 émaillé
1966.9291338582677 1782.6771653543308 192.1259842519685 141.73228346456693 de
2031.4960629921259 1782.6771653543308 448.81889763779526 141.73228346456693 pâquerettes,

351.18110236220474 1935.4330708661416 203.1496062992126 103.93700787401575 en
451.9685039370079 1935.4330708661416 303.93700787401576 103.93700787401575 avant
655.1181102362204 1935.4330708661416 270.86614173228344 103.93700787401575 d'un
823.6220472440945 1935.4330708661416 270.86614173228344 103.93700787401575 fond
993.7007874015748 1935.4330708661416 203.1496062992126 103.93700787401575 de
1094.4881889763778 1935.4330708661416 303.93700787401576 103.93700787401575 parc,
1297.6377952755906 1935.4330708661416 270.86614173228344 103.93700787401575 dont
1466.1417322834645 1935.4330708661416 236.2204724409449 103.93700787401575 les
1601.5748031496064 1935.4330708661416 303.93700787401576 103.93700787401575 cimes
1804.724409448819 1935.4330708661416 203.1496062992126 103.93700787401575 se
1907.0866141732283 1935.4330708661416 439.37007874015745 103.93700787401575 découpent
2245.6692913385828 1935.4330708661416 236.2204724409449 103.93700787401575 sur
2346.4566929133857 1935.4330708661416 135.43307086614172 103.93700787401575 un

352.755905511811 2006.2992125984251 267.7165354330709 122.83464566929133 ciel
486.61417322834643 2006.2992125984251 333.8582677165354 122.83464566929133 nuageux.

436.2204724409449 2118.1102362204724 275.59055118110234 102.36220472440945 L’une
618.8976377952756 2118.1102362204724 366.92913385826773 102.36220472440945 d’elles,
894.488188976378 2118.1102362204724 152.75590551181102 102.36220472440945 à
955.9055118110236 2118.1102362204724 337.00787401574803 102.36220472440945 gauche,
1201.5748031496064 2118.1102362204724 184.251968503937 102.36220472440945 de
1292.9133858267717 2118.1102362204724 275.59055118110234 102.36220472440945 face,
1477.1653543307086 2118.1102362204724 275.59055118110234 102.36220472440945 tient
1659.8425196850394 2118.1102362204724 214.17322834645668 102.36220472440945 une
1782.6771653543308 2118.1102362204724 398.4251968503937 102.36220472440945 fleurette
2088.1889763779527 2118.1102362204724 337.00787401574803 102.36220472440945 qu’elle
2302.3622047244094 2118.1102362204724 184.251968503937 102.36220472440945 con-

357.4803149606299 2220.472440944882 321.25984251968504 111.81102362204724 temple
582.6771653543307 2220.472440944882 225.1968503937008 111.81102362204724 les
710.2362204724409 2220.472440944882 258.26771653543307 111.81102362204724 yeux
872.4409448818898 2220.472440944882 385.8267716535433 111.81102362204724 dilatés,
1162.2047244094488 2220.472440944882 321.25984251968504 111.81102362204724 tandis
1387.4015748031495 2220.472440944882 225.1968503937008 111.81102362204724 que
1516.5354330708662 2220.472440944882 385.8267716535433 111.81102362204724 derrière
1806.2992125984251 2220.472440944882 225.1968503937008 111.81102362204724 son
1933.8582677165355 2220.472440944882 354.3307086614173 111.81102362204724 épaule,
2192.1259842519685 2220.472440944882 289.76377952755905 111.81102362204724 l'une
2352.755905511811 2220.472440944882 129.13385826771653 111.81102362204724 de

357.4803149606299 2311.8110236220473 233.0708661417323 94.48818897637796 ses
489.76377952755905 2311.8110236220473 431.496062992126 94.48818897637796 compagnes
822.0472440944882 2311.8110236220473 365.3543307086614 94.48818897637796 souffle
1088.1889763779527 2311.8110236220473 198.4251968503937 94.48818897637796 et
1187.4015748031495 2311.8110236220473 266.1417322834646 94.48818897637796 fait
1352.755905511811 2311.8110236220473 365.3543307086614 94.48818897637796 envoler
1618.8976377952756 2311.8110236220473 233.0708661417323 94.48818897637796 les
1751.1811023622047 2311.8110236220473 398.4251968503937 94.48818897637796 pétales.
2050.3937007874015 2311.8110236220473 165.35433070866142 94.48818897637796 A
2116.535433070866 2311.8110236220473 365.3543307086614 94.48818897637796 droite,
2349.6062992125985 2311.8110236220473 132.28346456692913 94.48818897637796 la

357.4803149606299 2393.700787401575 411.0236220472441 122.83464566929133 troisième
674.0157480314961 2393.700787401575 285.03937007874015 122.83464566929133 jeune
864.5669291338583 2393.700787401575 316.53543307086613 122.83464566929133 fille,
1085.0393700787401 2393.700787401575 222.04724409448818 122.83464566929133 aux
1212.5984251968505 2393.700787401575 348.0314960629921 122.83464566929133 cheveux
1466.1417322834645 2393.700787401575 285.03937007874015 122.83464566929133 roux,
1655.1181102362204 2393.700787401575 222.04724409448818 122.83464566929133 est
1782.6771653543308 2393.700787401575 507.0866141732283 122.83464566929133 agenouillée,
2193.700787401575 2393.700787401575 222.04724409448818 122.83464566929133 les
2288.1889763779527 2393.700787401575 190.5511811023622 122.83464566929133 yeux

354.3307086614173 2508.6614173228345 278.74015748031496 99.21259842519684 demi
529.1338582677165 2508.6614173228345 313.38582677165357 99.21259842519684 clos,
738.5826771653543 2508.6614173228345 349.6062992125984 99.21259842519684 jouant
982.6771653543307 2508.6614173228345 278.74015748031496 99.21259842519684 avec
1155.9055118110236 2508.6614173228345 209.4488188976378 99.21259842519684 la
1261.4173228346456 2508.6614173228345 313.38582677165357 99.21259842519684 bride
1470.8661417322835 2508.6614173228345 209.4488188976378 99.21259842519684 de
1574.8031496062993 2508.6614173228345 244.09448818897638 99.21259842519684 son
1714.9606299212599 2508.6614173228345 418.8976377952756 99.21259842519684 chapeau,
2028.3464566929133 2508.6614173228345 349.6062992125984 99.21259842519684 pendue
2272.4409448818897 2508.6614173228345 174.8031496062992 99.21259842519684 à
2307.0866141732286 2508.6614173228345 174.8031496062992 99.21259842519684 ses

360.62992125984255 2587.4015748031497 319.68503937007875 92.91338582677166 lèvres.
592.1259842519685 2587.4015748031497 261.4173228346457 92.91338582677166 Signé
766.9291338582677 2587.4015748031497 174.8031496062992 92.91338582677166 et
853.5433070866142 2587.4015748031497 233.0708661417323 92.91338582677166 daté
998.4251968503937 2587.4015748031497 174.8031496062992 92.91338582677166 en
1086.6141732283465 2587.4015748031497 233.0708661417323 92.91338582677166 bas,
1231.4960629921259 2587.4015748031497 144.88188976377953 92.91338582677166 à
1289.763779527559 2587.4015748031497 319.68503937007875 92.91338582677166 gauche:
1522.8346456692914 2587.4015748031497 377.9527559055118 92.91338582677166 <i>Robert
1812.5984251968505 2587.4015748031497 289.76377952755905 92.91338582677166 Anning
2015.748031496063 2587.4015748031497 233.0708661417323 92.91338582677166 Bell
2132.283464566929 2587.4015748031497 261.4173228346457 92.91338582677166 97</i>

436.2204724409449 2689.763779527559 162.20472440944883 113.38582677165354 A
502.3622047244094 2689.763779527559 324.40944881889766 113.38582677165354 figuré
729.1338582677165 2689.763779527559 162.20472440944883 113.38582677165354 à
793.7007874015748 2689.763779527559 519.6850393700787 113.38582677165354 l’Exposition
1215.748031496063 2689.763779527559 584.2519685039371 113.38582677165354 internationale
1702.3622047244094 2689.763779527559 195.2755905511811 113.38582677165354 de
1798.4251968503936 2689.763779527559 422.0472440944882 113.38582677165354 Bruxelles
2122.834645669291 2689.763779527559 195.2755905511811 113.38582677165354 en
2220.472440944882 2689.763779527559 259.84251968503935 113.38582677165354 1897
2351.181102362205 2689.763779527559 129.13385826771653 113.38582677165354 et

357.4803149606299 2781.1023622047246 162.20472440944883 146.45669291338584 à
423.62204724409446 2781.1023622047246 521.2598425196851 146.45669291338584 l’Exposition
845.6692913385826 2781.1023622047246 455.11811023622045 146.45669291338584 Historique
1204.724409448819 2781.1023622047246 195.2755905511811 146.45669291338584 de
1302.3622047244094 2781.1023622047246 292.9133858267717 146.45669291338584 l’Art
1497.6377952755906 2781.1023622047246 357.4803149606299 146.45669291338584 anglais
1757.4803149606298 2781.1023622047246 162.20472440944883 146.45669291338584 à
1823.6220472440946 2781.1023622047246 455.11811023622045 146.45669291338584 Liverpool,
2181.1023622047246 2781.1023622047246 195.2755905511811 146.45669291338584 en
2245.6692913385828 2781.1023622047246 228.3464566929134 146.45669291338584 1908.
