<alto xmlns:xsi="http://www.w3.org/2001/XMLSchema-instance" xmlns="http://www.loc.gov/standards/alto/ns-v2#" xmlns:page="http://schema.primaresearch.org/PAGE/gts/pagecontent/2013-07-15" xsi:schemaLocation="http://www.loc.gov/standards/alto/ns-v2# http://www.loc.gov/standards/alto/alto.xsd">
  <Description>
    <MeasurementUnit>pixel</MeasurementUnit>
    <sourceImageInformation>
         <fileName>44.xml</fileName>
      </sourceImageInformation>
    <OCRProcessing ID="IdOcr">
      <ocrProcessingStep>
        <processingDateTime>2020-06-23T11:18:42.357+02:00</processingDateTime>
        <processingSoftware>
               <softwareCreator>CONTRIBUTORS</softwareCreator>
               <softwareName>pdfalto</softwareName>
               <softwareVersion>0.1</softwareVersion>
            </processingSoftware>
      </ocrProcessingStep>
    </OCRProcessing>
  </Description>
  <Styles>
     <TextStyle ID="FONT0" FONTFAMILY="unknown" FONTSIZE="unknown" FONTTYPE="unknown" FONTWIDTH="unknown" FONTCOLOR="unknown" FONTSTYLE=""/>
     <TextStyle ID="FONT1" FONTFAMILY="unknown" FONTSIZE="unknown" FONTTYPE="unknown" FONTWIDTH="unknown" FONTCOLOR="unknown" FONTSTYLE="bold"/>
     <TextStyle ID="FONT2" FONTFAMILY="unknown" FONTSIZE="unknown" FONTTYPE="unknown" FONTWIDTH="unknown" FONTCOLOR="unknown" FONTSTYLE="italics"/>
</Styles>
  <Tags/>
  <Layout>
    <Page ID="Page1" PHYSICAL_IMG_NR="1" HEIGHT="4314.96062992126" WIDTH="3262.9921259842517">
      <PrintSpace HEIGHT="3633.0708661417325" WIDTH="3133.8582677165355" VPOS="110.23622047244095" HPOS="3.1496062992125986">
        <TextBlock ID="r_1_1" HEIGHT="88.18897637795276" WIDTH="722.8346456692914" VPOS="842.5196850393701" HPOS="1444.0944881889764">
          <TextLine ID="tl_1" BASELINE="590" HEIGHT="110.23622047244095" WIDTH="744.8818897637796" VPOS="818.8976377952756" HPOS="1433.0708661417323">
            <String HEIGHT="110.23622047244095" WIDTH="420.4724409448819" VPOS="818.8976377952756" HPOS="1400.0" CONTENT="BIRLEY" ID="tl_1_1" STYLEREFS="FONT1"/>
            <SP HEIGHT="110.23622047244095" WIDTH="33.07086614173228" VPOS="818.8976377952756" HPOS="1822.0472440944882"/>
            <String HEIGHT="110.23622047244095" WIDTH="485.03937007874015" VPOS="818.8976377952756" HPOS="1692.9133858267717" CONTENT="(Oswald)." ID="tl_1_2" STYLEREFS="FONT1"/>
          </TextLine>
        </TextBlock>
        <TextBlock ID="r_2_1" HEIGHT="617.3228346456693" WIDTH="2080.314960629921" VPOS="1099.2125984251968" HPOS="766.9291338582677">
          <TextLine ID="tl_2" BASELINE="757" HEIGHT="148.03149606299212" WIDTH="2007.8740157480315" VPOS="1044.0944881889764" HPOS="839.3700787401575">
            <String HEIGHT="148.03149606299212" WIDTH="240.9448818897638" VPOS="1044.0944881889764" HPOS="800.0" CONTENT="Né" ID="tl_2_1" STYLEREFS="FONT0"/>
            <SP HEIGHT="148.03149606299212" WIDTH="40.94488188976378" VPOS="1044.0944881889764" HPOS="1040.9448818897638"/>
            <String HEIGHT="148.03149606299212" WIDTH="201.5748031496063" VPOS="1044.0944881889764" HPOS="919.6850393700787" CONTENT="à" ID="tl_2_2" STYLEREFS="FONT0"/>
            <SP HEIGHT="148.03149606299212" WIDTH="40.94488188976378" VPOS="1044.0944881889764" HPOS="1121.259842519685"/>
            <String HEIGHT="148.03149606299212" WIDTH="481.8897637795276" VPOS="1044.0944881889764" HPOS="1000.0" CONTENT="Auckland" ID="tl_2_3" STYLEREFS="FONT0"/>
            <SP HEIGHT="148.03149606299212" WIDTH="40.94488188976378" VPOS="1044.0944881889764" HPOS="1481.8897637795276"/>
            <String HEIGHT="148.03149606299212" WIDTH="924.4094488188977" VPOS="1044.0944881889764" HPOS="1362.2047244094488" CONTENT="(Nouvelle-Zélande)," ID="tl_2_4" STYLEREFS="FONT0"/>
            <SP HEIGHT="148.03149606299212" WIDTH="40.94488188976378" VPOS="1044.0944881889764" HPOS="2285.0393700787404"/>
            <String HEIGHT="148.03149606299212" WIDTH="240.9448818897638" VPOS="1044.0944881889764" HPOS="2165.3543307086616" CONTENT="le" ID="tl_2_5" STYLEREFS="FONT0"/>
            <SP HEIGHT="148.03149606299212" WIDTH="40.94488188976378" VPOS="1044.0944881889764" HPOS="2406.299212598425"/>
            <String HEIGHT="148.03149606299212" WIDTH="240.9448818897638" VPOS="1044.0944881889764" HPOS="2285.0393700787404" CONTENT="31" ID="tl_2_6" STYLEREFS="FONT0"/>
            <SP HEIGHT="148.03149606299212" WIDTH="40.94488188976378" VPOS="1044.0944881889764" HPOS="2525.984251968504"/>
            <String HEIGHT="148.03149606299212" WIDTH="321.25984251968504" VPOS="1044.0944881889764" HPOS="2406.299212598425" CONTENT="mars" ID="tl_2_7" STYLEREFS="FONT0"/>
            <SP HEIGHT="148.03149606299212" WIDTH="40.94488188976378" VPOS="1044.0944881889764" HPOS="2727.5590551181103"/>
            <String HEIGHT="148.03149606299212" WIDTH="281.8897637795276" VPOS="1044.0944881889764" HPOS="2566.9291338582675" CONTENT="1880;" ID="tl_2_8" STYLEREFS="FONT0"/>
          </TextLine>
          <TextLine ID="tl_3" BASELINE="822" HEIGHT="122.83464566929133" WIDTH="2094.488188976378" VPOS="1171.6535433070867" HPOS="760.6299212598425">
            <String HEIGHT="122.83464566929133" WIDTH="316.53543307086613" VPOS="1171.6535433070867" HPOS="721.2598425196851" CONTENT="mais" ID="tl_3_1" STYLEREFS="FONT0"/>
            <SP HEIGHT="122.83464566929133" WIDTH="39.37007874015748" VPOS="1171.6535433070867" HPOS="1037.7952755905512"/>
            <String HEIGHT="122.83464566929133" WIDTH="316.53543307086613" VPOS="1171.6535433070867" HPOS="918.1102362204724" CONTENT="venu" ID="tl_3_2" STYLEREFS="FONT0"/>
            <SP HEIGHT="122.83464566929133" WIDTH="39.37007874015748" VPOS="1171.6535433070867" HPOS="1234.6456692913387"/>
            <String HEIGHT="122.83464566929133" WIDTH="237.79527559055117" VPOS="1171.6535433070867" HPOS="1116.5354330708662" CONTENT="de" ID="tl_3_3" STYLEREFS="FONT0"/>
            <SP HEIGHT="122.83464566929133" WIDTH="39.37007874015748" VPOS="1171.6535433070867" HPOS="1352.755905511811"/>
            <String HEIGHT="122.83464566929133" WIDTH="355.90551181102364" VPOS="1171.6535433070867" HPOS="1234.6456692913387" CONTENT="bonne" ID="tl_3_4" STYLEREFS="FONT0"/>
            <SP HEIGHT="122.83464566929133" WIDTH="39.37007874015748" VPOS="1171.6535433070867" HPOS="1590.5511811023623"/>
            <String HEIGHT="122.83464566929133" WIDTH="355.90551181102364" VPOS="1171.6535433070867" HPOS="1472.4409448818897" CONTENT="heure" ID="tl_3_5" STYLEREFS="FONT0"/>
            <SP HEIGHT="122.83464566929133" WIDTH="39.37007874015748" VPOS="1171.6535433070867" HPOS="1828.3464566929133"/>
            <String HEIGHT="122.83464566929133" WIDTH="237.79527559055117" VPOS="1171.6535433070867" HPOS="1708.6614173228347" CONTENT="en" ID="tl_3_6" STYLEREFS="FONT0"/>
            <SP HEIGHT="122.83464566929133" WIDTH="39.37007874015748" VPOS="1171.6535433070867" HPOS="1946.4566929133857"/>
            <String HEIGHT="122.83464566929133" WIDTH="552.7559055118111" VPOS="1171.6535433070867" HPOS="1828.3464566929133" CONTENT="Angleterre" ID="tl_3_7" STYLEREFS="FONT0"/>
            <SP HEIGHT="122.83464566929133" WIDTH="39.37007874015748" VPOS="1171.6535433070867" HPOS="2381.1023622047246"/>
            <String HEIGHT="122.83464566929133" WIDTH="237.79527559055117" VPOS="1171.6535433070867" HPOS="2262.9921259842517" CONTENT="où" ID="tl_3_8" STYLEREFS="FONT0"/>
            <SP HEIGHT="122.83464566929133" WIDTH="39.37007874015748" VPOS="1171.6535433070867" HPOS="2499.212598425197"/>
            <String HEIGHT="122.83464566929133" WIDTH="237.79527559055117" VPOS="1171.6535433070867" HPOS="2381.1023622047246" CONTENT="il" ID="tl_3_9" STYLEREFS="FONT0"/>
            <SP HEIGHT="122.83464566929133" WIDTH="39.37007874015748" VPOS="1171.6535433070867" HPOS="2617.3228346456694"/>
            <String HEIGHT="122.83464566929133" WIDTH="395.2755905511811" VPOS="1171.6535433070867" HPOS="2499.212598425197" CONTENT="étudia" ID="tl_3_10" STYLEREFS="FONT0"/>
            <SP HEIGHT="122.83464566929133" WIDTH="39.37007874015748" VPOS="1171.6535433070867" HPOS="2894.488188976378"/>
            <String HEIGHT="122.83464566929133" WIDTH="118.11023622047244" VPOS="1171.6535433070867" HPOS="2737.0078740157483" CONTENT="à" ID="tl_3_11" STYLEREFS="FONT0"/>
          </TextLine>
          <TextLine ID="tl_4" BASELINE="882" HEIGHT="91.33858267716535" WIDTH="2100.787401574803" VPOS="1297.6377952755906" HPOS="754.3307086614174">
            <String HEIGHT="91.33858267716535" WIDTH="444.09448818897636" VPOS="1297.6377952755906" HPOS="713.3858267716536" CONTENT="Trinity" ID="tl_4_1" STYLEREFS="FONT0"/>
            <SP HEIGHT="91.33858267716535" WIDTH="40.94488188976378" VPOS="1297.6377952755906" HPOS="1159.0551181102362"/>
            <String HEIGHT="91.33858267716535" WIDTH="444.09448818897636" VPOS="1297.6377952755906" HPOS="1037.7952755905512" CONTENT="College" ID="tl_4_2" STYLEREFS="FONT0"/>
            <SP HEIGHT="91.33858267716535" WIDTH="40.94488188976378" VPOS="1297.6377952755906" HPOS="1481.8897637795276"/>
            <String HEIGHT="91.33858267716535" WIDTH="645.6692913385826" VPOS="1297.6377952755906" HPOS="1360.6299212598426" CONTENT="(Cambridge)." ID="tl_4_3" STYLEREFS="FONT0"/>
            <SP HEIGHT="91.33858267716535" WIDTH="40.94488188976378" VPOS="1297.6377952755906" HPOS="2006.2992125984251"/>
            <String HEIGHT="91.33858267716535" WIDTH="525.9842519685039" VPOS="1297.6377952755906" HPOS="1885.0393700787401" CONTENT="Développa" ID="tl_4_4" STYLEREFS="FONT0"/>
            <SP HEIGHT="91.33858267716535" WIDTH="40.94488188976378" VPOS="1297.6377952755906" HPOS="2411.0236220472443"/>
            <String HEIGHT="91.33858267716535" WIDTH="283.46456692913387" VPOS="1297.6377952755906" HPOS="2289.763779527559" CONTENT="son" ID="tl_4_5" STYLEREFS="FONT0"/>
            <SP HEIGHT="91.33858267716535" WIDTH="40.94488188976378" VPOS="1297.6377952755906" HPOS="2571.6535433070867"/>
            <String HEIGHT="91.33858267716535" WIDTH="444.09448818897636" VPOS="1297.6377952755906" HPOS="2411.0236220472443" CONTENT="éducation" ID="tl_4_6" STYLEREFS="FONT0"/>
          </TextLine>
          <TextLine ID="tl_5" BASELINE="956" HEIGHT="81.88976377952756" WIDTH="2099.212598425197" VPOS="1423.6220472440946" HPOS="757.4803149606299">
            <String HEIGHT="81.88976377952756" WIDTH="544.8818897637796" VPOS="1423.6220472440946" HPOS="718.1102362204724" CONTENT="artistique" ID="tl_5_1" STYLEREFS="FONT0"/>
            <SP HEIGHT="81.88976377952756" WIDTH="39.37007874015748" VPOS="1423.6220472440946" HPOS="1262.992125984252"/>
            <String HEIGHT="81.88976377952756" WIDTH="193.70078740157481" VPOS="1423.6220472440946" HPOS="1146.4566929133857" CONTENT="à" ID="tl_5_2" STYLEREFS="FONT0"/>
            <SP HEIGHT="81.88976377952756" WIDTH="39.37007874015748" VPOS="1423.6220472440946" HPOS="1340.1574803149606"/>
            <String HEIGHT="81.88976377952756" WIDTH="428.34645669291336" VPOS="1423.6220472440946" HPOS="1223.6220472440946" CONTENT="Dresde," ID="tl_5_3" STYLEREFS="FONT0"/>
            <SP HEIGHT="81.88976377952756" WIDTH="39.37007874015748" VPOS="1423.6220472440946" HPOS="1651.9685039370079"/>
            <String HEIGHT="81.88976377952756" WIDTH="233.0708661417323" VPOS="1423.6220472440946" HPOS="1535.4330708661416" CONTENT="en" ID="tl_5_4" STYLEREFS="FONT0"/>
            <SP HEIGHT="81.88976377952756" WIDTH="39.37007874015748" VPOS="1423.6220472440946" HPOS="1768.5039370078741"/>
            <String HEIGHT="81.88976377952756" WIDTH="388.9763779527559" VPOS="1423.6220472440946" HPOS="1651.9685039370079" CONTENT="Italie" ID="tl_5_5" STYLEREFS="FONT0"/>
            <SP HEIGHT="81.88976377952756" WIDTH="39.37007874015748" VPOS="1423.6220472440946" HPOS="2040.9448818897638"/>
            <String HEIGHT="81.88976377952756" WIDTH="233.0708661417323" VPOS="1423.6220472440946" HPOS="1924.4094488188975" CONTENT="et" ID="tl_5_6" STYLEREFS="FONT0"/>
            <SP HEIGHT="81.88976377952756" WIDTH="39.37007874015748" VPOS="1423.6220472440946" HPOS="2157.48031496063"/>
            <String HEIGHT="81.88976377952756" WIDTH="428.34645669291336" VPOS="1423.6220472440946" HPOS="2040.9448818897638" CONTENT="pendant" ID="tl_5_7" STYLEREFS="FONT0"/>
            <SP HEIGHT="81.88976377952756" WIDTH="39.37007874015748" VPOS="1423.6220472440946" HPOS="2467.716535433071"/>
            <String HEIGHT="81.88976377952756" WIDTH="388.9763779527559" VPOS="1423.6220472440946" HPOS="2351.181102362205" CONTENT="quatre" ID="tl_5_8" STYLEREFS="FONT0"/>
            <SP HEIGHT="81.88976377952756" WIDTH="39.37007874015748" VPOS="1423.6220472440946" HPOS="2740.1574803149606"/>
            <String HEIGHT="81.88976377952756" WIDTH="272.4409448818898" VPOS="1423.6220472440946" HPOS="2623.6220472440946" CONTENT="ans" ID="tl_5_9" STYLEREFS="FONT0"/>
            <SP HEIGHT="81.88976377952756" WIDTH="39.37007874015748" VPOS="1423.6220472440946" HPOS="2896.0629921259842"/>
            <String HEIGHT="81.88976377952756" WIDTH="116.53543307086615" VPOS="1423.6220472440946" HPOS="2740.1574803149606" CONTENT="à" ID="tl_5_10" STYLEREFS="FONT0"/>
          </TextLine>
          <TextLine ID="tl_6" BASELINE="1037" HEIGHT="144.88188976377953" WIDTH="2096.0629921259842" VPOS="1488.1889763779527" HPOS="762.2047244094488">
            <String HEIGHT="144.88188976377953" WIDTH="428.34645669291336" VPOS="1488.1889763779527" HPOS="719.6850393700787" CONTENT="Paris," ID="tl_6_1" STYLEREFS="FONT0"/>
            <SP HEIGHT="144.88188976377953" WIDTH="42.51968503937008" VPOS="1488.1889763779527" HPOS="1146.4566929133857"/>
            <String HEIGHT="144.88188976377953" WIDTH="384.251968503937" VPOS="1488.1889763779527" HPOS="1018.8976377952756" CONTENT="comme" ID="tl_6_2" STYLEREFS="FONT0"/>
            <SP HEIGHT="144.88188976377953" WIDTH="42.51968503937008" VPOS="1488.1889763779527" HPOS="1403.1496062992126"/>
            <String HEIGHT="144.88188976377953" WIDTH="384.251968503937" VPOS="1488.1889763779527" HPOS="1275.5905511811025" CONTENT="élève" ID="tl_6_3" STYLEREFS="FONT0"/>
            <SP HEIGHT="144.88188976377953" WIDTH="42.51968503937008" VPOS="1488.1889763779527" HPOS="1659.8425196850394"/>
            <String HEIGHT="144.88188976377953" WIDTH="256.6929133858268" VPOS="1488.1889763779527" HPOS="1532.283464566929" CONTENT="de" ID="tl_6_4" STYLEREFS="FONT0"/>
            <SP HEIGHT="144.88188976377953" WIDTH="42.51968503937008" VPOS="1488.1889763779527" HPOS="1788.976377952756"/>
            <String HEIGHT="144.88188976377953" WIDTH="428.34645669291336" VPOS="1488.1889763779527" HPOS="1659.8425196850394" CONTENT="Marcel" ID="tl_6_5" STYLEREFS="FONT0"/>
            <SP HEIGHT="144.88188976377953" WIDTH="42.51968503937008" VPOS="1488.1889763779527" HPOS="2088.1889763779527"/>
            <String HEIGHT="144.88188976377953" WIDTH="470.86614173228344" VPOS="1488.1889763779527" HPOS="1960.6299212598426" CONTENT="Baschet" ID="tl_6_6" STYLEREFS="FONT0"/>
            <SP HEIGHT="144.88188976377953" WIDTH="42.51968503937008" VPOS="1488.1889763779527" HPOS="2429.9212598425197"/>
            <String HEIGHT="144.88188976377953" WIDTH="214.17322834645668" VPOS="1488.1889763779527" HPOS="2302.3622047244094" CONTENT="à" ID="tl_6_7" STYLEREFS="FONT0"/>
            <SP HEIGHT="144.88188976377953" WIDTH="42.51968503937008" VPOS="1488.1889763779527" HPOS="2516.535433070866"/>
            <String HEIGHT="144.88188976377953" WIDTH="513.3858267716536" VPOS="1488.1889763779527" HPOS="2344.8818897637793" CONTENT="l’Académie" ID="tl_6_8" STYLEREFS="FONT0"/>
          </TextLine>
          <TextLine ID="tl_7" BASELINE="1097" HEIGHT="116.53543307086615" WIDTH="267.7165354330709" VPOS="1611.023622047244" HPOS="749.6062992125984">
            <String HEIGHT="116.53543307086615" WIDTH="344.88188976377955" VPOS="1611.023622047244" HPOS="672.4409448818898" CONTENT="Julian." ID="tl_7_1" STYLEREFS="FONT0"/>
          </TextLine>
        </TextBlock>
        <TextBlock ID="r_2_2" HEIGHT="288.18897637795277" WIDTH="2077.165354330709" VPOS="1737.007874015748" HPOS="770.0787401574803">
          <TextLine ID="tl_8" BASELINE="1161" HEIGHT="105.51181102362204" WIDTH="2014.1732283464567" VPOS="1722.8346456692914" HPOS="845.6692913385826">
            <String HEIGHT="105.51181102362204" WIDTH="335.43307086614175" VPOS="1722.8346456692914" HPOS="807.8740157480315" CONTENT="S’est" ID="tl_8_1" STYLEREFS="FONT0"/>
            <SP HEIGHT="105.51181102362204" WIDTH="37.79527559055118" VPOS="1722.8346456692914" HPOS="1143.3070866141732"/>
            <String HEIGHT="105.51181102362204" WIDTH="447.244094488189" VPOS="1722.8346456692914" HPOS="1031.4960629921259" CONTENT="consacré" ID="tl_8_2" STYLEREFS="FONT0"/>
            <SP HEIGHT="105.51181102362204" WIDTH="37.79527559055118" VPOS="1722.8346456692914" HPOS="1480.3149606299212"/>
            <String HEIGHT="105.51181102362204" WIDTH="297.6377952755906" VPOS="1722.8346456692914" HPOS="1368.5039370078741" CONTENT="plus" ID="tl_8_3" STYLEREFS="FONT0"/>
            <SP HEIGHT="105.51181102362204" WIDTH="37.79527559055118" VPOS="1722.8346456692914" HPOS="1666.1417322834645"/>
            <String HEIGHT="105.51181102362204" WIDTH="746.4566929133858" VPOS="1722.8346456692914" HPOS="1554.3307086614172" CONTENT="particulièrement" ID="tl_8_4" STYLEREFS="FONT0"/>
            <SP HEIGHT="105.51181102362204" WIDTH="37.79527559055118" VPOS="1722.8346456692914" HPOS="2300.787401574803"/>
            <String HEIGHT="105.51181102362204" WIDTH="261.4173228346457" VPOS="1722.8346456692914" HPOS="2188.9763779527557" CONTENT="aux" ID="tl_8_5" STYLEREFS="FONT0"/>
            <SP HEIGHT="105.51181102362204" WIDTH="37.79527559055118" VPOS="1722.8346456692914" HPOS="2448.818897637795"/>
            <String HEIGHT="105.51181102362204" WIDTH="522.8346456692914" VPOS="1722.8346456692914" HPOS="2337.0078740157483" CONTENT="intérieurs" ID="tl_8_6" STYLEREFS="FONT0"/>
            <SP HEIGHT="105.51181102362204" WIDTH="37.79527559055118" VPOS="1722.8346456692914" HPOS="2859.8425196850394"/>
            <String HEIGHT="105.51181102362204" WIDTH="149.60629921259843" VPOS="1722.8346456692914" HPOS="2710.236220472441" CONTENT="et" ID="tl_8_7" STYLEREFS="FONT0"/>
          </TextLine>
          <TextLine ID="tl_9" BASELINE="1233" HEIGHT="103.93700787401575" WIDTH="2099.212598425197" VPOS="1837.7952755905512" HPOS="759.0551181102362">
            <String HEIGHT="103.93700787401575" WIDTH="412.59842519685037" VPOS="1837.7952755905512" HPOS="721.2598425196851" CONTENT="surtout" ID="tl_9_1" STYLEREFS="FONT0"/>
            <SP HEIGHT="103.93700787401575" WIDTH="37.79527559055118" VPOS="1837.7952755905512" HPOS="1133.8582677165355"/>
            <String HEIGHT="103.93700787401575" WIDTH="262.99212598425197" VPOS="1837.7952755905512" HPOS="1022.0472440944882" CONTENT="aux" ID="tl_9_2" STYLEREFS="FONT0"/>
            <SP HEIGHT="103.93700787401575" WIDTH="37.79527559055118" VPOS="1837.7952755905512" HPOS="1283.4645669291338"/>
            <String HEIGHT="103.93700787401575" WIDTH="524.4094488188977" VPOS="1837.7952755905512" HPOS="1171.6535433070867" CONTENT="portraits." ID="tl_9_3" STYLEREFS="FONT0"/>
            <SP HEIGHT="103.93700787401575" WIDTH="37.79527559055118" VPOS="1837.7952755905512" HPOS="1696.0629921259842"/>
            <String HEIGHT="103.93700787401575" WIDTH="374.8031496062992" VPOS="1837.7952755905512" HPOS="1584.251968503937" CONTENT="Expose" ID="tl_9_4" STYLEREFS="FONT0"/>
            <SP HEIGHT="103.93700787401575" WIDTH="37.79527559055118" VPOS="1837.7952755905512" HPOS="1959.0551181102362"/>
            <String HEIGHT="103.93700787401575" WIDTH="262.99212598425197" VPOS="1837.7952755905512" HPOS="1845.6692913385828" CONTENT="aux" ID="tl_9_5" STYLEREFS="FONT0"/>
            <SP HEIGHT="103.93700787401575" WIDTH="37.79527559055118" VPOS="1837.7952755905512" HPOS="2108.6614173228345"/>
            <String HEIGHT="103.93700787401575" WIDTH="374.8031496062992" VPOS="1837.7952755905512" HPOS="1996.8503937007874" CONTENT="Salons" ID="tl_9_6" STYLEREFS="FONT0"/>
            <SP HEIGHT="103.93700787401575" WIDTH="37.79527559055118" VPOS="1837.7952755905512" HPOS="2371.6535433070867"/>
            <String HEIGHT="103.93700787401575" WIDTH="225.1968503937008" VPOS="1837.7952755905512" HPOS="2258.267716535433" CONTENT="de" ID="tl_9_7" STYLEREFS="FONT0"/>
            <SP HEIGHT="103.93700787401575" WIDTH="37.79527559055118" VPOS="1837.7952755905512" HPOS="2483.464566929134"/>
            <String HEIGHT="103.93700787401575" WIDTH="337.00787401574803" VPOS="1837.7952755905512" HPOS="2371.6535433070867" CONTENT="Paris" ID="tl_9_8" STYLEREFS="FONT0"/>
            <SP HEIGHT="103.93700787401575" WIDTH="37.79527559055118" VPOS="1837.7952755905512" HPOS="2708.6614173228345"/>
            <String HEIGHT="103.93700787401575" WIDTH="299.21259842519686" VPOS="1837.7952755905512" HPOS="2559.0551181102364" CONTENT="depuis" ID="tl_9_9" STYLEREFS="FONT0"/>
          </TextLine>
          <TextLine ID="tl_10" BASELINE="1292" HEIGHT="94.48818897637796" WIDTH="204.7244094488189" VPOS="1940.1574803149606" HPOS="768.503937007874">
            <String HEIGHT="94.48818897637796" WIDTH="286.61417322834643" VPOS="1940.1574803149606" HPOS="686.6141732283464" CONTENT="1901." ID="tl_10_1" STYLEREFS="FONT0"/>
          </TextLine>
        </TextBlock>
        <TextBlock ID="r_2_3" HEIGHT="195.2755905511811" WIDTH="2081.8897637795276" VPOS="2053.5433070866143" HPOS="765.3543307086615">
          <TextLine ID="tl_11" BASELINE="1360" HEIGHT="138.58267716535434" WIDTH="2014.1732283464567" VPOS="2003.1496062992126" HPOS="845.6692913385826">
            <String HEIGHT="138.58267716535434" WIDTH="403.1496062992126" VPOS="2003.1496062992126" HPOS="804.7244094488188" CONTENT="Engagé" ID="tl_11_1" STYLEREFS="FONT0"/>
            <SP HEIGHT="138.58267716535434" WIDTH="40.94488188976378" VPOS="2003.1496062992126" HPOS="1207.8740157480315"/>
            <String HEIGHT="138.58267716535434" WIDTH="362.20472440944883" VPOS="2003.1496062992126" HPOS="1086.6141732283465" CONTENT="comme" ID="tl_11_2" STYLEREFS="FONT0"/>
            <SP HEIGHT="138.58267716535434" WIDTH="40.94488188976378" VPOS="2003.1496062992126" HPOS="1450.3937007874015"/>
            <String HEIGHT="138.58267716535434" WIDTH="403.1496062992126" VPOS="2003.1496062992126" HPOS="1329.1338582677165" CONTENT="simple" ID="tl_11_3" STYLEREFS="FONT0"/>
            <SP HEIGHT="138.58267716535434" WIDTH="40.94488188976378" VPOS="2003.1496062992126" HPOS="1732.283464566929"/>
            <String HEIGHT="138.58267716535434" WIDTH="403.1496062992126" VPOS="2003.1496062992126" HPOS="1611.023622047244" CONTENT="soldat" ID="tl_11_4" STYLEREFS="FONT0"/>
            <SP HEIGHT="138.58267716535434" WIDTH="40.94488188976378" VPOS="2003.1496062992126" HPOS="2014.1732283464567"/>
            <String HEIGHT="138.58267716535434" WIDTH="240.9448818897638" VPOS="2003.1496062992126" HPOS="1892.9133858267717" CONTENT="au" ID="tl_11_5" STYLEREFS="FONT0"/>
            <SP HEIGHT="138.58267716535434" WIDTH="40.94488188976378" VPOS="2003.1496062992126" HPOS="2135.433070866142"/>
            <String HEIGHT="138.58267716535434" WIDTH="362.20472440944883" VPOS="2003.1496062992126" HPOS="2014.1732283464567" CONTENT="début" ID="tl_11_6" STYLEREFS="FONT0"/>
            <SP HEIGHT="138.58267716535434" WIDTH="40.94488188976378" VPOS="2003.1496062992126" HPOS="2376.3779527559054"/>
            <String HEIGHT="138.58267716535434" WIDTH="240.9448818897638" VPOS="2003.1496062992126" HPOS="2255.1181102362207" CONTENT="de" ID="tl_11_7" STYLEREFS="FONT0"/>
            <SP HEIGHT="138.58267716535434" WIDTH="40.94488188976378" VPOS="2003.1496062992126" HPOS="2497.6377952755906"/>
            <String HEIGHT="138.58267716535434" WIDTH="240.9448818897638" VPOS="2003.1496062992126" HPOS="2376.3779527559054" CONTENT="la" ID="tl_11_8" STYLEREFS="FONT0"/>
            <SP HEIGHT="138.58267716535434" WIDTH="40.94488188976378" VPOS="2003.1496062992126" HPOS="2618.8976377952754"/>
            <String HEIGHT="138.58267716535434" WIDTH="403.1496062992126" VPOS="2003.1496062992126" HPOS="2456.6929133858266" CONTENT="présente" ID="tl_11_9" STYLEREFS="FONT0"/>
          </TextLine>
          <TextLine ID="tl_12" BASELINE="1458" HEIGHT="160.62992125984252" WIDTH="1448.8188976377953" VPOS="2135.433070866142" HPOS="752.7559055118111">
            <String HEIGHT="160.62992125984252" WIDTH="431.496062992126" VPOS="2135.433070866142" HPOS="713.3858267716536" CONTENT="guerre;" ID="tl_12_1" STYLEREFS="FONT0"/>
            <SP HEIGHT="160.62992125984252" WIDTH="39.37007874015748" VPOS="2135.433070866142" HPOS="1144.8818897637796"/>
            <String HEIGHT="160.62992125984252" WIDTH="587.4015748031496" VPOS="2135.433070866142" HPOS="1026.7716535433071" CONTENT="aujourd’hui" ID="tl_12_2" STYLEREFS="FONT0"/>
            <SP HEIGHT="160.62992125984252" WIDTH="39.37007874015748" VPOS="2135.433070866142" HPOS="1614.1732283464567"/>
            <String HEIGHT="160.62992125984252" WIDTH="352.755905511811" VPOS="2135.433070866142" HPOS="1496.0629921259842" CONTENT="promu" ID="tl_12_3" STYLEREFS="FONT0"/>
            <SP HEIGHT="160.62992125984252" WIDTH="39.37007874015748" VPOS="2135.433070866142" HPOS="1848.8188976377953"/>
            <String HEIGHT="160.62992125984252" WIDTH="508.66141732283467" VPOS="2135.433070866142" HPOS="1692.9133858267717" CONTENT="lieutenant." ID="tl_12_4" STYLEREFS="FONT0"/>
          </TextLine>
        </TextBlock>
        <TextBlock ID="r_3_1" HEIGHT="74.01574803149606" WIDTH="966.9291338582677" VPOS="2474.015748031496" HPOS="1340.1574803149606">
          <TextLine ID="tl_13" BASELINE="1639" HEIGHT="160.62992125984252" WIDTH="992.1259842519685" VPOS="2420.472440944882" HPOS="1327.5590551181103">
            <String HEIGHT="160.62992125984252" WIDTH="174.8031496062992" VPOS="2420.472440944882" HPOS="1297.6377952755906" CONTENT="5." ID="tl_13_1" STYLEREFS="FONT0"/>
            <SP HEIGHT="160.62992125984252" WIDTH="29.921259842519685" VPOS="2420.472440944882" HPOS="1474.015748031496"/>
            <String HEIGHT="160.62992125984252" WIDTH="437.79527559055117" VPOS="2420.472440944882" HPOS="1385.8267716535433" CONTENT="Portrait" ID="tl_13_2" STYLEREFS="FONT1"/>
            <SP HEIGHT="160.62992125984252" WIDTH="29.921259842519685" VPOS="2420.472440944882" HPOS="1823.6220472440946"/>
            <String HEIGHT="160.62992125984252" WIDTH="233.0708661417323" VPOS="2420.472440944882" HPOS="1735.4330708661416" CONTENT="dans" ID="tl_13_3" STYLEREFS="FONT1"/>
            <SP HEIGHT="160.62992125984252" WIDTH="29.921259842519685" VPOS="2420.472440944882" HPOS="1970.0787401574803"/>
            <String HEIGHT="160.62992125984252" WIDTH="174.8031496062992" VPOS="2420.472440944882" HPOS="1881.8897637795276" CONTENT="un" ID="tl_13_4" STYLEREFS="FONT1"/>
            <SP HEIGHT="160.62992125984252" WIDTH="29.921259842519685" VPOS="2420.472440944882" HPOS="2056.6929133858266"/>
            <String HEIGHT="160.62992125984252" WIDTH="379.5275590551181" VPOS="2420.472440944882" HPOS="1940.1574803149606" CONTENT="miroir." ID="tl_13_5" STYLEREFS="FONT1"/>
          </TextLine>
        </TextBlock>
        <TextBlock ID="r_3_2" HEIGHT="77.16535433070867" WIDTH="648.8188976377953" VPOS="2640.9448818897636" HPOS="1500.7874015748032">
          <TextLine ID="tl_14" BASELINE="1761" HEIGHT="200.0" WIDTH="672.4409448818898" VPOS="2573.228346456693" HPOS="1489.763779527559">
            <String HEIGHT="200.0" WIDTH="174.8031496062992" VPOS="2573.228346456693" HPOS="1459.8425196850394" CONTENT="H." ID="tl_14_1" STYLEREFS="FONT0"/>
            <SP HEIGHT="200.0" WIDTH="29.921259842519685" VPOS="2573.228346456693" HPOS="1636.2204724409448"/>
            <String HEIGHT="200.0" WIDTH="146.45669291338584" VPOS="2573.228346456693" HPOS="1548.0314960629921" CONTENT=":" ID="tl_14_2" STYLEREFS="FONT0"/>
            <SP HEIGHT="200.0" WIDTH="29.921259842519685" VPOS="2573.228346456693" HPOS="1694.4881889763778"/>
            <String HEIGHT="200.0" WIDTH="174.8031496062992" VPOS="2573.228346456693" HPOS="1606.2992125984251" CONTENT="0," ID="tl_14_3" STYLEREFS="FONT0"/>
            <SP HEIGHT="200.0" WIDTH="29.921259842519685" VPOS="2573.228346456693" HPOS="1782.6771653543308"/>
            <String HEIGHT="200.0" WIDTH="204.7244094488189" VPOS="2573.228346456693" HPOS="1694.4881889763778" CONTENT="90;" ID="tl_14_4" STYLEREFS="FONT0"/>
            <SP HEIGHT="200.0" WIDTH="29.921259842519685" VPOS="2573.228346456693" HPOS="1899.2125984251968"/>
            <String HEIGHT="200.0" WIDTH="174.8031496062992" VPOS="2573.228346456693" HPOS="1811.023622047244" CONTENT="L." ID="tl_14_5" STYLEREFS="FONT0"/>
            <SP HEIGHT="200.0" WIDTH="29.921259842519685" VPOS="2573.228346456693" HPOS="1987.4015748031495"/>
            <String HEIGHT="200.0" WIDTH="146.45669291338584" VPOS="2573.228346456693" HPOS="1899.2125984251968" CONTENT=":" ID="tl_14_6" STYLEREFS="FONT0"/>
            <SP HEIGHT="200.0" WIDTH="29.921259842519685" VPOS="2573.228346456693" HPOS="2045.6692913385828"/>
            <String HEIGHT="200.0" WIDTH="174.8031496062992" VPOS="2573.228346456693" HPOS="1957.4803149606298" CONTENT="1," ID="tl_14_7" STYLEREFS="FONT0"/>
            <SP HEIGHT="200.0" WIDTH="29.921259842519685" VPOS="2573.228346456693" HPOS="2132.283464566929"/>
            <String HEIGHT="200.0" WIDTH="146.45669291338584" VPOS="2573.228346456693" HPOS="2015.748031496063" CONTENT="30." ID="tl_14_8" STYLEREFS="FONT0"/>
          </TextLine>
        </TextBlock>
        <TextBlock ID="r_3_3" HEIGHT="439.37007874015745" WIDTH="2078.740157480315" VPOS="2858.267716535433" HPOS="773.2283464566929">
          <TextLine ID="tl_15" BASELINE="1866" HEIGHT="111.81102362204724" WIDTH="2020.4724409448818" VPOS="2826.771653543307" HPOS="839.3700787401575">
            <String HEIGHT="111.81102362204724" WIDTH="288.18897637795277" VPOS="2826.771653543307" HPOS="803.1496062992126" CONTENT="Dans" ID="tl_15_1" STYLEREFS="FONT0"/>
            <SP HEIGHT="111.81102362204724" WIDTH="36.22047244094488" VPOS="2826.771653543307" HPOS="1091.3385826771653"/>
            <String HEIGHT="111.81102362204724" WIDTH="612.5984251968504" VPOS="2826.771653543307" HPOS="984.2519685039371" CONTENT="l’encadrement" ID="tl_15_2" STYLEREFS="FONT0"/>
            <SP HEIGHT="111.81102362204724" WIDTH="36.22047244094488" VPOS="2826.771653543307" HPOS="1596.8503937007874"/>
            <String HEIGHT="111.81102362204724" WIDTH="324.40944881889766" VPOS="2826.771653543307" HPOS="1488.1889763779527" CONTENT="laqué" ID="tl_15_3" STYLEREFS="FONT0"/>
            <SP HEIGHT="111.81102362204724" WIDTH="36.22047244094488" VPOS="2826.771653543307" HPOS="1814.1732283464567"/>
            <String HEIGHT="111.81102362204724" WIDTH="215.748031496063" VPOS="2826.771653543307" HPOS="1705.5118110236222" CONTENT="de" ID="tl_15_4" STYLEREFS="FONT0"/>
            <SP HEIGHT="111.81102362204724" WIDTH="36.22047244094488" VPOS="2826.771653543307" HPOS="1921.259842519685"/>
            <String HEIGHT="111.81102362204724" WIDTH="324.40944881889766" VPOS="2826.771653543307" HPOS="1814.1732283464567" CONTENT="blanc" ID="tl_15_5" STYLEREFS="FONT0"/>
            <SP HEIGHT="111.81102362204724" WIDTH="36.22047244094488" VPOS="2826.771653543307" HPOS="2138.582677165354"/>
            <String HEIGHT="111.81102362204724" WIDTH="324.40944881889766" VPOS="2826.771653543307" HPOS="2029.9212598425197" CONTENT="d’une" ID="tl_15_6" STYLEREFS="FONT0"/>
            <SP HEIGHT="111.81102362204724" WIDTH="36.22047244094488" VPOS="2826.771653543307" HPOS="2354.3307086614172"/>
            <String HEIGHT="111.81102362204724" WIDTH="324.40944881889766" VPOS="2826.771653543307" HPOS="2247.244094488189" CONTENT="glace" ID="tl_15_7" STYLEREFS="FONT0"/>
            <SP HEIGHT="111.81102362204724" WIDTH="36.22047244094488" VPOS="2826.771653543307" HPOS="2571.6535433070867"/>
            <String HEIGHT="111.81102362204724" WIDTH="433.07086614173227" VPOS="2826.771653543307" HPOS="2426.771653543307" CONTENT="couronnant" ID="tl_15_8" STYLEREFS="FONT0"/>
          </TextLine>
          <TextLine ID="tl_16" BASELINE="1940" HEIGHT="124.40944881889764" WIDTH="2099.212598425197" VPOS="2930.7086614173227" HPOS="765.3543307086615">
            <String HEIGHT="124.40944881889764" WIDTH="237.79527559055117" VPOS="2930.7086614173227" HPOS="732.2834645669292" CONTENT="une" ID="tl_16_1" STYLEREFS="FONT0"/>
            <SP HEIGHT="124.40944881889764" WIDTH="34.645669291338585" VPOS="2930.7086614173227" HPOS="968.503937007874"/>
            <String HEIGHT="124.40944881889764" WIDTH="440.9448818897638" VPOS="2930.7086614173227" HPOS="867.7165354330708" CONTENT="cheminée," ID="tl_16_2" STYLEREFS="FONT0"/>
            <SP HEIGHT="124.40944881889764" WIDTH="34.645669291338585" VPOS="2930.7086614173227" HPOS="1307.0866141732283"/>
            <String HEIGHT="124.40944881889764" WIDTH="373.2283464566929" VPOS="2930.7086614173227" HPOS="1206.2992125984251" CONTENT="l’image" ID="tl_16_3" STYLEREFS="FONT0"/>
            <SP HEIGHT="124.40944881889764" WIDTH="34.645669291338585" VPOS="2930.7086614173227" HPOS="1577.9527559055118"/>
            <String HEIGHT="124.40944881889764" WIDTH="203.1496062992126" VPOS="2930.7086614173227" HPOS="1477.1653543307086" CONTENT="du" ID="tl_16_4" STYLEREFS="FONT0"/>
            <SP HEIGHT="124.40944881889764" WIDTH="34.645669291338585" VPOS="2930.7086614173227" HPOS="1680.3149606299212"/>
            <String HEIGHT="124.40944881889764" WIDTH="373.2283464566929" VPOS="2930.7086614173227" HPOS="1577.9527559055118" CONTENT="peintre" ID="tl_16_5" STYLEREFS="FONT0"/>
            <SP HEIGHT="124.40944881889764" WIDTH="34.645669291338585" VPOS="2930.7086614173227" HPOS="1951.1811023622047"/>
            <String HEIGHT="124.40944881889764" WIDTH="440.9448818897638" VPOS="2930.7086614173227" HPOS="1848.8188976377953" CONTENT="apparaît," ID="tl_16_6" STYLEREFS="FONT0"/>
            <SP HEIGHT="124.40944881889764" WIDTH="34.645669291338585" VPOS="2930.7086614173227" HPOS="2289.763779527559"/>
            <String HEIGHT="124.40944881889764" WIDTH="305.51181102362204" VPOS="2930.7086614173227" HPOS="2187.4015748031497" CONTENT="noyée" ID="tl_16_7" STYLEREFS="FONT0"/>
            <SP HEIGHT="124.40944881889764" WIDTH="34.645669291338585" VPOS="2930.7086614173227" HPOS="2492.9133858267714"/>
            <String HEIGHT="124.40944881889764" WIDTH="270.86614173228344" VPOS="2930.7086614173227" HPOS="2390.551181102362" CONTENT="dans" ID="tl_16_8" STYLEREFS="FONT0"/>
            <SP HEIGHT="124.40944881889764" WIDTH="34.645669291338585" VPOS="2930.7086614173227" HPOS="2661.417322834646"/>
            <String HEIGHT="124.40944881889764" WIDTH="203.1496062992126" VPOS="2930.7086614173227" HPOS="2560.6299212598424" CONTENT="le" ID="tl_16_9" STYLEREFS="FONT0"/>
            <SP HEIGHT="124.40944881889764" WIDTH="34.645669291338585" VPOS="2930.7086614173227" HPOS="2763.779527559055"/>
            <String HEIGHT="124.40944881889764" WIDTH="237.79527559055117" VPOS="2930.7086614173227" HPOS="2628.3464566929133" CONTENT="demi" SUBS_TYPE="HypPart1" SUBS_CONTENT="demijour" ID="tl_16_10" STYLEREFS="FONT0"/>
            <HYP CONTENT="-"/>
          </TextLine>
          <TextLine ID="tl_17" BASELINE="1990" HEIGHT="107.08661417322834" WIDTH="2099.212598425197" VPOS="3026.771653543307" HPOS="762.2047244094488">
            <String HEIGHT="107.08661417322834" WIDTH="250.39370078740157" VPOS="3026.771653543307" HPOS="730.7086614173228" CONTENT="jour" SUBS_TYPE="HypPart2" SUBS_CONTENT="demijour" ID="tl_17_1" STYLEREFS="FONT0"/>
            <SP HEIGHT="107.08661417322834" WIDTH="31.496062992125985" VPOS="3026.771653543307" HPOS="981.1023622047244"/>
            <String HEIGHT="107.08661417322834" WIDTH="187.4015748031496" VPOS="3026.771653543307" HPOS="888.1889763779527" CONTENT="de" ID="tl_17_2" STYLEREFS="FONT0"/>
            <SP HEIGHT="107.08661417322834" WIDTH="31.496062992125985" VPOS="3026.771653543307" HPOS="1075.5905511811025"/>
            <String HEIGHT="107.08661417322834" WIDTH="187.4015748031496" VPOS="3026.771653543307" HPOS="981.1023622047244" CONTENT="la" ID="tl_17_3" STYLEREFS="FONT0"/>
            <SP HEIGHT="107.08661417322834" WIDTH="31.496062992125985" VPOS="3026.771653543307" HPOS="1170.0787401574803"/>
            <String HEIGHT="107.08661417322834" WIDTH="313.38582677165357" VPOS="3026.771653543307" HPOS="1075.5905511811025" CONTENT="pièce." ID="tl_17_4" STYLEREFS="FONT0"/>
            <SP HEIGHT="107.08661417322834" WIDTH="31.496062992125985" VPOS="3026.771653543307" HPOS="1388.976377952756"/>
            <String HEIGHT="107.08661417322834" WIDTH="187.4015748031496" VPOS="3026.771653543307" HPOS="1294.4881889763778" CONTENT="En" ID="tl_17_5" STYLEREFS="FONT0"/>
            <SP HEIGHT="107.08661417322834" WIDTH="31.496062992125985" VPOS="3026.771653543307" HPOS="1483.4645669291338"/>
            <String HEIGHT="107.08661417322834" WIDTH="313.38582677165357" VPOS="3026.771653543307" HPOS="1388.976377952756" CONTENT="avant," ID="tl_17_6" STYLEREFS="FONT0"/>
            <SP HEIGHT="107.08661417322834" WIDTH="31.496062992125985" VPOS="3026.771653543307" HPOS="1702.3622047244094"/>
            <String HEIGHT="107.08661417322834" WIDTH="218.89763779527559" VPOS="3026.771653543307" HPOS="1607.8740157480315" CONTENT="sur" ID="tl_17_7" STYLEREFS="FONT0"/>
            <SP HEIGHT="107.08661417322834" WIDTH="31.496062992125985" VPOS="3026.771653543307" HPOS="1826.7716535433071"/>
            <String HEIGHT="107.08661417322834" WIDTH="187.4015748031496" VPOS="3026.771653543307" HPOS="1733.8582677165355" CONTENT="la" ID="tl_17_8" STYLEREFS="FONT0"/>
            <SP HEIGHT="107.08661417322834" WIDTH="31.496062992125985" VPOS="3026.771653543307" HPOS="1921.259842519685"/>
            <String HEIGHT="107.08661417322834" WIDTH="407.87401574803147" VPOS="3026.771653543307" HPOS="1826.7716535433071" CONTENT="tablette," ID="tl_17_9" STYLEREFS="FONT0"/>
            <SP HEIGHT="107.08661417322834" WIDTH="31.496062992125985" VPOS="3026.771653543307" HPOS="2234.6456692913384"/>
            <String HEIGHT="107.08661417322834" WIDTH="376.37795275590554" VPOS="3026.771653543307" HPOS="2140.1574803149606" CONTENT="vivement" ID="tl_17_10" STYLEREFS="FONT0"/>
            <SP HEIGHT="107.08661417322834" WIDTH="31.496062992125985" VPOS="3026.771653543307" HPOS="2516.535433070866"/>
            <String HEIGHT="107.08661417322834" WIDTH="407.87401574803147" VPOS="3026.771653543307" HPOS="2422.047244094488" CONTENT="éclairés," ID="tl_17_11" STYLEREFS="FONT0"/>
            <SP HEIGHT="107.08661417322834" WIDTH="31.496062992125985" VPOS="3026.771653543307" HPOS="2829.9212598425197"/>
            <String HEIGHT="107.08661417322834" WIDTH="155.90551181102362" VPOS="3026.771653543307" HPOS="2705.511811023622" CONTENT="des" ID="tl_17_12" STYLEREFS="FONT0"/>
          </TextLine>
          <TextLine ID="tl_18" BASELINE="2066" HEIGHT="130.70866141732284" WIDTH="2099.212598425197" VPOS="3122.834645669291" HPOS="762.2047244094488">
            <String HEIGHT="130.70866141732284" WIDTH="485.03937007874015" VPOS="3122.834645669291" HPOS="729.1338582677165" CONTENT="candélabres" ID="tl_18_1" STYLEREFS="FONT0"/>
            <SP HEIGHT="130.70866141732284" WIDTH="33.07086614173228" VPOS="3122.834645669291" HPOS="1214.1732283464567"/>
            <String HEIGHT="130.70866141732284" WIDTH="193.70078740157481" VPOS="3122.834645669291" HPOS="1118.1102362204724" CONTENT="de" ID="tl_18_2" STYLEREFS="FONT0"/>
            <SP HEIGHT="130.70866141732284" WIDTH="33.07086614173228" VPOS="3122.834645669291" HPOS="1311.8110236220473"/>
            <String HEIGHT="130.70866141732284" WIDTH="355.90551181102364" VPOS="3122.834645669291" HPOS="1214.1732283464567" CONTENT="cristal" ID="tl_18_3" STYLEREFS="FONT0"/>
            <SP HEIGHT="130.70866141732284" WIDTH="33.07086614173228" VPOS="3122.834645669291" HPOS="1570.0787401574803"/>
            <String HEIGHT="130.70866141732284" WIDTH="193.70078740157481" VPOS="3122.834645669291" HPOS="1472.4409448818897" CONTENT="et" ID="tl_18_4" STYLEREFS="FONT0"/>
            <SP HEIGHT="130.70866141732284" WIDTH="33.07086614173228" VPOS="3122.834645669291" HPOS="1666.1417322834645"/>
            <String HEIGHT="130.70866141732284" WIDTH="226.77165354330708" VPOS="3122.834645669291" HPOS="1570.0787401574803" CONTENT="des" ID="tl_18_5" STYLEREFS="FONT0"/>
            <SP HEIGHT="130.70866141732284" WIDTH="33.07086614173228" VPOS="3122.834645669291" HPOS="1795.275590551181"/>
            <String HEIGHT="130.70866141732284" WIDTH="387.40157480314963" VPOS="3122.834645669291" HPOS="1699.2125984251968" CONTENT="bibelots" ID="tl_18_6" STYLEREFS="FONT0"/>
            <SP HEIGHT="130.70866141732284" WIDTH="33.07086614173228" VPOS="3122.834645669291" HPOS="2086.6141732283463"/>
            <String HEIGHT="130.70866141732284" WIDTH="193.70078740157481" VPOS="3122.834645669291" HPOS="1988.976377952756" CONTENT="de" ID="tl_18_7" STYLEREFS="FONT0"/>
            <SP HEIGHT="130.70866141732284" WIDTH="33.07086614173228" VPOS="3122.834645669291" HPOS="2182.6771653543306"/>
            <String HEIGHT="130.70866141732284" WIDTH="451.9685039370079" VPOS="3122.834645669291" HPOS="2086.6141732283463" CONTENT="porcelaine" ID="tl_18_8" STYLEREFS="FONT0"/>
            <SP HEIGHT="130.70866141732284" WIDTH="33.07086614173228" VPOS="3122.834645669291" HPOS="2538.582677165354"/>
            <String HEIGHT="130.70866141732284" WIDTH="193.70078740157481" VPOS="3122.834645669291" HPOS="2440.9448818897636" CONTENT="ou" ID="tl_18_9" STYLEREFS="FONT0"/>
            <SP HEIGHT="130.70866141732284" WIDTH="33.07086614173228" VPOS="3122.834645669291" HPOS="2634.6456692913384"/>
            <String HEIGHT="130.70866141732284" WIDTH="193.70078740157481" VPOS="3122.834645669291" HPOS="2538.582677165354" CONTENT="de" ID="tl_18_10" STYLEREFS="FONT0"/>
            <SP HEIGHT="130.70866141732284" WIDTH="33.07086614173228" VPOS="3122.834645669291" HPOS="2732.283464566929"/>
            <String HEIGHT="130.70866141732284" WIDTH="258.26771653543307" VPOS="3122.834645669291" HPOS="2603.149606299213" CONTENT="bronze" ID="tl_18_11" STYLEREFS="FONT0"/>
          </TextLine>
          <TextLine ID="tl_19" BASELINE="2114" HEIGHT="111.81102362204724" WIDTH="422.0472440944882" VPOS="3217.3228346456694" HPOS="765.3543307086615">
            <String HEIGHT="111.81102362204724" WIDTH="211.0236220472441" VPOS="3217.3228346456694" HPOS="730.7086614173228" CONTENT="de" ID="tl_19_1" STYLEREFS="FONT0"/>
            <SP HEIGHT="111.81102362204724" WIDTH="34.645669291338585" VPOS="3217.3228346456694" HPOS="941.7322834645669"/>
            <String HEIGHT="111.81102362204724" WIDTH="211.0236220472441" VPOS="3217.3228346456694" HPOS="836.2204724409448" CONTENT="la" ID="tl_19_2" STYLEREFS="FONT0"/>
            <SP HEIGHT="111.81102362204724" WIDTH="34.645669291338585" VPOS="3217.3228346456694" HPOS="1047.244094488189"/>
            <String HEIGHT="111.81102362204724" WIDTH="281.8897637795276" VPOS="3217.3228346456694" HPOS="905.511811023622" CONTENT="Chine." ID="tl_19_3" STYLEREFS="FONT0"/>
          </TextLine>
        </TextBlock>
        <TextBlock ID="r_3_4" HEIGHT="81.88976377952756" WIDTH="1648.8188976377953" VPOS="3400.0" HPOS="850.3937007874016">
          <TextLine ID="tl_20" BASELINE="2218" HEIGHT="130.70866141732284" WIDTH="1670.8661417322835" VPOS="3362.2047244094488" HPOS="839.3700787401575">
            <String HEIGHT="130.70866141732284" WIDTH="255.11811023622047" VPOS="3362.2047244094488" HPOS="811.0236220472441" CONTENT="Signé" ID="tl_20_1" STYLEREFS="FONT0"/>
            <SP HEIGHT="130.70866141732284" WIDTH="28.346456692913385" VPOS="3362.2047244094488" HPOS="1066.1417322834645"/>
            <String HEIGHT="130.70866141732284" WIDTH="170.07874015748033" VPOS="3362.2047244094488" HPOS="981.1023622047244" CONTENT="et" ID="tl_20_2" STYLEREFS="FONT0"/>
            <SP HEIGHT="130.70866141732284" WIDTH="28.346456692913385" VPOS="3362.2047244094488" HPOS="1151.1811023622047"/>
            <String HEIGHT="130.70866141732284" WIDTH="226.77165354330708" VPOS="3362.2047244094488" HPOS="1066.1417322834645" CONTENT="daté" ID="tl_20_3" STYLEREFS="FONT0"/>
            <SP HEIGHT="130.70866141732284" WIDTH="28.346456692913385" VPOS="3362.2047244094488" HPOS="1292.9133858267717"/>
            <String HEIGHT="130.70866141732284" WIDTH="170.07874015748033" VPOS="3362.2047244094488" HPOS="1207.8740157480315" CONTENT="en" ID="tl_20_4" STYLEREFS="FONT0"/>
            <SP HEIGHT="130.70866141732284" WIDTH="28.346456692913385" VPOS="3362.2047244094488" HPOS="1377.9527559055118"/>
            <String HEIGHT="130.70866141732284" WIDTH="226.77165354330708" VPOS="3362.2047244094488" HPOS="1292.9133858267717" CONTENT="bas," ID="tl_20_5" STYLEREFS="FONT0"/>
            <SP HEIGHT="130.70866141732284" WIDTH="28.346456692913385" VPOS="3362.2047244094488" HPOS="1519.6850393700788"/>
            <String HEIGHT="130.70866141732284" WIDTH="141.73228346456693" VPOS="3362.2047244094488" HPOS="1434.6456692913387" CONTENT="à" ID="tl_20_6" STYLEREFS="FONT0"/>
            <SP HEIGHT="130.70866141732284" WIDTH="28.346456692913385" VPOS="3362.2047244094488" HPOS="1576.3779527559054"/>
            <String HEIGHT="130.70866141732284" WIDTH="311.81102362204723" VPOS="3362.2047244094488" HPOS="1491.3385826771653" CONTENT="droite," ID="tl_20_7" STYLEREFS="FONT0"/>
            <SP HEIGHT="130.70866141732284" WIDTH="28.346456692913385" VPOS="3362.2047244094488" HPOS="1801.5748031496064"/>
            <String HEIGHT="130.70866141732284" WIDTH="368.503937007874" VPOS="3362.2047244094488" HPOS="1716.5354330708662" CONTENT="Oswald" ID="tl_20_8" STYLEREFS="FONT2"/>
            <SP HEIGHT="130.70866141732284" WIDTH="28.346456692913385" VPOS="3362.2047244094488" HPOS="2085.0393700787404"/>
            <String HEIGHT="130.70866141732284" WIDTH="425.1968503937008" VPOS="3362.2047244094488" HPOS="2000.0" CONTENT="Birley," ID="tl_20_9" STYLEREFS="FONT2"/>
            <SP HEIGHT="130.70866141732284" WIDTH="28.346456692913385" VPOS="3362.2047244094488" HPOS="2425.196850393701"/>
            <String HEIGHT="130.70866141732284" WIDTH="198.4251968503937" VPOS="3362.2047244094488" HPOS="2311.8110236220473" CONTENT="1910." ID="tl_20_10" STYLEREFS="FONT0"/>
          </TextLine>
        </TextBlock>
        <GraphicalElement ID="r_4" HEIGHT="166.9291338582677" WIDTH="6.299212598425197" VPOS="110.23622047244095" HPOS="3.1496062992125986"/>
        <GraphicalElement ID="r_5" HEIGHT="198.4251968503937" WIDTH="14.173228346456693" VPOS="601.5748031496063" HPOS="3114.9606299212596"/>
      </PrintSpace>
    </Page>
  </Layout>
</alto>
