3237.7952755905512 4329.133858267716
637.7952755905512 1074.015748031496 710.2362204724409 124.40944881889764 <b>BURNE-JONES</b>
1250.3937007874015 1074.015748031496 354.3307086614173 124.40944881889764 (<b>Sir
1508.6614173228347 1074.015748031496 322.8346456692913 124.40944881889764 Edward
1702.3622047244094 1074.015748031496 418.8976377952756 124.40944881889764 Coley</b>).

392.12598425196853 1365.3543307086613 245.66929133858267 122.83464566929133 Né
514.9606299212599 1365.3543307086613 204.7244094488189 122.83464566929133 à
596.8503937007874 1365.3543307086613 614.1732283464567 122.83464566929133 Birmingham,
1088.1889763779527 1365.3543307086613 245.66929133858267 122.83464566929133 le
1211.023622047244 1365.3543307086613 245.66929133858267 122.83464566929133 28
1333.8582677165355 1365.3543307086613 327.5590551181102 122.83464566929133 août
1540.1574803149606 1365.3543307086613 368.503937007874 122.83464566929133 1833;
1785.8267716535433 1365.3543307086613 327.5590551181102 122.83464566929133 mort
1990.5511811023623 1365.3543307086613 204.7244094488189 122.83464566929133 à
2031.4960629921259 1365.3543307086613 409.4488188976378 122.83464566929133 Londres,

311.81102362204723 1469.291338582677 236.2204724409449 132.28346456692913 le
429.9212598425197 1469.291338582677 236.2204724409449 132.28346456692913 16
548.0314960629921 1469.291338582677 314.96062992125985 132.28346456692913 juin
703.9370078740158 1469.291338582677 275.59055118110234 132.28346456692913 1898.

400.0 1577.9527559055118 557.4803149606299 129.13385826771653 Burne-Jones
847.2440944881889 1577.9527559055118 335.43307086614175 129.13385826771653 entra
1069.291338582677 1577.9527559055118 185.82677165354332 129.13385826771653 à
1144.8818897637796 1577.9527559055118 371.65354330708664 129.13385826771653 Exeter
1404.724409448819 1577.9527559055118 445.6692913385827 129.13385826771653 College,
1738.5826771653544 1577.9527559055118 185.82677165354332 129.13385826771653 à
1814.1732283464567 1577.9527559055118 409.4488188976378 129.13385826771653 Oxford,
2111.8110236220473 1577.9527559055118 223.6220472440945 129.13385826771653 en
2185.8267716535433 1577.9527559055118 259.84251968503935 129.13385826771653 1852,

311.81102362204723 1702.3622047244094 283.46456692913387 102.36220472440945 avec
489.76377952755905 1702.3622047244094 532.2834645669292 102.36220472440945 l’intention
916.5354330708661 1702.3622047244094 212.5984251968504 102.36220472440945 de
1023.6220472440945 1702.3622047244094 390.5511811023622 102.36220472440945 prendre
1307.0866141732283 1702.3622047244094 248.8188976377953 102.36220472440945 les
1448.8188976377953 1702.3622047244094 390.5511811023622 102.36220472440945 ordres;
1733.8582677165355 1702.3622047244094 212.5984251968504 102.36220472440945 il
1839.3700787401574 1702.3622047244094 177.95275590551182 102.36220472440945 y
1911.8110236220473 1702.3622047244094 355.90551181102364 102.36220472440945 connut
2124.4094488188975 1702.3622047244094 319.68503937007875 102.36220472440945 William

311.81102362204723 1781.1023622047244 396.8503937007874 125.98425196850394 Morris.
600.0 1781.1023622047244 215.748031496063 125.98425196850394 Sa
708.6614173228346 1781.1023622047244 433.07086614173227 125.98425196850394 vocation
1033.0708661417323 1781.1023622047244 505.51181102362204 125.98425196850394 artistique
1429.9212598425197 1781.1023622047244 396.8503937007874 125.98425196850394 s’étant
1719.6850393700788 1781.1023622047244 469.29133858267716 125.98425196850394 éveillée,
2080.314960629921 1781.1023622047244 215.748031496063 125.98425196850394 il
2188.9763779527557 1781.1023622047244 288.18897637795277 125.98425196850394 vint
2332.283464566929 1781.1023622047244 108.66141732283465 125.98425196850394 à

311.81102362204723 1885.0393700787401 418.8976377952756 102.36220472440945 Londres
617.3228346456693 1885.0393700787401 228.3464566929134 102.36220472440945 en
730.7086614173228 1885.0393700787401 343.3070866141732 102.36220472440945 1856,
959.0551181102362 1885.0393700787401 305.51181102362204 102.36220472440945 avec
1151.1811023622047 1885.0393700787401 571.6535433070866 102.36220472440945 l’intention
1607.8740157480315 1885.0393700787401 228.3464566929134 102.36220472440945 de
1722.8346456692914 1885.0393700787401 228.3464566929134 102.36220472440945 la
1837.7952755905512 1885.0393700787401 533.8582677165355 102.36220472440945 développer
2218.8976377952754 1885.0393700787401 228.3464566929134 102.36220472440945 près

310.23622047244095 1990.5511811023623 214.17322834645668 110.23622047244095 de
417.3228346456693 1990.5511811023623 462.99212598425197 110.23622047244095 Rossetti,
773.2283464566929 1990.5511811023623 285.03937007874015 110.23622047244095 dont
951.1811023622047 1990.5511811023623 248.8188976377953 110.23622047244095 les
1094.4881889763778 1990.5511811023623 426.7716535433071 110.23622047244095 premiers
1414.1732283464567 1990.5511811023623 426.7716535433071 110.23622047244095 ouvrages
1735.4330708661416 1990.5511811023623 392.12598425196853 110.23622047244095 avaient
2020.4724409448818 1990.5511811023623 285.03937007874015 110.23622047244095 fait
2162.2047244094488 1990.5511811023623 285.03937007874015 110.23622047244095 naître

307.0866141732283 2108.6614173228345 237.79527559055117 116.53543307086615 en
425.1968503937008 2108.6614173228345 277.1653543307087 116.53543307086615 lui
584.2519685039371 2108.6614173228345 277.1653543307087 116.53543307086615 une
743.3070866141733 2108.6614173228345 316.53543307086613 116.53543307086615 vive
941.7322834645669 2108.6614173228345 595.2755905511812 116.53543307086615 admiration.
1417.3228346456692 2108.6614173228345 277.1653543307087 116.53543307086615 Les
1574.8031496062993 2108.6614173228345 396.8503937007874 116.53543307086615 frères
1812.5984251968505 2108.6614173228345 634.6456692913385 116.53543307086615 préraphaélites

308.66141732283467 2228.3464566929133 398.4251968503937 88.18897637795276 étaient
598.4251968503937 2228.3464566929133 289.76377952755905 88.18897637795276 déjà
779.5275590551181 2228.3464566929133 507.0866141732283 88.18897637795276 dispersés.
1179.5275590551182 2228.3464566929133 544.8818897637796 88.18897637795276 Burne-Jones
1614.1732283464567 2228.3464566929133 362.20472440944883 88.18897637795276 s’unit
1867.716535433071 2228.3464566929133 181.10236220472441 88.18897637795276 à
1941.732283464567 2228.3464566929133 253.54330708661416 88.18897637795276 son
2086.6141732283463 2228.3464566929133 362.20472440944883 88.18897637795276 maître
2303.9370078740158 2228.3464566929133 144.88188976377953 88.18897637795276 et

308.66141732283467 2314.9606299212596 190.5511811023622 119.68503937007874 à
384.251968503937 2314.9606299212596 418.8976377952756 119.68503937007874 William
689.7637795275591 2314.9606299212596 418.8976377952756 119.68503937007874 Morris,
995.2755905511812 2314.9606299212596 305.51181102362204 119.68503937007874 avec
1185.8267716535433 2314.9606299212596 267.7165354330709 119.68503937007874 les
1338.5826771653544 2314.9606299212596 686.6141732283464 119.68503937007874 encouragements
1910.236220472441 2314.9606299212596 228.3464566929134 119.68503937007874 et
2025.1968503937007 2314.9606299212596 418.8976377952756 119.68503937007874 l’appui
2291.3385826771655 2314.9606299212596 152.75590551181102 119.68503937007874 de

308.66141732283467 2429.9212598425197 412.59842519685037 102.36220472440945 Ruskin,
609.4488188976378 2429.9212598425197 299.21259842519686 102.36220472440945 pour
796.8503937007874 2429.9212598425197 374.8031496062992 102.36220472440945 fonder
1058.267716535433 2429.9212598425197 262.99212598425197 102.36220472440945 une
1207.8740157480315 2429.9212598425197 337.00787401574803 102.36220472440945 sorte
1433.0708661417323 2429.9212598425197 637.7952755905512 102.36220472440945 d’association
1959.0551181102362 2429.9212598425197 225.1968503937008 102.36220472440945 de
2033.0708661417323 2429.9212598425197 412.59842519685037 102.36220472440945 caractère

305.51181102362204 2543.3070866141734 544.8818897637796 92.91338582677166 esthétique,
740.1574803149606 2543.3070866141734 325.98425196850394 92.91338582677166 moral
959.0551181102362 2543.3070866141734 217.3228346456693 92.91338582677166 et
1067.716535433071 2543.3070866141734 398.4251968503937 92.91338582677166 social,
1357.4803149606298 2543.3070866141734 289.76377952755905 92.91338582677166 pour
1538.5826771653544 2543.3070866141734 470.86614173228344 92.91338582677166 restaurer
1900.7874015748032 2543.3070866141734 253.54330708661416 92.91338582677166 les
2011.023622047244 2543.3070866141734 434.6456692913386 92.91338582677166 industries

303.93700787401576 2622.047244094488 344.88188976377955 102.36220472440945 d’art
532.2834645669292 2622.047244094488 229.92125984251967 102.36220472440945 et
647.2440944881889 2622.047244094488 458.26771653543307 102.36220472440945 répandre
992.1259842519685 2622.047244094488 382.6771653543307 102.36220472440945 l’idée
1259.8425196850394 2622.047244094488 229.92125984251967 102.36220472440945 du
1374.8031496062993 2622.047244094488 305.51181102362204 102.36220472440945 beau
1565.3543307086613 2622.047244094488 382.6771653543307 102.36220472440945 jusque
1833.0708661417323 2622.047244094488 305.51181102362204 102.36220472440945 dans
2025.1968503937007 2622.047244094488 229.92125984251967 102.36220472440945 la
2100.787401574803 2622.047244094488 344.88188976377955 102.36220472440945 demeure

303.93700787401576 2738.582677165354 247.24409448818898 121.25984251968504 du
385.8267716535433 2738.582677165354 371.65354330708664 121.25984251968504 pauvre.

388.9763779527559 2825.196850393701 240.9448818897638 127.55905511811024 En
508.66141732283467 2825.196850393701 362.20472440944883 127.55905511811024 1855,
749.6062992125984 2825.196850393701 240.9448818897638 127.55905511811024 il
870.8661417322835 2825.196850393701 321.25984251968504 127.55905511811024 fit,
1070.8661417322835 2825.196850393701 321.25984251968504 127.55905511811024 avec
1272.4409448818897 2825.196850393701 442.5196850393701 127.55905511811024 Morris,
1593.7007874015749 2825.196850393701 240.9448818897638 127.55905511811024 un
1713.3858267716535 2825.196850393701 401.5748031496063 127.55905511811024 voyage
1995.275590551181 2825.196850393701 240.9448818897638 127.55905511811024 en
2075.5905511811025 2825.196850393701 362.20472440944883 127.55905511811024 France;

302.3622047244094 2959.0551181102364 237.79527559055117 86.61417322834646 en
420.4724409448819 2959.0551181102364 355.90551181102364 86.61417322834646 1859,
658.2677165354331 2959.0551181102364 237.79527559055117 86.61417322834646 il
776.3779527559055 2959.0551181102364 434.6456692913386 86.61417322834646 voyagea
1094.4881889763778 2959.0551181102364 237.79527559055117 86.61417322834646 en
1212.5984251968505 2959.0551181102364 434.6456692913386 86.61417322834646 Italie,
1529.1338582677165 2959.0551181102364 593.7007874015748 86.61417322834646 renouvelant
2004.724409448819 2959.0551181102364 395.2755905511811 86.61417322834646 devant
2240.9448818897636 2959.0551181102364 198.4251968503937 86.61417322834646 les

300.78740157480314 3055.1181102362207 426.7716535433071 105.51181102362204 maîtres
612.5984251968504 3055.1181102362207 272.4409448818898 105.51181102362204 les
766.9291338582677 3055.1181102362207 426.7716535433071 105.51181102362204 sources
1077.1653543307086 3055.1181102362207 233.0708661417323 105.51181102362204 de
1193.7007874015749 3055.1181102362207 272.4409448818898 105.51181102362204 son
1349.6062992125985 3055.1181102362207 620.4724409448819 105.51181102362204 inspiration;
1853.5433070866143 3055.1181102362207 233.0708661417323 105.51181102362204 il
1970.0787401574803 3055.1181102362207 193.70078740157481 105.51181102362204 y
2009.4488188976377 3055.1181102362207 426.7716535433071 105.51181102362204 retourna,

302.3622047244094 3155.9055118110236 228.3464566929134 96.06299212598425 en
415.748031496063 3155.9055118110236 343.3070866141732 96.06299212598425 1862,
645.6692913385826 3155.9055118110236 305.51181102362204 96.06299212598425 avec
836.2204724409448 3155.9055118110236 418.8976377952756 96.06299212598425 Ruskin,
1140.1574803149606 3155.9055118110236 228.3464566929134 96.06299212598425 et
1255.1181102362204 3155.9055118110236 305.51181102362204 96.06299212598425 plus
1445.6692913385828 3155.9055118110236 343.3070866141732 96.06299212598425 tard,
1674.015748031496 3155.9055118110236 228.3464566929134 96.06299212598425 en
1788.976377952756 3155.9055118110236 305.51181102362204 96.06299212598425 1871
1979.5275590551182 3155.9055118110236 228.3464566929134 96.06299212598425 et
2092.9133858267714 3155.9055118110236 343.3070866141732 96.06299212598425 1873.
2283.464566929134 3155.9055118110236 152.75590551181102 96.06299212598425 Il

299.21259842519686 3248.818897637795 425.1968503937008 107.08661417322834 s’était
609.4488188976378 3248.818897637795 348.0314960629921 107.08661417322834 marié
840.9448818897638 3248.818897637795 231.49606299212599 107.08661417322834 en
955.9055118110236 3248.818897637795 308.66141732283467 107.08661417322834 1860
1149.6062992125985 3248.818897637795 308.66141732283467 107.08661417322834 avec
1343.3070866141732 3248.818897637795 308.66141732283467 107.08661417322834 Miss
1535.4330708661416 3248.818897637795 502.3622047244094 107.08661417322834 Georgiana
1883.4645669291338 3248.818897637795 462.99212598425197 107.08661417322834 Macdonald.

385.8267716535433 3360.6299212598424 615.7480314960629 108.66141732283465 Burne-Jones
878.7401574803149 3360.6299212598424 204.7244094488189 108.66141732283465 a
960.6299212598425 3360.6299212598424 492.9133858267717 108.66141732283465 commencé
1330.708661417323 3360.6299212598424 288.18897637795277 108.66141732283465 par
1494.4881889763778 3360.6299212598424 288.18897637795277 108.66141732283465 des
1658.267716535433 3360.6299212598424 697.6377952755905 108.66141732283465 illustrations
2193.700787401575 3360.6299212598424 245.66929133858267 108.66141732283465 pour
