2056 2749
405 682 451 79 <b>BURNE-JONES</b>
794 682 225 79 (<b>Sir
958 682 205 79 Edward
1081 682 266 79 Coley</b>).

249 867 156 78 Né
327 867 130 78 à
379 867 390 78 Birmingham,
691 867 156 78 le
769 867 156 78 28
847 867 208 78 août
978 867 234 78 1833;
1134 867 208 78 mort
1264 867 130 78 à
1290 867 260 78 Londres,

198 933 150 84 le
273 933 150 84 16
348 933 200 84 juin
447 933 175 84 1898.

254 1002 354 82 Burne-Jones
538 1002 213 82 entra
679 1002 118 82 à
727 1002 236 82 Exeter
892 1002 283 82 College,
1104 1002 118 82 à
1152 1002 260 82 Oxford,
1341 1002 142 82 en
1388 1002 165 82 1852,

198 1081 180 65 avec
311 1081 338 65 l’intention
582 1081 135 65 de
650 1081 248 65 prendre
830 1081 158 65 les
920 1081 248 65 ordres;
1101 1081 135 65 il
1168 1081 113 65 y
1214 1081 226 65 connut
1349 1081 203 65 William

198 1131 252 80 Morris.
381 1131 137 80 Sa
450 1131 275 80 vocation
656 1131 321 80 artistique
908 1131 252 80 s’étant
1092 1131 298 80 éveillée,
1321 1131 137 80 il
1390 1131 183 80 vint
1481 1131 69 80 à

198 1197 266 65 Londres
392 1197 145 65 en
464 1197 218 65 1856,
609 1197 194 65 avec
731 1197 363 65 l’intention
1021 1197 145 65 de
1094 1197 145 65 la
1167 1197 339 65 développer
1409 1197 145 65 près

197 1264 136 70 de
265 1264 294 70 Rossetti,
491 1264 181 70 dont
604 1264 158 70 les
695 1264 271 70 premiers
898 1264 271 70 ouvrages
1102 1264 249 70 avaient
1283 1264 181 70 fait
1373 1264 181 70 naître

195 1339 151 74 en
270 1339 176 74 lui
371 1339 176 74 une
472 1339 201 74 vive
598 1339 378 74 admiration.
900 1339 176 74 Les
1000 1339 252 74 frères
1151 1339 403 74 préraphaélites

196 1415 253 56 étaient
380 1415 184 56 déjà
495 1415 322 56 dispersés.
749 1415 346 56 Burne-Jones
1025 1415 230 56 s’unit
1186 1415 115 56 à
1233 1415 161 56 son
1325 1415 230 56 maître
1463 1415 92 56 et

196 1470 121 76 à
244 1470 266 76 William
438 1470 266 76 Morris,
632 1470 194 76 avec
753 1470 170 76 les
850 1470 436 76 encouragements
1213 1470 145 76 et
1286 1470 266 76 l’appui
1455 1470 97 76 de

196 1543 262 65 Ruskin,
387 1543 190 65 pour
506 1543 238 65 fonder
672 1543 167 65 une
767 1543 214 65 sorte
910 1543 405 65 d’association
1244 1543 143 65 de
1291 1543 262 65 caractère

194 1615 346 59 esthétique,
470 1615 207 59 moral
609 1615 138 59 et
678 1615 253 59 social,
862 1615 184 59 pour
977 1615 299 59 restaurer
1207 1615 161 59 les
1277 1615 276 59 industries

193 1665 219 65 d’art
338 1665 146 65 et
411 1665 291 65 répandre
630 1665 243 65 l’idée
800 1665 146 65 du
873 1665 194 65 beau
994 1665 243 65 jusque
1164 1665 194 65 dans
1286 1665 146 65 la
1334 1665 219 65 demeure

193 1739 157 77 du
245 1739 236 77 pauvre.

247 1794 153 81 En
323 1794 230 81 1855,
476 1794 153 81 il
553 1794 204 81 fit,
680 1794 204 81 avec
808 1794 281 81 Morris,
1012 1794 153 81 un
1088 1794 255 81 voyage
1267 1794 153 81 en
1318 1794 230 81 France;

192 1879 151 55 en
267 1879 226 55 1859,
418 1879 151 55 il
493 1879 276 55 voyagea
695 1879 151 55 en
770 1879 276 55 Italie,
971 1879 377 55 renouvelant
1273 1879 251 55 devant
1423 1879 126 55 les

191 1940 271 67 maîtres
389 1940 173 67 les
487 1940 271 67 sources
684 1940 148 67 de
758 1940 173 67 son
857 1940 394 67 inspiration;
1177 1940 148 67 il
1251 1940 123 67 y
1276 1940 271 67 retourna,

192 2004 145 61 en
264 2004 218 61 1862,
410 2004 194 61 avec
531 2004 266 61 Ruskin,
724 2004 145 61 et
797 2004 194 61 plus
918 2004 218 61 tard,
1063 2004 145 61 en
1136 2004 194 61 1871
1257 2004 145 61 et
1329 2004 218 61 1873.
1450 2004 97 61 Il

190 2063 270 68 s’était
387 2063 221 68 marié
534 2063 147 68 en
607 2063 196 68 1860
730 2063 196 68 avec
853 2063 196 68 Miss
975 2063 319 68 Georgiana
1196 2063 294 68 Macdonald.

245 2134 391 69 Burne-Jones
558 2134 130 69 a
610 2134 313 69 commencé
845 2134 183 69 par
949 2134 183 69 des
1053 2134 443 69 illustrations
1393 2134 156 69 pour
