3291.3385826771655 4314.96062992126
1247.244094488189 985.8267716535433 508.66141732283467 182.6771653543307 CONDER
1636.2204724409448 985.8267716535433 777.9527559055118 182.6771653543307 (Charles

851.9685039370079 1286.6141732283465 214.17322834645668 138.58267716535434 Né
959.0551181102362 1286.6141732283465 179.5275590551181 138.58267716535434 à
1031.4960629921259 1286.6141732283465 393.7007874015748 138.58267716535434 Londres
1318.1102362204724 1286.6141732283465 214.17322834645668 138.58267716535434 le
1425.1968503937007 1286.6141732283465 214.17322834645668 138.58267716535434 24
1532.283464566929 1286.6141732283465 393.7007874015748 138.58267716535434 octobre
1818.8976377952756 1286.6141732283465 322.8346456692913 138.58267716535434 1868,
2033.0708661417323 1286.6141732283465 286.61417322834643 138.58267716535434 mort
2212.5984251968503 1286.6141732283465 214.17322834645668 138.58267716535434 le
2319.685039370079 1286.6141732283465 179.5275590551181 138.58267716535434 9
2392.1259842519685 1286.6141732283465 393.7007874015748 138.58267716535434 février
2642.51968503937 1286.6141732283465 250.39370078740157 138.58267716535434 1909.

760.6299212598425 1385.8267716535433 450.3937007874016 129.13385826771653 Voyagea
1088.1889763779527 1385.8267716535433 327.5590551181102 129.13385826771653 dans
1292.9133858267717 1385.8267716535433 245.66929133858267 129.13385826771653 sa
1415.748031496063 1385.8267716535433 491.33858267716533 129.13385826771653 jeunesse
1784.251968503937 1385.8267716535433 286.61417322834643 129.13385826771653 aux
1946.4566929133857 1385.8267716535433 368.503937007874 129.13385826771653 Indes
2192.1259842519685 1385.8267716535433 245.66929133858267 129.13385826771653 et
2314.9606299212596 1385.8267716535433 245.66929133858267 129.13385826771653 en
2396.850393700787 1385.8267716535433 491.33858267716533 129.13385826771653 Australie.

763.7795275590552 1502.3622047244094 486.61417322834643 111.81102362204724 Travailla
1138.5826771653544 1502.3622047244094 225.1968503937008 111.81102362204724 en
1250.3937007874015 1502.3622047244094 374.8031496062992 111.81102362204724 France
1513.3858267716535 1502.3622047244094 299.21259842519686 111.81102362204724 dans
1700.7874015748032 1502.3622047244094 486.61417322834643 111.81102362204724 l’atelier
2075.5905511811025 1502.3622047244094 225.1968503937008 111.81102362204724 de
2187.4015748031497 1502.3622047244094 374.8031496062992 111.81102362204724 Cormon
2450.3937007874015 1502.3622047244094 225.1968503937008 111.81102362204724 et
2562.2047244094488 1502.3622047244094 374.8031496062992 111.81102362204724 exposa
2787.4015748031497 1502.3622047244094 111.81102362204724 111.81102362204724 à

766.9291338582677 1620.4724409448818 215.748031496063 119.68503937007874 la
875.5905511811023 1620.4724409448818 395.2755905511811 119.68503937007874 Société
1162.2047244094488 1620.4724409448818 467.7165354330709 119.68503937007874 Nationale
1522.8346456692914 1620.4724409448818 288.18897637795277 119.68503937007874 dont
1702.3622047244094 1620.4724409448818 215.748031496063 119.68503937007874 il
1809.4488188976377 1620.4724409448818 322.8346456692913 119.68503937007874 était
2025.1968503937007 1620.4724409448818 503.93700787401576 119.68503937007874 sociétaire
2420.472440944882 1620.4724409448818 359.0551181102362 119.68503937007874 depuis
2636.220472440945 1620.4724409448818 251.96850393700788 119.68503937007874 1898.

766.9291338582677 1699.2125984251968 244.09448818897638 138.58267716535434 Une
907.0866141732283 1699.2125984251968 489.76377952755905 138.58267716535434 exposition
1291.3385826771653 1699.2125984251968 559.0551181102362 138.58267716535434 particulière
1744.8818897637796 1699.2125984251968 209.4488188976378 138.58267716535434 de
1850.3937007874015 1699.2125984251968 244.09448818897638 138.58267716535434 ses
1988.976377952756 1699.2125984251968 349.6062992125984 138.58267716535434 œuvres
2234.6456692913384 1699.2125984251968 174.8031496062992 138.58267716535434 a
2303.9370078740158 1699.2125984251968 209.4488188976378 138.58267716535434 eu
2407.8740157480315 1699.2125984251968 278.74015748031496 138.58267716535434 lieu
2582.6771653543306 1699.2125984251968 174.8031496062992 138.58267716535434 à
2618.8976377952754 1699.2125984251968 278.74015748031496 138.58267716535434 Paris,

755.9055118110236 1817.3228346456692 462.99212598425197 141.73228346456693 galerie
1092.9133858267717 1817.3228346456692 672.4409448818898 141.73228346456693 Durand-Ruel,
1639.3700787401574 1817.3228346456692 251.96850393700788 141.73228346456693 en
1765.3543307086613 1817.3228346456692 377.9527559055118 141.73228346456693 1906.
2017.3228346456692 1817.3228346456692 211.0236220472441 141.73228346456693 —
2102.3622047244094 1817.3228346456692 251.96850393700788 141.73228346456693 Le
2228.3464566929133 1817.3228346456692 377.9527559055118 141.73228346456693 Musée
2480.314960629921 1817.3228346456692 251.96850393700788 141.73228346456693 du
2563.779527559055 1817.3228346456692 337.00787401574803 141.73228346456693 Luxem-

768.503937007874 1914.9606299212599 310.23622047244095 155.90551181102362 bourg
974.8031496062993 1914.9606299212599 377.9527559055118 155.90551181102362 possède
1250.3937007874015 1914.9606299212599 275.59055118110234 155.90551181102362 déjà
1422.0472440944882 1914.9606299212599 206.29921259842519 155.90551181102362 de
1525.984251968504 1914.9606299212599 240.9448818897638 155.90551181102362 lui
1662.992125984252 1914.9606299212599 206.29921259842519 155.90551181102362 un
1765.3543307086613 1914.9606299212599 412.59842519685037 155.90551181102362 tableau,
2075.5905511811025 1914.9606299212599 688.1889763779527 155.90551181102362 Magnolia,
2625.196850393701 1914.9606299212599 275.59055118110234 155.90551181102362 acquis

757.4803149606299 2040.9448818897638 253.54330708661416 132.28346456692913 en
842.5196850393701 2040.9448818897638 294.48818897637796 132.28346456692913 1904.

847.2440944881889 2130.7086614173227 387.40157480314963 114.96062992125984 Conder
1119.6850393700788 2130.7086614173227 193.70078740157481 114.96062992125984 a
1196.8503937007874 2130.7086614173227 349.6062992125984 114.96062992125984 peint
1429.9212598425197 2130.7086614173227 426.7716535433071 114.96062992125984 surtout
1740.1574803149606 2130.7086614173227 270.86614173228344 114.96062992125984 des
1896.0629921259842 2130.7086614173227 503.93700787401576 114.96062992125984 éventails
2283.464566929134 2130.7086614173227 233.0708661417323 114.96062992125984 ou
2400.0 2130.7086614173227 270.86614173228344 114.96062992125984 des
2516.535433070866 2130.7086614173227 387.40157480314963 114.96062992125984 panneaux

765.3543307086615 2245.6692913385828 507.0866141732283 127.55905511811024 décoratifs
1163.7795275590552 2245.6692913385828 577.9527559055118 127.55905511811024 généralement
1633.0708661417323 2245.6692913385828 253.54330708661416 127.55905511811024 sur
1777.9527559055118 2245.6692913385828 289.76377952755905 127.55905511811024 soie
1959.0551181102362 2245.6692913385828 217.3228346456693 127.55905511811024 et
2067.716535433071 2245.6692913385828 181.10236220472441 127.55905511811024 à
2140.1574803149606 2245.6692913385828 577.9527559055118 127.55905511811024 l’aquarelle.
2609.448818897638 2245.6692913385828 217.3228346456693 127.55905511811024 Ce
2681.8897637795276 2245.6692913385828 217.3228346456693 127.55905511811024 sont

760.6299212598425 2360.6299212598424 272.4409448818898 100.78740157480316 des
916.5354330708661 2360.6299212598424 388.9763779527559 100.78740157480316 sortes
1188.976377952756 2360.6299212598424 233.0708661417323 100.78740157480316 de
1305.5118110236222 2360.6299212598424 738.5826771653543 100.78740157480316 «Conversations»
1925.984251968504 2360.6299212598424 233.0708661417323 100.78740157480316 ou
2042.5196850393702 2360.6299212598424 233.0708661417323 100.78740157480316 de
2159.0551181102364 2360.6299212598424 388.9763779527559 100.78740157480316 «Fêtes
2431.496062992126 2360.6299212598424 466.1417322834646 100.78740157480316 galantes
2741.732283464567 2360.6299212598424 155.90551181102362 100.78740157480316 »,

762.2047244094488 2444.0944881889764 299.21259842519686 113.38582677165354 dans
949.6062992125984 2444.0944881889764 223.6220472440945 113.38582677165354 le
1061.4173228346456 2444.0944881889764 485.03937007874015 113.38582677165354 sentiment
1434.6456692913387 2444.0944881889764 223.6220472440945 113.38582677165354 de
1546.4566929133857 2444.0944881889764 411.0236220472441 113.38582677165354 Watteau
1845.6692913385828 2444.0944881889764 223.6220472440945 113.38582677165354 ou
1957.4803149606298 2444.0944881889764 223.6220472440945 113.38582677165354 de
2069.2913385826773 2444.0944881889764 560.6299212598425 113.38582677165354 Monticelli,
2480.314960629921 2444.0944881889764 411.0236220472441 113.38582677165354 influencé

760.6299212598425 2582.6771653543306 277.1653543307087 99.21259842519684 par
919.6850393700787 2582.6771653543306 475.59055118110234 99.21259842519684 Whistler
1275.5905511811025 2582.6771653543306 237.79527559055117 99.21259842519684 et
1395.275590551181 2582.6771653543306 357.4803149606299 99.21259842519684 aussi
1633.0708661417323 2582.6771653543306 357.4803149606299 99.21259842519684 comme
1870.8661417322835 2582.6771653543306 475.59055118110234 99.21259842519684 pénétrés
2226.771653543307 2582.6771653543306 277.1653543307087 99.21259842519684 par
2385.8267716535433 2582.6771653543306 237.79527559055117 99.21259842519684 la
2503.9370078740158 2582.6771653543306 396.8503937007874 99.21259842519684 poésie
2741.732283464567 2582.6771653543306 159.0551181102362 99.21259842519684 de

724.4094488188977 2661.417322834646 415.748031496063 110.23622047244095 Verlaine.

851.9685039370079 2754.3307086614172 209.4488188976378 119.68503937007874 Un
955.9055118110236 2754.3307086614172 420.4724409448819 119.68503937007874 chapitre
1270.8661417322835 2754.3307086614172 245.66929133858267 119.68503937007874 sur
1411.023622047244 2754.3307086614172 384.251968503937 119.68503937007874 Charles
1691.3385826771653 2754.3307086614172 349.6062992125984 119.68503937007874 Conder
1937.007874015748 2754.3307086614172 174.8031496062992 119.68503937007874 a
2006.2992125984251 2754.3307086614172 280.31496062992125 119.68503937007874 paru
2181.1023622047246 2754.3307086614172 280.31496062992125 119.68503937007874 dans
2355.9055118110236 2754.3307086614172 420.4724409448819 119.68503937007874 Pages
2636.220472440945 2754.3307086614172 280.31496062992125 119.68503937007874 of

760.6299212598425 2862.9921259842517 535.4330708661417 124.40944881889764 Arts
1188.976377952756 2862.9921259842517 214.17322834645668 124.40944881889764 de
1296.0629921259842 2862.9921259842517 250.39370078740157 124.40944881889764 Ch.
1439.3700787401574 2862.9921259842517 464.56692913385825 124.40944881889764 Ricketts.
1796.8503937007874 2862.9921259842517 392.12598425196853 124.40944881889764 Conder,
2081.8897637795276 2862.9921259842517 250.39370078740157 124.40944881889764 qui
2223.6220472440946 2862.9921259842517 177.95275590551182 124.40944881889764 a
2296.0629921259842 2862.9921259842517 250.39370078740157 124.40944881889764 été
2437.7952755905512 2862.9921259842517 214.17322834645668 124.40944881889764 le
2544.8818897637793 2862.9921259842517 357.4803149606299 124.40944881889764 maître
2759.0551181102364 2862.9921259842517 143.30708661417322 124.40944881889764 de

760.6299212598425 2988.9763779527557 305.51181102362204 118.11023622047244 Mrs.
951.1811023622047 2988.9763779527557 382.6771653543307 118.11023622047244 Davis,
1218.8976377952756 2988.9763779527557 190.5511811023622 118.11023622047244 a
1294.4881889763778 2988.9763779527557 382.6771653543307 118.11023622047244 décoré
1562.2047244094488 2988.9763779527557 305.51181102362204 118.11023622047244 dans
1752.755905511811 2988.9763779527557 229.92125984251967 118.11023622047244 la
1867.716535433071 2988.9763779527557 382.6771653543307 118.11023622047244 maison
2135.433070866142 2988.9763779527557 229.92125984251967 118.11023622047244 de
2250.3937007874015 2988.9763779527557 229.92125984251967 118.11023622047244 M.
2363.779527559055 2988.9763779527557 382.6771653543307 118.11023622047244 Edmund
2593.700787401575 2988.9763779527557 305.51181102362204 118.11023622047244 Davis,

762.2047244094488 3091.3385826771655 507.0866141732283 110.23622047244095 Lansdowne
1152.755905511811 3091.3385826771655 351.18110236220474 110.23622047244095 Road,
1385.8267716535433 3091.3385826771655 195.2755905511811 110.23622047244095 à
1464.5669291338584 3091.3385826771655 467.7165354330709 110.23622047244095 Londres,
1814.1732283464567 3091.3385826771655 272.4409448818898 110.23622047244095 une
1970.0787401574803 3091.3385826771655 351.18110236220474 110.23622047244095 salle
2204.7244094488187 3091.3385826771655 428.34645669291336 110.23622047244095 entière
2516.535433070866 3091.3385826771655 311.81102362204723 110.23622047244095 avec
2672.4409448818897 3091.3385826771655 233.0708661417323 110.23622047244095 pan-

762.2047244094488 3207.8740157480315 338.5826771653543 97.63779527559055 neaux
987.4015748031496 3207.8740157480315 225.1968503937008 97.63779527559055 en
1100.7874015748032 3207.8740157480315 338.5826771653543 97.63779527559055 ovale
1325.984251968504 3207.8740157480315 225.1968503937008 97.63779527559055 et
1439.3700787401574 3207.8740157480315 376.37795275590554 97.63779527559055 frise,
1702.3622047244094 3207.8740157480315 451.9685039370079 97.63779527559055 d’autres
2040.9448818897638 3207.8740157480315 451.9685039370079 97.63779527559055 panneaux
2379.527559055118 3207.8740157480315 525.9842519685039 97.63779527559055 décoratifs
2755.9055118110236 3207.8740157480315 151.1811023622047 97.63779527559055 et

762.2047244094488 3288.1889763779527 359.0551181102362 163.7795275590551 divers
977.9527559055118 3288.1889763779527 431.496062992126 163.7795275590551 éventails.

1607.8740157480315 3453.5433070866143 311.81102362204723 200.0 —
1732.283464566929 3453.5433070866143 373.2283464566929 200.0 34
1856.6929133858268 3453.5433070866143 187.4015748031496 200.0 —
