3291.3385826771655 4314.96062992126
1429.9212598425197 1149.6062992125985 461.4173228346457 132.28346456692913 CONNARD
1787.4015748031495 1149.6062992125985 461.4173228346457 132.28346456692913 (Philip).

855.1181102362204 1445.6692913385828 236.2204724409449 137.00787401574803 Né
973.2283464566929 1445.6692913385828 196.8503937007874 137.00787401574803 à
1051.9685039370079 1445.6692913385828 513.3858267716536 137.00787401574803 Southport
1447.244094488189 1445.6692913385828 631.496062992126 137.00787401574803 (Lancashire)
1960.6299212598426 1445.6692913385828 236.2204724409449 137.00787401574803 en
2078.740157480315 1445.6692913385828 355.90551181102364 137.00787401574803 1875;
2316.535433070866 1445.6692913385828 395.2755905511811 137.00787401574803 étudia
2552.755905511811 1445.6692913385828 355.90551181102364 137.00787401574803 d’abord

774.8031496062993 1566.9291338582677 280.31496062992125 107.08661417322834 dans
949.6062992125984 1566.9291338582677 209.4488188976378 107.08661417322834 sa
1055.1181102362204 1566.9291338582677 314.96062992125985 107.08661417322834 ville
1264.5669291338584 1566.9291338582677 349.6062992125984 107.08661417322834 natale
1510.236220472441 1566.9291338582677 209.4488188976378 107.08661417322834 où
1614.1732283464567 1566.9291338582677 209.4488188976378 107.08661417322834 il
1719.6850393700788 1566.9291338582677 314.96062992125985 107.08661417322834 gagna
1929.1338582677165 1566.9291338582677 245.66929133858267 107.08661417322834 une
2069.2913385826773 1566.9291338582677 349.6062992125984 107.08661417322834 bourse
2314.9606299212596 1566.9291338582677 420.4724409448819 107.08661417322834 d’études
2629.9212598425197 1566.9291338582677 245.66929133858267 107.08661417322834 qui
2735.433070866142 1566.9291338582677 174.8031496062992 107.08661417322834 lui

773.2283464566929 1683.4645669291338 382.6771653543307 119.68503937007874 permit
1040.9448818897638 1683.4645669291338 420.4724409448819 119.68503937007874 d’aller
1346.4566929133857 1683.4645669291338 497.6377952755906 119.68503937007874 continuer
1729.1338582677165 1683.4645669291338 267.7165354330709 119.68503937007874 ses
1881.8897637795276 1683.4645669291338 382.6771653543307 119.68503937007874 études
2149.6062992125985 1683.4645669291338 190.5511811023622 119.68503937007874 à
2225.196850393701 1683.4645669291338 458.26771653543307 119.68503937007874 Londres,
2570.0787401574803 1683.4645669291338 229.92125984251967 119.68503937007874 au
2645.6692913385828 1683.4645669291338 267.7165354330709 119.68503937007874 South

771.6535433070866 1776.3779527559054 584.2519685039371 129.13385826771653 Kensington.
1239.3700787401574 1776.3779527559054 428.34645669291336 129.13385826771653 Lauréat
1551.1811023622047 1776.3779527559054 507.0866141732283 129.13385826771653 également
1940.1574803149606 1776.3779527559054 233.0708661417323 129.13385826771653 du
2058.267716535433 1776.3779527559054 428.34645669291336 129.13385826771653 British
2370.0787401574803 1776.3779527559054 544.8818897637796 129.13385826771653 Institute,
2759.0551181102364 1776.3779527559054 155.90551181102362 129.13385826771653 il

766.9291338582677 1900.7874015748032 370.0787401574803 119.68503937007874 acheva
1026.7716535433071 1900.7874015748032 259.84251968503935 119.68503937007874 son
1174.8031496062993 1900.7874015748032 481.8897637795276 119.68503937007874 éducation
1546.4566929133857 1900.7874015748032 519.6850393700787 119.68503937007874 artistique
1954.3307086614172 1900.7874015748032 185.82677165354332 119.68503937007874 à
2028.3464566929133 1900.7874015748032 370.0787401574803 119.68503937007874 Paris,
2288.1889763779527 1900.7874015748032 222.04724409448818 119.68503937007874 en
2398.4251968503936 1900.7874015748032 333.8582677165354 119.68503937007874 1899,
2622.047244094488 1900.7874015748032 296.06299212598424 119.68503937007874 sous
2770.0787401574803 1900.7874015748032 148.03149606299212 119.68503937007874 la

768.503937007874 2004.724409448819 537.007874015748 99.21259842519684 direction
1181.1023622047244 2004.724409448819 248.8188976377953 99.21259842519684 de
1305.5118110236222 2004.724409448819 537.007874015748 99.21259842519684 Jean-Paul
1719.6850393700788 2004.724409448819 455.11811023622045 99.21259842519684 Laurens
2050.3937007874015 2004.724409448819 248.8188976377953 99.21259842519684 et
2173.228346456693 2004.724409448819 248.8188976377953 99.21259842519684 de
2297.6377952755906 2004.724409448819 496.06299212598424 99.21259842519684 Benjamin
2628.3464566929133 2004.724409448819 289.76377952755905 99.21259842519684 Cons-

770.0787401574803 2105.511811023622 357.4803149606299 122.83464566929133 tant.
1007.8740157480315 2105.511811023622 477.1653543307087 122.83464566929133 Tableaux
1366.9291338582677 2105.511811023622 278.74015748031496 122.83464566929133 aux
1525.984251968504 2105.511811023622 398.4251968503937 122.83464566929133 Musées
1804.724409448819 2105.511811023622 239.37007874015748 122.83464566929133 de
1922.8346456692914 2105.511811023622 477.1653543307087 122.83464566929133 Cardiff,
2281.8897637795276 2105.511811023622 239.37007874015748 122.83464566929133 de
2401.5748031496064 2105.511811023622 398.4251968503937 122.83464566929133 Dublin
2678.740157480315 2105.511811023622 239.37007874015748 122.83464566929133 et
2759.0551181102364 2105.511811023622 159.0551181102362 122.83464566929133 de

738.5826771653543 2207.8740157480315 425.1968503937008 118.11023622047244 Bradford.

1510.236220472441 2566.9291338582675 166.9291338582677 130.70866141732284 8.
1593.7007874015749 2566.9291338582675 332.2834645669291 130.70866141732284 Matin
1844.0944881889764 2566.9291338582675 166.9291338582677 130.70866141732284 de
1899.2125984251968 2566.9291338582675 277.1653543307087 130.70866141732284 Mai

1502.3622047244094 2703.9370078740158 187.4015748031496 179.5275590551181 H.
1596.8503937007874 2703.9370078740158 157.48031496062993 179.5275590551181 :
1659.8425196850394 2703.9370078740158 187.4015748031496 179.5275590551181 1,
1752.755905511811 2703.9370078740158 218.89763779527559 179.5275590551181 42;
1878.740157480315 2703.9370078740158 187.4015748031496 179.5275590551181 L.
1973.2283464566929 2703.9370078740158 187.4015748031496 179.5275590551181 1,
2034.6456692913387 2703.9370078740158 157.48031496062993 179.5275590551181 12.

855.1181102362204 3004.7244094488187 193.70078740157481 114.96062992125984 Un
952.7559055118111 3004.7244094488187 420.4724409448819 114.96062992125984 intérieur
1275.5905511811025 3004.7244094488187 258.26771653543307 114.96062992125984 très
1437.7952755905512 3004.7244094488187 322.8346456692913 114.96062992125984 clair,
1662.992125984252 3004.7244094488187 258.26771653543307 114.96062992125984 très
1825.1968503937007 3004.7244094488187 322.8346456692913 114.96062992125984 blanc,
2050.3937007874015 3004.7244094488187 258.26771653543307 114.96062992125984 très
2212.5984251968503 3004.7244094488187 258.26771653543307 114.96062992125984 gai.
2373.228346456693 3004.7244094488187 193.70078740157481 114.96062992125984 Au
2470.8661417322833 3004.7244094488187 355.90551181102364 114.96062992125984 premier
2696.0629921259842 3004.7244094488187 226.77165354330708 114.96062992125984 plan,

779.5275590551181 3119.685039370079 250.39370078740157 94.48818897637796 une
922.8346456692914 3119.685039370079 322.8346456692913 94.48818897637796 jeune
1138.5826771653544 3119.685039370079 322.8346456692913 94.48818897637796 femme
1352.755905511811 3119.685039370079 214.17322834645668 94.48818897637796 en
1459.8425196850394 3119.685039370079 286.61417322834643 94.48818897637796 robe
1639.3700787401574 3119.685039370079 393.7007874015748 94.48818897637796 blanche
1925.984251968504 3119.685039370079 179.5275590551181 94.48818897637796 à
1996.8503937007874 3119.685039370079 357.4803149606299 94.48818897637796 rubans
2247.244094488189 3119.685039370079 357.4803149606299 94.48818897637796 noirs,
2497.6377952755906 3119.685039370079 214.17322834645668 94.48818897637796 un
2604.7244094488187 3119.685039370079 357.4803149606299 94.48818897637796 bonnet
2820.472440944882 3119.685039370079 107.08661417322834 94.48818897637796 à

785.8267716535433 3223.6220472440946 305.51181102362204 86.61417322834646 nœuds
990.5511811023622 3223.6220472440946 305.51181102362204 86.61417322834646 bleus
1193.7007874015749 3223.6220472440946 272.4409448818898 86.61417322834646 dans
1363.7795275590552 3223.6220472440946 237.79527559055117 86.61417322834646 les
1499.2125984251968 3223.6220472440946 407.87401574803147 86.61417322834646 cheveux,
1804.724409448819 3223.6220472440946 373.2283464566929 86.61417322834646 dispose
2077.165354330709 3223.6220472440946 203.1496062992126 86.61417322834646 le
2179.527559055118 3223.6220472440946 373.2283464566929 86.61417322834646 couvert
2450.3937007874015 3223.6220472440946 237.79527559055117 86.61417322834646 sur
2585.8267716535433 3223.6220472440946 237.79527559055117 86.61417322834646 une
2688.1889763779527 3223.6220472440946 237.79527559055117 86.61417322834646 table

782.6771653543307 3302.3622047244094 338.5826771653543 125.98425196850394 drapée
1020.4724409448819 3302.3622047244094 305.51181102362204 125.98425196850394 d’une
1223.6220472440946 3302.3622047244094 338.5826771653543 125.98425196850394 nappe,
1461.4173228346456 3302.3622047244094 203.1496062992126 125.98425196850394 au
1562.2047244094488 3302.3622047244094 338.5826771653543 125.98425196850394 milieu
1800.0 3302.3622047244094 203.1496062992126 125.98425196850394 de
1902.3622047244094 3302.3622047244094 406.2992125984252 125.98425196850394 laquelle
2206.299212598425 3302.3622047244094 270.86614173228344 125.98425196850394 elle
2376.3779527559054 3302.3622047244094 270.86614173228344 125.98425196850394 pose
2544.8818897637793 3302.3622047244094 203.1496062992126 125.98425196850394 un
2647.244094488189 3302.3622047244094 270.86614173228344 125.98425196850394 vase
2782.6771653543306 3302.3622047244094 135.43307086614172 125.98425196850394 en

787.4015748031496 3388.9763779527557 491.33858267716533 130.70866141732284 porcelaine
1173.2283464566929 3388.9763779527557 314.96062992125985 130.70866141732284 garni
1382.6771653543308 3388.9763779527557 211.0236220472441 130.70866141732284 de
1453.5433070866143 3388.9763779527557 351.18110236220474 130.70866141732284 mimosas.

1697.6377952755906 3557.48031496063 225.1968503937008 188.9763779527559 —
1788.976377952756 3557.48031496063 270.86614173228344 188.9763779527559 38
1878.740157480315 3557.48031496063 135.43307086614172 188.9763779527559 —
