3291.3385826771655 4314.96062992126
1422.0472440944882 1256.6929133858268 404.7244094488189 173.22834645669292 DULAC
1691.3385826771653 1256.6929133858268 507.0866141732283 173.22834645669292 (Edmund).

834.6456692913385 1560.6299212598426 223.6220472440945 143.30708661417322 Né
946.4566929133858 1560.6299212598426 223.6220472440945 143.30708661417322 le
1058.267716535433 1560.6299212598426 223.6220472440945 143.30708661417322 22
1170.0787401574803 1560.6299212598426 409.4488188976378 143.30708661417322 octobre
1467.716535433071 1560.6299212598426 297.6377952755906 143.30708661417322 1882
1653.5433070866143 1560.6299212598426 185.82677165354332 143.30708661417322 à
1727.5590551181103 1560.6299212598426 483.46456692913387 143.30708661417322 Toulouse.
2099.212598425197 1560.6299212598426 335.43307086614175 143.30708661417322 C’est
2322.834645669291 1560.6299212598426 371.65354330708664 143.30708661417322 doncun
2546.4566929133857 1560.6299212598426 335.43307086614175 143.30708661417322 Anglais

751.1811023622047 1691.3385826771653 220.4724409448819 99.21259842519684 de
861.4173228346457 1691.3385826771653 403.1496062992126 99.21259842519684 fraîche
1154.3307086614172 1691.3385826771653 329.13385826771656 99.21259842519684 date.
1373.2283464566929 1691.3385826771653 182.6771653543307 99.21259842519684 A
1447.244094488189 1691.3385826771653 220.4724409448819 99.21259842519684 17
1557.4803149606298 1691.3385826771653 292.9133858267717 99.21259842519684 ans,
1740.1574803149606 1691.3385826771653 366.92913385826773 99.21259842519684 Dulac,
1996.8503937007874 1691.3385826771653 329.13385826771656 99.21259842519684 après
2215.748031496063 1691.3385826771653 256.6929133858268 99.21259842519684 son
2325.984251968504 1691.3385826771653 549.6062992125984 99.21259842519684 baccalauréat,

744.8818897637796 1793.7007874015749 316.53543307086613 110.23622047244095 suit
943.3070866141733 1793.7007874015749 277.1653543307087 110.23622047244095 les
1100.7874015748032 1793.7007874015749 355.90551181102364 110.23622047244095 cours
1338.5826771653544 1793.7007874015749 237.79527559055117 110.23622047244095 de
1458.267716535433 1793.7007874015749 237.79527559055117 110.23622047244095 la
1576.3779527559054 1793.7007874015749 436.2204724409449 110.23622047244095 Faculté
1892.9133858267717 1793.7007874015749 237.79527559055117 110.23622047244095 de
2012.5984251968505 1793.7007874015749 355.90551181102364 110.23622047244095 droit
2250.3937007874015 1793.7007874015749 355.90551181102364 110.23622047244095 qu’il
2447.244094488189 1793.7007874015749 436.2204724409449 110.23622047244095 abandonne

751.1811023622047 1896.0629921259842 384.251968503937 97.63779527559055 bientôt
1029.9212598425197 1896.0629921259842 278.74015748031496 97.63779527559055 pour
1204.724409448819 1896.0629921259842 384.251968503937 97.63779527559055 l’École
1485.0393700787401 1896.0629921259842 244.09448818897638 97.63779527559055 des
1623.6220472440946 1896.0629921259842 489.76377952755905 97.63779527559055 Beaux-Arts
2007.8740157480315 1896.0629921259842 209.4488188976378 97.63779527559055 de
2113.3858267716537 1896.0629921259842 209.4488188976378 97.63779527559055 sa
2218.8976377952754 1896.0629921259842 314.96062992125985 97.63779527559055 ville
2428.3464566929133 1896.0629921259842 349.6062992125984 97.63779527559055 natale
2672.4409448818897 1896.0629921259842 209.4488188976378 97.63779527559055 où
2741.732283464567 1896.0629921259842 140.15748031496062 97.63779527559055 il

752.7559055118111 1992.1259842519685 327.5590551181102 124.40944881889764 étudie
982.6771653543307 1992.1259842519685 327.5590551181102 124.40944881889764 durant
1212.5984251968505 1992.1259842519685 296.06299212598424 124.40944881889764 trois
1409.4488188976377 1992.1259842519685 262.99212598425197 124.40944881889764 ans.
1573.2283464566929 1992.1259842519685 163.7795275590551 124.40944881889764 A
1639.3700787401574 1992.1259842519685 196.8503937007874 124.40944881889764 sa
1737.007874015748 1992.1259842519685 327.5590551181102 124.40944881889764 sortie
1966.9291338582677 1992.1259842519685 196.8503937007874 124.40944881889764 de
2066.1417322834645 1992.1259842519685 393.7007874015748 124.40944881889764 l’Ecole,
2362.2047244094488 1992.1259842519685 426.7716535433071 124.40944881889764 titulaire
2656.6929133858266 1992.1259842519685 229.92125984251967 124.40944881889764 d’une

754.3307086614174 2100.787401574803 338.5826771653543 108.66141732283465 bourse
990.5511811023622 2100.787401574803 508.66141732283467 108.66141732283465 municipale,
1396.8503937007874 2100.787401574803 203.1496062992126 108.66141732283465 il
1499.2125984251968 2100.787401574803 305.51181102362204 108.66141732283465 vient
1702.3622047244094 2100.787401574803 170.07874015748033 108.66141732283465 à
1770.0787401574803 2100.787401574803 305.51181102362204 108.66141732283465 Paris
1973.2283464566929 2100.787401574803 203.1496062992126 108.66141732283465 où
2074.015748031496 2100.787401574803 203.1496062992126 108.66141732283465 il
2176.3779527559054 2100.787401574803 270.86614173228344 108.66141732283465 fait
2344.8818897637793 2100.787401574803 203.1496062992126 108.66141732283465 un
2447.244094488189 2100.787401574803 305.51181102362204 108.66141732283465 court
2615.748031496063 2100.787401574803 270.86614173228344 108.66141732283465 séjour

749.6062992125984 2203.149606299213 181.10236220472441 129.13385826771653 à
822.0472440944882 2203.149606299213 507.0866141732283 129.13385826771653 l’Académie
1220.4724409448818 2203.149606299213 434.6456692913386 129.13385826771653 Jullian.
1546.4566929133857 2203.149606299213 470.86614173228344 129.13385826771653 S’établit
1908.6614173228347 2203.149606299213 181.10236220472441 129.13385826771653 à
1981.1023622047244 2203.149606299213 398.4251968503937 129.13385826771653 Londres
2270.8661417322833 2203.149606299213 217.3228346456693 129.13385826771653 en
2379.527559055118 2203.149606299213 325.98425196850394 129.13385826771653 1904;
2560.6299212598424 2203.149606299213 325.98425196850394 129.13385826771653 pendant

751.1811023622047 2322.834645669291 294.48818897637796 100.78740157480316 deux
935.4330708661417 2322.834645669291 294.48818897637796 100.78740157480316 ans,
1119.6850393700788 2322.834645669291 220.4724409448819 100.78740157480316 il
1229.9212598425197 2322.834645669291 478.74015748031496 100.78740157480316 collabore
1598.4251968503936 2322.834645669291 184.251968503937 100.78740157480316 à
1672.4409448818897 2322.834645669291 258.26771653543307 100.78740157480316 des
1818.8976377952756 2322.834645669291 478.74015748031496 100.78740157480316 magazines
2187.4015748031497 2322.834645669291 478.74015748031496 100.78740157480316 illustrés
2555.9055118110236 2322.834645669291 220.4724409448819 100.78740157480316 et
2629.9212598425197 2322.834645669291 258.26771653543307 100.78740157480316 donne

744.8818897637796 2428.3464566929133 270.86614173228344 121.25984251968504 des
900.7874015748032 2428.3464566929133 426.7716535433071 121.25984251968504 dessins
1211.023622047244 2428.3464566929133 310.23622047244095 121.25984251968504 pour
1404.724409448819 2428.3464566929133 464.56692913385825 121.25984251968504 quelques
1752.755905511811 2428.3464566929133 426.7716535433071 121.25984251968504 livres.
2062.9921259842517 2428.3464566929133 193.70078740157481 121.25984251968504 A
2140.1574803149606 2428.3464566929133 387.40157480314963 121.25984251968504 partir
2412.5984251968503 2428.3464566929133 233.0708661417323 121.25984251968504 de
2529.1338582677167 2428.3464566929133 349.6062992125984 121.25984251968504 1906,
2722.834645669291 2428.3464566929133 154.33070866141733 121.25984251968504 il

748.0314960629921 2525.984251968504 442.5196850393701 100.78740157480316 commence
1078.740157480315 2525.984251968504 220.4724409448819 100.78740157480316 la
1188.976377952756 2525.984251968504 330.70866141732284 100.78740157480316 série
1411.023622047244 2525.984251968504 258.26771653543307 100.78740157480316 des
1557.4803149606298 2525.984251968504 442.5196850393701 100.78740157480316 ouvrages
1889.763779527559 2525.984251968504 258.26771653543307 100.78740157480316 qui
2036.2204724409448 2525.984251968504 258.26771653543307 100.78740157480316 ont
2184.251968503937 2525.984251968504 294.48818897637796 100.78740157480316 fait
2368.503937007874 2525.984251968504 220.4724409448819 100.78740157480316 sa
2440.9448818897636 2525.984251968504 442.5196850393701 100.78740157480316 réputation

749.6062992125984 2628.3464566929133 264.56692913385825 110.23622047244095 des
900.7874015748032 2628.3464566929133 302.3622047244094 110.23622047244095 deux
1089.763779527559 2628.3464566929133 341.73228346456693 110.23622047244095 côtés
1318.1102362204724 2628.3464566929133 226.77165354330708 110.23622047244095 de
1431.4960629921259 2628.3464566929133 226.77165354330708 110.23622047244095 la
1544.8818897637796 2628.3464566929133 417.3228346456693 110.23622047244095 Manche,
1848.8188976377953 2628.3464566929133 188.9763779527559 110.23622047244095 à
1924.4094488188975 2628.3464566929133 302.3622047244094 110.23622047244095 côté
2113.3858267716537 2628.3464566929133 455.11811023622045 110.23622047244095 d’Arthur
2415.748031496063 2628.3464566929133 379.5275590551181 110.23622047244095 Rackham.

834.6456692913385 2729.1338582677167 251.96850393700788 144.88188976377953 Un
960.6299212598425 2729.1338582677167 459.84251968503935 144.88188976377953 certain
1296.0629921259842 2729.1338582677167 418.8976377952756 144.88188976377953 nombre
1588.976377952756 2729.1338582677167 251.96850393700788 144.88188976377953 de
1714.9606299212599 2729.1338582677167 292.9133858267717 144.88188976377953 ces
1881.8897637795276 2729.1338582677167 502.3622047244094 144.88188976377953 ouvrages
2258.267716535433 2729.1338582677167 292.9133858267717 144.88188976377953 ont
2426.771653543307 2729.1338582677167 292.9133858267717 144.88188976377953 été
2551.181102362205 2729.1338582677167 335.43307086614175 144.88188976377953 édités

752.7559055118111 2850.3937007874015 212.5984251968504 99.21259842519684 en
859.8425196850394 2850.3937007874015 497.6377952755906 99.21259842519684 Angleterre
1250.3937007874015 2850.3937007874015 212.5984251968504 99.21259842519684 et
1357.4803149606298 2850.3937007874015 212.5984251968504 99.21259842519684 en
1464.5669291338584 2850.3937007874015 390.5511811023622 99.21259842519684 France:
1748.0314960629921 2850.3937007874015 355.90551181102364 99.21259842519684 les
1996.8503937007874 2850.3937007874015 319.68503937007875 99.21259842519684 Mille
2209.448818897638 2850.3937007874015 212.5984251968504 99.21259842519684 et
2316.535433070866 2850.3937007874015 248.8188976377953 99.21259842519684 une
2423.6220472440946 2850.3937007874015 461.4173228346457 99.21259842519684 Nuils,,

754.3307086614174 2944.8818897637793 400.0 124.40944881889764 exposées
1053.5433070866143 2944.8818897637793 166.9291338582677 124.40944881889764 à
1119.6850393700788 2944.8818897637793 299.21259842519686 124.40944881889764 Paris
1319.6850393700788 2944.8818897637793 200.0 124.40944881889764 au
1418.8976377952756 2944.8818897637793 299.21259842519686 124.40944881889764 Salon
1618.8976377952756 2944.8818897637793 233.0708661417323 124.40944881889764 des
1752.755905511811 2944.8818897637793 598.4251968503937 124.40944881889764 Orientalistes;
2251.968503937008 2944.8818897637793 299.21259842519686 124.40944881889764 la
2417.3228346456694 2944.8818897637793 466.1417322834646 124.40944881889764 Tempète,

763.7795275590552 3053.5433070866143 299.21259842519686 99.21259842519684 les
973.2283464566929 3053.5433070866143 359.0551181102362 99.21259842519684 Rubaiyat
1242.5196850393702 3053.5433070866143 688.1889763779527 99.21259842519684 d’Omar-Kbayyam,
1840.9448818897638 3053.5433070866143 209.4488188976378 99.21259842519684 les
1959.0551181102362 3053.5433070866143 388.9763779527559 99.21259842519684 Contes
2258.267716535433 3053.5433070866143 179.5275590551181 99.21259842519684 de
2348.031496062992 3053.5433070866143 508.66141732283467 99.21259842519684 Perrault,
2737.0078740157483 3053.5433070866143 149.60629921259843 99.21259842519684 les

770.0787401574803 3151.181102362205 335.43307086614175 159.0551181102362 Contes
1026.7716535433071 3151.181102362205 489.76377952755905 159.0551181102362 d’Andersen,
1440.9448818897638 3151.181102362205 181.10236220472441 159.0551181102362 les
1543.3070866141732 3151.181102362205 335.43307086614175 159.0551181102362 Poèmes
1801.5748031496064 3151.181102362205 310.23622047244095 159.0551181102362 d’Edgard
2033.0708661417323 3151.181102362205 310.23622047244095 159.0551181102362 Poë,
2266.1417322834645 3151.181102362205 439.37007874015745 159.0551181102362 l'Histoire
2626.771653543307 3151.181102362205 154.33070866141733 159.0551181102362 de
2678.740157480315 3151.181102362205 206.29921259842519 159.0551181102362 la

757.4803149606299 3255.1181102362207 411.0236220472441 135.43307086614172 princesse
1066.1417322834645 3255.1181102362207 359.0551181102362 135.43307086614172 Badoura.

844.0944881889764 3390.551181102362 518.1102362204724 141.73228346456693 Naturalisé
1251.9685039370079 3390.551181102362 407.87401574803147 141.73228346456693 anglais
1548.0314960629921 3390.551181102362 222.04724409448818 141.73228346456693 en
1622.0472440944882 3390.551181102362 259.84251968503935 141.73228346456693 1912.
