3247.244094488189 4305.511811023622
996.8503937007874 1001.5748031496063 337.00787401574803 141.73228346456693 HALL
1244.0944881889764 1001.5748031496063 404.7244094488189 141.73228346456693 (Oliver).

338.5826771653543 1258.267716535433 242.51968503937007 177.95275590551182 Né
459.84251968503935 1258.267716535433 201.5748031496063 177.95275590551182 à
540.1574803149606 1258.267716535433 444.09448818897636 177.95275590551182 Londres
862.992125984252 1258.267716535433 242.51968503937007 177.95275590551182 en
984.2519685039371 1258.267716535433 363.7795275590551 177.95275590551182 1869.
1226.7716535433071 1258.267716535433 524.4094488188977 177.95275590551182 D’origine
1629.9212598425197 1258.267716535433 565.3543307086615 177.95275590551182 écossaise;
2074.015748031496 1258.267716535433 281.8897637795276 177.95275590551182 fit
2195.2755905511813 1258.267716535433 201.5748031496063 177.95275590551182 son

261.4173228346457 1407.8740157480315 478.74015748031496 129.13385826771653 éducation
629.9212598425197 1407.8740157480315 184.251968503937 129.13385826771653 à
702.3622047244095 1407.8740157480315 442.5196850393701 129.13385826771653 Londres,
1034.6456692913387 1407.8740157480315 294.48818897637796 129.13385826771653 mais
1218.8976377952756 1407.8740157480315 220.4724409448819 129.13385826771653 se
1329.1338582677165 1407.8740157480315 332.2834645669291 129.13385826771653 forma
1551.1811023622047 1407.8740157480315 404.7244094488189 129.13385826771653 surtout
1845.6692913385828 1407.8740157480315 294.48818897637796 129.13385826771653 dans
2029.9212598425197 1407.8740157480315 258.26771653543307 129.13385826771653 les
2140.1574803149606 1407.8740157480315 258.26771653543307 129.13385826771653 sites

258.26771653543307 1514.9606299212599 640.9448818897638 110.23622047244095 romantiques
771.6535433070866 1514.9606299212599 256.6929133858268 110.23622047244095 du
899.2125984251968 1514.9606299212599 640.9448818897638 110.23622047244095 Westmorland
1412.5984251968505 1514.9606299212599 256.6929133858268 110.23622047244095 et
1541.732283464567 1514.9606299212599 256.6929133858268 110.23622047244095 du
1669.291338582677 1514.9606299212599 640.9448818897638 110.23622047244095 Cumberland.
2182.6771653543306 1514.9606299212599 214.17322834645668 110.23622047244095 A
2225.196850393701 1514.9606299212599 171.6535433070866 110.23622047244095 17

262.99212598425197 1617.3228346456692 299.21259842519686 129.13385826771653 ans,
450.3937007874016 1617.3228346456692 337.00787401574803 129.13385826771653 entra
675.5905511811023 1617.3228346456692 225.1968503937008 129.13385826771653 en
787.4015748031496 1617.3228346456692 411.0236220472441 129.13385826771653 rapport
1086.6141732283465 1617.3228346456692 299.21259842519686 129.13385826771653 avec
1274.015748031496 1617.3228346456692 225.1968503937008 129.13385826771653 le
1385.8267716535433 1617.3228346456692 524.4094488188977 129.13385826771653 paysagiste
1798.4251968503936 1617.3228346456692 562.2047244094488 129.13385826771653 Williamson,
2209.448818897638 1617.3228346456692 187.4015748031496 129.13385826771653 qui

259.84251968503935 1740.1574803149606 403.1496062992126 111.81102362204724 exerça
543.3070866141733 1740.1574803149606 281.8897637795276 111.81102362204724 une
703.9370078740158 1740.1574803149606 483.46456692913387 111.81102362204724 sérieuse
1067.716535433071 1740.1574803149606 524.4094488188977 111.81102362204724 influence
1470.8661417322835 1740.1574803149606 281.8897637795276 111.81102362204724 sur
1631.4960629921259 1740.1574803149606 242.51968503937007 111.81102362204724 le
1752.755905511811 1740.1574803149606 403.1496062992126 111.81102362204724 talent
2034.6456692913387 1740.1574803149606 242.51968503937007 111.81102362204724 du
2116.535433070866 1740.1574803149606 281.8897637795276 111.81102362204724 jeune

261.4173228346457 1814.1732283464567 382.6771653543307 105.51181102362204 homme.
529.1338582677165 1814.1732283464567 267.7165354330709 105.51181102362204 Ses
681.8897637795276 1814.1732283464567 496.06299212598424 105.51181102362204 premières
1062.992125984252 1814.1732283464567 382.6771653543307 105.51181102362204 œuvres
1330.708661417323 1814.1732283464567 382.6771653543307 105.51181102362204 furent
1598.4251968503936 1814.1732283464567 267.7165354330709 105.51181102362204 des
1751.1811023622047 1814.1732283464567 382.6771653543307 105.51181102362204 études
2017.3228346456692 1814.1732283464567 190.5511811023622 105.51181102362204 à
2056.6929133858266 1814.1732283464567 343.3070866141732 105.51181102362204 l’aqua-

266.1417322834646 1935.4330708661416 344.88188976377955 107.08661417322834 relle,
507.0866141732283 1935.4330708661416 344.88188976377955 107.08661417322834 prises
748.0314960629921 1935.4330708661416 206.29921259842519 107.08661417322834 au
851.9685039370079 1935.4330708661416 310.23622047244095 107.08661417322834 cours
1058.267716535433 1935.4330708661416 206.29921259842519 107.08661417322834 de
1160.6299212598426 1935.4330708661416 240.9448818897638 107.08661417322834 ses
1299.2125984251968 1935.4330708661416 516.5354330708661 107.08661417322834 excursions.
1711.8110236220473 1935.4330708661416 206.29921259842519 107.08661417322834 Il
1815.748031496063 1935.4330708661416 206.29921259842519 107.08661417322834 se
1918.1102362204724 1935.4330708661416 310.23622047244095 107.08661417322834 livra
2089.763779527559 1935.4330708661416 310.23622047244095 107.08661417322834 ensuite

262.99212598425197 2042.5196850393702 184.251968503937 103.93700787401575 à
335.43307086614175 2042.5196850393702 220.4724409448819 103.93700787401575 la
447.244094488189 2042.5196850393702 442.5196850393701 103.93700787401575 peinture
777.9527559055118 2042.5196850393702 184.251968503937 103.93700787401575 à
851.9685039370079 2042.5196850393702 442.5196850393701 103.93700787401575 l’huile,
1184.251968503937 2042.5196850393702 478.74015748031496 103.93700787401575 alternant
1552.755905511811 2042.5196850393702 294.48818897637796 103.93700787401575 avec
1737.007874015748 2042.5196850393702 552.7559055118111 103.93700787401575 l’eau-forte
2179.527559055118 2042.5196850393702 220.4724409448819 103.93700787401575 et
2251.968503937008 2042.5196850393702 148.03149606299212 103.93700787401575 la

262.99212598425197 2151.181102362205 659.8425196850394 100.78740157480316 lithographie.
806.2992125984252 2151.181102362205 233.0708661417323 100.78740157480316 La
922.8346456692914 2151.181102362205 426.7716535433071 100.78740157480316 plupart
1234.6456692913387 2151.181102362205 233.0708661417323 100.78740157480316 de
1349.6062992125985 2151.181102362205 272.4409448818898 100.78740157480316 ses
1505.5118110236222 2151.181102362205 466.1417322834646 100.78740157480316 paysages
1855.1181102362204 2151.181102362205 310.23622047244095 100.78740157480316 sont
2048.818897637795 2151.181102362205 310.23622047244095 100.78740157480316 dans
2204.7244094488187 2151.181102362205 193.70078740157481 100.78740157480316 des

267.7165354330709 2240.9448818897636 537.007874015748 132.28346456692913 collections
661.4173228346457 2240.9448818897636 466.1417322834646 132.28346456692913 étrangères.

1092.9133858267717 2606.299212598425 171.6535433070866 133.85826771653544 12.
1166.9291338582677 2606.299212598425 418.8976377952756 133.85826771653544 Paysage

985.8267716535433 2735.433070866142 187.4015748031496 157.48031496062993 H.
1080.3149606299212 2735.433070866142 157.48031496062993 157.48031496062993 :
1143.3070866141732 2735.433070866142 281.8897637795276 157.48031496062993 0,87;
1330.708661417323 2735.433070866142 187.4015748031496 157.48031496062993 L.
1425.1968503937007 2735.433070866142 157.48031496062993 157.48031496062993 :
1488.1889763779527 2735.433070866142 187.4015748031496 157.48031496062993 1,
1549.6062992125985 2735.433070866142 157.48031496062993 157.48031496062993 23.

349.6062992125984 2976.3779527559054 368.503937007874 124.40944881889764 Paysage
617.3228346456693 2976.3779527559054 335.43307086614175 124.40944881889764 sévère
851.9685039370079 2976.3779527559054 201.5748031496063 124.40944881889764 au
952.7559055118111 2976.3779527559054 234.64566929133858 124.40944881889764 sol
1086.6141732283465 2976.3779527559054 335.43307086614175 124.40944881889764 raviné
1319.6850393700788 2976.3779527559054 267.7165354330709 124.40944881889764 sous
1488.1889763779527 2976.3779527559054 201.5748031496063 124.40944881889764 un
1588.976377952756 2976.3779527559054 267.7165354330709 124.40944881889764 ciel
1755.9055118110236 2976.3779527559054 401.5748031496063 124.40944881889764 orageux.
2056.6929133858266 2976.3779527559054 166.9291338582677 124.40944881889764 A
2091.3385826771655 2976.3779527559054 300.78740157480314 124.40944881889764 droite,

269.29133858267716 3088.1889763779527 251.96850393700788 91.33858267716535 une
414.1732283464567 3088.1889763779527 360.62992125984255 91.33858267716535 petite
666.1417322834645 3088.1889763779527 288.18897637795277 91.33858267716535 mare
847.2440944881889 3088.1889763779527 288.18897637795277 91.33858267716535 dans
1026.7716535433071 3088.1889763779527 215.748031496063 91.33858267716535 un
1135.4330708661416 3088.1889763779527 324.40944881889766 91.33858267716535 creux
1352.755905511811 3088.1889763779527 215.748031496063 91.33858267716535 de
1459.8425196850394 3088.1889763779527 433.07086614173227 91.33858267716535 terrain;
1784.251968503937 3088.1889763779527 181.10236220472441 91.33858267716535 à
1856.6929133858268 3088.1889763779527 360.62992125984255 91.33858267716535 gauche
2110.236220472441 3088.1889763779527 215.748031496063 91.33858267716535 on
2182.6771653543306 3088.1889763779527 215.748031496063 91.33858267716535 dis-

270.86614173228344 3179.527559055118 341.73228346456693 119.68503937007874 tingue
510.23622047244095 3179.527559055118 204.7244094488189 119.68503937007874 un
612.5984251968504 3179.527559055118 307.0866141732283 119.68503937007874 pâtre
817.3228346456693 3179.527559055118 477.1653543307087 119.68503937007874 conduisant
1192.1259842519685 3179.527559055118 239.37007874015748 119.68503937007874 son
1294.4881889763778 3179.527559055118 374.8031496062992 119.68503937007874 troupeau.

357.4803149606299 3280.314960629921 248.8188976377953 124.40944881889764 Signé
524.4094488188977 3280.314960629921 166.9291338582677 124.40944881889764 en
607.8740157480315 3280.314960629921 222.04724409448818 124.40944881889764 bas,
746.4566929133858 3280.314960629921 138.58267716535434 124.40944881889764 à
801.5748031496063 3280.314960629921 305.51181102362204 124.40944881889764 droite,
1023.6220472440945 3280.314960629921 360.62992125984255 124.40944881889764 Oliver
1272.4409448818897 3280.314960629921 305.51181102362204 124.40944881889764 Hall

1108.6614173228347 3521.259842519685 307.0866141732283 188.9763779527559 —
1231.4960629921259 3521.259842519685 368.503937007874 188.9763779527559 49
1354.3307086614172 3521.259842519685 184.251968503937 188.9763779527559 —

2045.6692913385828 3541.732283464567 179.5275590551181 127.55905511811024 4
