3281.8897637795276 4314.96062992126
831.496062992126 434.6456692913386 325.98425196850394 163.7795275590551 Signé
1048.8188976377953 434.6456692913386 217.3228346456693 163.7795275590551 et
1157.4803149606298 434.6456692913386 289.76377952755905 163.7795275590551 daté
1337.007874015748 434.6456692913386 217.3228346456693 163.7795275590551 en
1445.6692913385828 434.6456692913386 289.76377952755905 163.7795275590551 bas,
1626.7716535433071 434.6456692913386 181.10236220472441 163.7795275590551 à
1699.2125984251968 434.6456692913386 396.8503937007874 163.7795275590551 gauche,
1987.4015748031495 434.6456692913386 217.3228346456693 163.7795275590551 W.
2096.0629921259842 434.6456692913386 217.3228346456693 163.7795275590551 H.
2204.7244094488187 434.6456692913386 253.54330708661416 163.7795275590551 H.,
2349.6062992125985 434.6456692913386 325.98425196850394 163.7795275590551 1849.
2565.3543307086616 434.6456692913386 217.3228346456693 163.7795275590551 P.
2674.015748031496 434.6456692913386 217.3228346456693 163.7795275590551 R.
2746.4566929133857 434.6456692913386 144.88188976377953 163.7795275590551 B.

759.0551181102362 573.2283464566929 234.64566929133858 129.13385826771653 (les
905.511811023622 573.2283464566929 262.99212598425197 129.13385826771653 trois
1081.8897637795276 573.2283464566929 322.8346456692913 129.13385826771653 lettres
1316.5354330708662 573.2283464566929 409.4488188976378 129.13385826771653 fatidiques
1637.7952755905512 573.2283464566929 615.7480314960629 129.13385826771653 Pre-Rapbaelite
2165.3543307086616 573.2283464566929 469.29133858267716 129.13385826771653 Brotber,
2546.4566929133857 573.2283464566929 234.64566929133858 129.13385826771653 dont
2662.9921259842517 573.2283464566929 234.64566929133858 129.13385826771653 chacun

754.3307086614174 678.7401574803149 229.92125984251967 140.15748031496062 des
886.6141732283464 678.7401574803149 362.20472440944883 140.15748031496062 membres
1149.6062992125985 678.7401574803149 198.4251968503937 140.15748031496062 de
1248.8188976377953 678.7401574803149 198.4251968503937 140.15748031496062 la
1348.0314960629921 678.7401574803149 428.34645669291336 140.15748031496062 confrérie
1677.1653543307086 678.7401574803149 362.20472440944883 140.15748031496062 faisait
1940.1574803149606 678.7401574803149 329.13385826771656 140.15748031496062 suivre
2171.6535433070867 678.7401574803149 362.20472440944883 140.15748031496062 partout
2434.6456692913384 678.7401574803149 229.92125984251967 140.15748031496062 son
2533.8582677165355 678.7401574803149 229.92125984251967 140.15748031496062 nom).

831.496062992126 828.3464566929134 366.92913385826773 125.98425196850394 Dessin,
1097.6377952755906 828.3464566929134 266.1417322834646 125.98425196850394 très
1264.5669291338584 828.3464566929134 400.0 125.98425196850394 précieux
1563.7795275590552 828.3464566929134 299.21259842519686 125.98425196850394 comme
1763.7795275590552 828.3464566929134 400.0 125.98425196850394 document
2062.9921259842517 828.3464566929134 233.0708661417323 125.98425196850394 sur
2196.850393700787 828.3464566929134 466.1417322834646 125.98425196850394 l’histoire
2563.779527559055 828.3464566929134 200.0 125.98425196850394 du
2629.9212598425197 828.3464566929134 266.1417322834646 125.98425196850394 préra-

751.1811023622047 921.2598425196851 491.33858267716533 124.40944881889764 phaélisme,
1137.007874015748 921.2598425196851 316.53543307086613 124.40944881889764 conçu
1348.0314960629921 921.2598425196851 280.31496062992125 124.40944881889764 pour
1522.8346456692914 921.2598425196851 211.0236220472441 124.40944881889764 le
1628.3464566929133 921.2598425196851 385.8267716535433 124.40944881889764 tableau
1910.236220472441 921.2598425196851 385.8267716535433 124.40944881889764 destiné
2190.551181102362 921.2598425196851 211.0236220472441 124.40944881889764 au
2296.0629921259842 921.2598425196851 422.0472440944882 124.40944881889764 concours
2612.5984251968503 921.2598425196851 245.66929133858267 124.40944881889764 que
2718.1102362204724 921.2598425196851 176.3779527559055 124.40944881889764 les

752.7559055118111 1029.9212598425197 368.503937007874 94.48818897637796 membres
1020.4724409448819 1029.9212598425197 201.5748031496063 94.48818897637796 de
1121.259842519685 1029.9212598425197 201.5748031496063 94.48818897637796 la
1220.4724409448818 1029.9212598425197 434.6456692913386 94.48818897637796 confrérie
1555.9055118110236 1029.9212598425197 368.503937007874 94.48818897637796 avaient
1823.6220472440946 1029.9212598425197 401.5748031496063 94.48818897637796 institué
2124.4094488188975 1029.9212598425197 300.78740157480314 94.48818897637796 entre
2325.984251968504 1029.9212598425197 234.64566929133858 94.48818897637796 eux
2459.8425196850394 1029.9212598425197 234.64566929133858 94.48818897637796 sur
2593.700787401575 1029.9212598425197 201.5748031496063 94.48818897637796 le
2659.8425196850394 1029.9212598425197 234.64566929133858 94.48818897637796 poème

755.9055118110236 1129.1338582677165 157.48031496062993 77.16535433070867 de
834.6456692913385 1129.1338582677165 262.99212598425197 77.16535433070867 Keats,
1018.8976377952756 1129.1338582677165 236.2204724409449 77.16535433070867 imité
1176.3779527559054 1129.1338582677165 157.48031496062993 77.16535433070867 de
1256.6929133858268 1129.1338582677165 314.96062992125985 77.16535433070867 Boccace,
1492.9133858267717 1129.1338582677165 499.21259842519686 77.16535433070867 Isabelle
1913.3858267716535 1129.1338582677165 157.48031496062993 77.16535433070867 ou
1992.1259842519685 1129.1338582677165 157.48031496062993 77.16535433070867 le
2070.8661417322833 1129.1338582677165 262.99212598425197 77.16535433070867 Pot
2255.1181102362207 1129.1338582677165 157.48031496062993 77.16535433070867 de
2333.8582677165355 1129.1338582677165 420.4724409448819 77.16535433070867 Basilic,
2675.5905511811025 1129.1338582677165 157.48031496062993 77.16535433070867 et
2729.1338582677167 1129.1338582677165 157.48031496062993 77.16535433070867 ins-

751.1811023622047 1204.724409448819 264.56692913385825 119.68503937007874 piré
916.5354330708661 1204.724409448819 198.4251968503937 119.68503937007874 de
1015.7480314960629 1204.724409448819 231.49606299212599 119.68503937007874 ces
1148.0314960629921 1204.724409448819 264.56692913385825 119.68503937007874 deux
1314.9606299212599 1204.724409448819 264.56692913385825 119.68503937007874 vers
1480.3149606299212 1204.724409448819 198.4251968503937 119.68503937007874 du
1546.4566929133857 1204.724409448819 264.56692913385825 119.68503937007874 poète:

1094.4881889763778 1387.4015748031495 228.3464566929134 151.1811023622047 He
1207.8740157480315 1387.4015748031495 303.93700787401576 151.1811023622047 Knew
1398.4251968503936 1387.4015748031495 343.3070866141732 151.1811023622047 whose
1626.7716535433071 1387.4015748031495 381.1023622047244 151.1811023622047 gentle
1892.9133858267717 1387.4015748031495 303.93700787401576 151.1811023622047 hand
2083.464566929134 1387.4015748031495 266.1417322834646 151.1811023622047 was
2236.220472440945 1387.4015748031495 228.3464566929134 151.1811023622047 at
2349.6062992125985 1387.4015748031495 266.1417322834646 151.1811023622047 the
2464.566929133858 1387.4015748031495 266.1417322834646 151.1811023622047 latch

1099.2125984251968 1492.9133858267717 333.8582677165354 157.48031496062993 Before
1332.283464566929 1492.9133858267717 233.0708661417323 157.48031496062993 the
1466.1417322834645 1492.9133858267717 266.1417322834646 157.48031496062993 door
1633.0708661417323 1492.9133858267717 233.0708661417323 157.48031496062993 had
1765.3543307086613 1492.9133858267717 300.78740157480314 157.48031496062993 given
1965.3543307086613 1492.9133858267717 233.0708661417323 157.48031496062993 her
2099.212598425197 1492.9133858267717 200.0 157.48031496062993 to
2198.4251968503936 1492.9133858267717 233.0708661417323 157.48031496062993 his
2299.212598425197 1492.9133858267717 233.0708661417323 157.48031496062993 eyes.

1571.6535433070867 3552.755905511811 310.23622047244095 166.9291338582677 —
1694.4881889763778 3552.755905511811 371.65354330708664 166.9291338582677 54
1818.8976377952756 3552.755905511811 185.82677165354332 166.9291338582677 —
