2083 2749
660 507 229 94 <b>JOHN</b>
827 507 305 94 (<b>Augustus</b>).

265 650 153 74 Né
341 650 204 74 dans
468 650 153 74 le
545 650 204 74 pays
672 650 153 74 de
749 650 280 74 Galles,
952 650 153 74 en
1029 650 229 74 1879.
1182 650 153 74 Sa
1258 650 306 74 jeunesse
1462 650 102 74 se

211 724 214 67 passa
354 724 190 67 dans
473 724 143 67 ce
544 724 214 67 pays;
686 724 143 67 il
758 724 166 67 fit
853 724 166 67 ses
948 724 309 67 premières
1185 724 238 67 études
1351 724 119 67 à
1375 724 190 67 Liver-

211 803 197 57 pool
335 803 148 57 où
408 803 148 57 il
482 803 246 57 revint
655 803 197 57 plus
778 803 222 57 tard,
926 803 271 57 quelque
1123 803 246 57 temps,
1295 803 222 57 comme
1418 803 148 57 pro-

209 841 296 70 fesseur,
431 841 197 70 puis
554 841 148 70 il
628 841 172 70 fut
727 841 222 70 admis
874 841 123 70 à
924 841 148 70 la
998 841 222 70 Slade
1145 841 246 70 School
1318 841 148 70 of
1392 841 172 70 Art
1465 841 99 70 de

209 916 380 64 l’Université
518 916 143 64 de
566 916 238 64 Londres.

267 985 144 74 Il
339 985 120 74 y
387 985 168 74 fut
483 985 216 74 élève
628 985 144 74 de
700 985 312 74 Frederick
940 985 240 74 Brown,
1108 985 192 74 dans
1228 985 168 74 cet
1301 985 264 74 enseigne-

207 1056 205 59 ment
336 1056 179 59 qui
438 1056 359 59 conservait
720 1056 179 59 les
823 1056 256 59 fortes
1002 1056 359 59 traditions
1258 1056 308 59 d’Alphonse

208 1112 271 74 Legros.
406 1112 148 74 Il
480 1112 247 74 exposa
652 1112 197 74 pour
776 1112 148 74 la
850 1112 296 74 première
1072 1112 197 74 fois
1195 1112 148 74 au
1269 1112 173 74 New
1343 1112 222 74 English

206 1177 161 74 Art
298 1177 206 74 Club,
435 1177 138 74 en
504 1177 206 74 1902,
642 1177 161 74 des
733 1177 252 74 dessins
917 1177 138 74 et
986 1177 183 74 deux
1100 1177 298 74 portraits
1330 1177 115 74 à
1353 1177 206 74 l’huile

204 1250 146 66 de
277 1250 291 66 Gitanes.
495 1250 243 66 Débuts
665 1250 243 66 animés
834 1250 170 66 qui
931 1250 243 66 firent
1101 1250 243 66 naître
1271 1250 170 66 des
1344 1250 218 66 discus-

205 1323 247 55 sions.
378 1323 345 55 Portraits,
649 1323 321 55 paysages,
896 1323 247 55 scènes
1069 1323 148 55 de
1143 1323 148 55 la
1217 1323 173 55 vie
1315 1323 173 55 des
1389 1323 173 55 Bohé-

204 1378 225 66 miens,
362 1378 180 66 pour
475 1378 315 66 lesquelles
722 1378 135 66 il
790 1378 113 66 a
835 1378 158 66 une
925 1378 270 66 certaine
1127 1378 383 66 prédilection,
1420 1378 135 66 pan-

204 1452 227 59 neaux
355 1452 353 59 décoratifs
632 1452 202 59 pour
758 1452 151 59 le
834 1452 227 59 Musée
985 1452 151 59 de
1060 1452 453 59 Johannisbourg,
1413 1452 151 59 etc.

201 1524 157 72 A.
279 1524 210 72 John
411 1524 184 72 est
515 1524 288 72 surtout
725 1524 315 72 apprécié
961 1524 210 72 pour
1092 1524 184 72 ses
1197 1524 315 72 dessins;
1433 1524 157 72 il
1485 1524 79 72 a

204 1587 249 92 exécuté
385 1587 204 92 aussi
521 1587 158 92 des
589 1587 317 92 eaux

541 1731 137 99 14.
620 1731 293 99 <b>Portrait
854 1731 117 99 de
913 1731 117 99 M.
972 1731 137 99 Mac
1030 1731 196 99 Evoy</b>

674 1819 208 79 (Frère
820 1819 125 79 du
862 1819 229 79 peintre).

745 1910 260 75 Sanguine.

681 1990 100 95 H
721 1990 100 95 :
761 1990 181 95 0,23;
882 1990 121 95 L.
942 1990 100 95 :
982 1990 121 95 0,
1023 1990 100 95 32.

256 2094 124 84 Le
318 2094 166 84 haut
422 2094 124 84 du
484 2094 207 84 buste;
630 2094 124 84 il
692 2094 145 84 est
775 2094 249 84 accoudé,
961 2094 124 84 la
1024 2094 166 84 tête
1127 2094 290 84 recouverte
1356 2094 166 84 d’un
1439 2094 124 84 cha-

205 2171 176 67 peau
315 2171 132 67 de
381 2171 242 67 feutre,
557 2171 154 67 sur
644 2171 132 67 la
710 2171 176 67 main
798 2171 198 67 gauche.

825 2272 237 79 55
904 2272 119 79 —
