3280.314960629921 4329.133858267716
1039.3700787401574 798.4251968503937 360.62992125984255 148.03149606299212 JOHN
1302.3622047244094 798.4251968503937 480.31496062992125 148.03149606299212 (Augustus).

417.3228346456693 1023.6220472440945 240.9448818897638 116.53543307086615 Né
537.007874015748 1023.6220472440945 321.25984251968504 116.53543307086615 dans
737.007874015748 1023.6220472440945 240.9448818897638 116.53543307086615 le
858.2677165354331 1023.6220472440945 321.25984251968504 116.53543307086615 pays
1058.267716535433 1023.6220472440945 240.9448818897638 116.53543307086615 de
1179.5275590551182 1023.6220472440945 440.9448818897638 116.53543307086615 Galles,
1499.2125984251968 1023.6220472440945 240.9448818897638 116.53543307086615 en
1620.4724409448818 1023.6220472440945 360.62992125984255 116.53543307086615 1879.
1861.4173228346456 1023.6220472440945 240.9448818897638 116.53543307086615 Sa
1981.1023622047244 1023.6220472440945 481.8897637795276 116.53543307086615 jeunesse
2302.3622047244094 1023.6220472440945 160.62992125984252 116.53543307086615 se

332.2834645669291 1140.1574803149606 337.00787401574803 105.51181102362204 passa
557.4803149606299 1140.1574803149606 299.21259842519686 105.51181102362204 dans
744.8818897637796 1140.1574803149606 225.1968503937008 105.51181102362204 ce
856.6929133858267 1140.1574803149606 337.00787401574803 105.51181102362204 pays;
1080.3149606299212 1140.1574803149606 225.1968503937008 105.51181102362204 il
1193.7007874015749 1140.1574803149606 261.4173228346457 105.51181102362204 fit
1343.3070866141732 1140.1574803149606 261.4173228346457 105.51181102362204 ses
1492.9133858267717 1140.1574803149606 486.61417322834643 105.51181102362204 premières
1866.1417322834645 1140.1574803149606 374.8031496062992 105.51181102362204 études
2127.5590551181103 1140.1574803149606 187.4015748031496 105.51181102362204 à
2165.3543307086616 1140.1574803149606 299.21259842519686 105.51181102362204 Liver-

332.2834645669291 1264.5669291338584 310.23622047244095 89.76377952755905 pool
527.5590551181102 1264.5669291338584 233.0708661417323 89.76377952755905 où
642.5196850393701 1264.5669291338584 233.0708661417323 89.76377952755905 il
759.0551181102362 1264.5669291338584 387.40157480314963 89.76377952755905 revint
1031.4960629921259 1264.5669291338584 310.23622047244095 89.76377952755905 plus
1225.1968503937007 1264.5669291338584 349.6062992125984 89.76377952755905 tard,
1458.267716535433 1264.5669291338584 426.7716535433071 89.76377952755905 quelque
1768.5039370078741 1264.5669291338584 387.40157480314963 89.76377952755905 temps,
2039.3700787401574 1264.5669291338584 349.6062992125984 89.76377952755905 comme
2233.0708661417325 1264.5669291338584 233.0708661417323 89.76377952755905 pro-

329.13385826771656 1324.4094488188975 466.1417322834646 110.23622047244095 fesseur,
678.7401574803149 1324.4094488188975 310.23622047244095 110.23622047244095 puis
872.4409448818898 1324.4094488188975 233.0708661417323 110.23622047244095 il
988.9763779527559 1324.4094488188975 270.86614173228344 110.23622047244095 fut
1144.8818897637796 1324.4094488188975 349.6062992125984 110.23622047244095 admis
1376.3779527559054 1324.4094488188975 193.70078740157481 110.23622047244095 à
1455.1181102362204 1324.4094488188975 233.0708661417323 110.23622047244095 la
1571.6535433070867 1324.4094488188975 349.6062992125984 110.23622047244095 Slade
1803.1496062992126 1324.4094488188975 387.40157480314963 110.23622047244095 School
2075.5905511811025 1324.4094488188975 233.0708661417323 110.23622047244095 of
2192.1259842519685 1324.4094488188975 270.86614173228344 110.23622047244095 Art
2307.0866141732286 1324.4094488188975 155.90551181102362 110.23622047244095 de

329.13385826771656 1442.5196850393702 598.4251968503937 100.78740157480316 l’Université
815.7480314960629 1442.5196850393702 225.1968503937008 100.78740157480316 de
891.3385826771654 1442.5196850393702 374.8031496062992 100.78740157480316 Londres.

420.4724409448819 1551.1811023622047 226.77165354330708 116.53543307086615 Il
533.8582677165355 1551.1811023622047 188.9763779527559 116.53543307086615 y
609.4488188976378 1551.1811023622047 264.56692913385825 116.53543307086615 fut
760.6299212598425 1551.1811023622047 340.15748031496065 116.53543307086615 élève
988.9763779527559 1551.1811023622047 226.77165354330708 116.53543307086615 de
1102.3622047244094 1551.1811023622047 491.33858267716533 116.53543307086615 Frederick
1480.3149606299212 1551.1811023622047 377.9527559055118 116.53543307086615 Brown,
1744.8818897637796 1551.1811023622047 302.3622047244094 116.53543307086615 dans
1933.8582677165355 1551.1811023622047 264.56692913385825 116.53543307086615 cet
2048.818897637795 1551.1811023622047 415.748031496063 116.53543307086615 enseigne-

325.98425196850394 1662.992125984252 322.8346456692913 92.91338582677166 ment
529.1338582677165 1662.992125984252 281.8897637795276 92.91338582677166 qui
689.7637795275591 1662.992125984252 565.3543307086615 92.91338582677166 conservait
1133.8582677165355 1662.992125984252 281.8897637795276 92.91338582677166 les
1296.0629921259842 1662.992125984252 403.1496062992126 92.91338582677166 fortes
1577.9527559055118 1662.992125984252 565.3543307086615 92.91338582677166 traditions
1981.1023622047244 1662.992125984252 485.03937007874015 92.91338582677166 d’Alphonse

327.5590551181102 1751.1811023622047 426.7716535433071 116.53543307086615 Legros.
639.3700787401575 1751.1811023622047 233.0708661417323 116.53543307086615 Il
755.9055118110236 1751.1811023622047 388.9763779527559 116.53543307086615 exposa
1026.7716535433071 1751.1811023622047 310.23622047244095 116.53543307086615 pour
1222.0472440944882 1751.1811023622047 233.0708661417323 116.53543307086615 la
1338.5826771653544 1751.1811023622047 466.1417322834646 116.53543307086615 première
1688.1889763779527 1751.1811023622047 310.23622047244095 116.53543307086615 fois
1881.8897637795276 1751.1811023622047 233.0708661417323 116.53543307086615 au
1998.4251968503936 1751.1811023622047 272.4409448818898 116.53543307086615 New
2114.9606299212596 1751.1811023622047 349.6062992125984 116.53543307086615 English

324.40944881889766 1853.5433070866143 253.54330708661416 116.53543307086615 Art
469.29133858267716 1853.5433070866143 324.40944881889766 116.53543307086615 Club,
685.0393700787401 1853.5433070866143 217.3228346456693 116.53543307086615 en
793.7007874015748 1853.5433070866143 324.40944881889766 116.53543307086615 1902,
1011.0236220472441 1853.5433070866143 253.54330708661416 116.53543307086615 des
1154.3307086614172 1853.5433070866143 396.8503937007874 116.53543307086615 dessins
1444.0944881889764 1853.5433070866143 217.3228346456693 116.53543307086615 et
1552.755905511811 1853.5433070866143 288.18897637795277 116.53543307086615 deux
1732.283464566929 1853.5433070866143 469.29133858267716 116.53543307086615 portraits
2094.488188976378 1853.5433070866143 181.10236220472441 116.53543307086615 à
2130.7086614173227 1853.5433070866143 324.40944881889766 116.53543307086615 l’huile

321.25984251968504 1968.5039370078741 229.92125984251967 103.93700787401575 de
436.2204724409449 1968.5039370078741 458.26771653543307 103.93700787401575 Gitanes.
779.5275590551181 1968.5039370078741 382.6771653543307 103.93700787401575 Débuts
1047.244094488189 1968.5039370078741 382.6771653543307 103.93700787401575 animés
1313.3858267716535 1968.5039370078741 267.7165354330709 103.93700787401575 qui
1466.1417322834645 1968.5039370078741 382.6771653543307 103.93700787401575 firent
1733.8582677165355 1968.5039370078741 382.6771653543307 103.93700787401575 naître
2001.5748031496064 1968.5039370078741 267.7165354330709 103.93700787401575 des
2116.535433070866 1968.5039370078741 343.3070866141732 103.93700787401575 discus-

322.8346456692913 2083.464566929134 388.9763779527559 86.61417322834646 sions.
595.2755905511812 2083.464566929134 543.3070866141733 86.61417322834646 Portraits,
1022.0472440944882 2083.464566929134 505.51181102362204 86.61417322834646 paysages,
1411.023622047244 2083.464566929134 388.9763779527559 86.61417322834646 scènes
1683.4645669291338 2083.464566929134 233.0708661417323 86.61417322834646 de
1800.0 2083.464566929134 233.0708661417323 86.61417322834646 la
1916.5354330708662 2083.464566929134 272.4409448818898 86.61417322834646 vie
2070.8661417322833 2083.464566929134 272.4409448818898 86.61417322834646 des
2187.4015748031497 2083.464566929134 272.4409448818898 86.61417322834646 Bohé-

321.25984251968504 2170.0787401574803 354.3307086614173 103.93700787401575 miens,
570.0787401574803 2170.0787401574803 283.46456692913387 103.93700787401575 pour
748.0314960629921 2170.0787401574803 496.06299212598424 103.93700787401575 lesquelles
1137.007874015748 2170.0787401574803 212.5984251968504 103.93700787401575 il
1244.0944881889764 2170.0787401574803 177.95275590551182 103.93700787401575 a
1314.9606299212599 2170.0787401574803 248.8188976377953 103.93700787401575 une
1456.6929133858268 2170.0787401574803 425.1968503937008 103.93700787401575 certaine
1774.8031496062993 2170.0787401574803 603.1496062992126 103.93700787401575 prédilection,
2236.220472440945 2170.0787401574803 212.5984251968504 103.93700787401575 pan-

321.25984251968504 2286.6141732283463 357.4803149606299 92.91338582677166 neaux
559.0551181102362 2286.6141732283463 555.9055118110236 92.91338582677166 décoratifs
995.2755905511812 2286.6141732283463 318.1102362204724 92.91338582677166 pour
1193.7007874015749 2286.6141732283463 237.79527559055117 92.91338582677166 le
1313.3858267716535 2286.6141732283463 357.4803149606299 92.91338582677166 Musée
1551.1811023622047 2286.6141732283463 237.79527559055117 92.91338582677166 de
1669.291338582677 2286.6141732283463 713.3858267716536 92.91338582677166 Johannisbourg,
2225.196850393701 2286.6141732283463 237.79527559055117 92.91338582677166 etc.

316.53543307086613 2400.0 247.24409448818898 113.38582677165354 A.
439.37007874015745 2400.0 330.70866141732284 113.38582677165354 John
647.2440944881889 2400.0 289.76377952755905 113.38582677165354 est
811.0236220472441 2400.0 453.54330708661416 113.38582677165354 surtout
1141.732283464567 2400.0 496.06299212598424 113.38582677165354 apprécié
1513.3858267716535 2400.0 330.70866141732284 113.38582677165354 pour
1719.6850393700788 2400.0 289.76377952755905 113.38582677165354 ses
1885.0393700787401 2400.0 496.06299212598424 113.38582677165354 dessins;
2256.6929133858266 2400.0 247.24409448818898 113.38582677165354 il
2338.582677165354 2400.0 124.40944881889764 113.38582677165354 a

321.25984251968504 2499.212598425197 392.12598425196853 144.88188976377953 exécuté
606.2992125984252 2499.212598425197 321.25984251968504 144.88188976377953 aussi
820.4724409448819 2499.212598425197 248.8188976377953 144.88188976377953 des
927.5590551181102 2499.212598425197 499.21259842519686 144.88188976377953 eaux

851.9685039370079 2725.984251968504 215.748031496063 155.90551181102362 14.
976.3779527559055 2725.984251968504 461.4173228346457 155.90551181102362 Portrait
1344.8818897637796 2725.984251968504 184.251968503937 155.90551181102362 de
1437.7952755905512 2725.984251968504 184.251968503937 155.90551181102362 M.
1530.708661417323 2725.984251968504 215.748031496063 155.90551181102362 Mac
1622.0472440944882 2725.984251968504 308.66141732283467 155.90551181102362 Evoy

1061.4173228346456 2864.566929133858 327.5590551181102 124.40944881889764 (Frère
1291.3385826771653 2864.566929133858 196.8503937007874 124.40944881889764 du
1357.4803149606298 2864.566929133858 360.62992125984255 124.40944881889764 peintre).

1173.2283464566929 3007.8740157480315 409.4488188976378 118.11023622047244 Sanguine.

1072.4409448818897 3133.8582677165355 157.48031496062993 149.60629921259843 H
1135.4330708661416 3133.8582677165355 157.48031496062993 149.60629921259843 :
1198.4251968503936 3133.8582677165355 285.03937007874015 149.60629921259843 0,23;
1388.976377952756 3133.8582677165355 190.5511811023622 149.60629921259843 L.
1483.4645669291338 3133.8582677165355 157.48031496062993 149.60629921259843 :
1546.4566929133857 3133.8582677165355 190.5511811023622 149.60629921259843 0,
1611.023622047244 3133.8582677165355 157.48031496062993 149.60629921259843 32.

403.1496062992126 3297.6377952755906 195.2755905511811 132.28346456692913 Le
500.78740157480314 3297.6377952755906 261.4173228346457 132.28346456692913 haut
664.5669291338583 3297.6377952755906 195.2755905511811 132.28346456692913 du
762.2047244094488 3297.6377952755906 325.98425196850394 132.28346456692913 buste;
992.1259842519685 3297.6377952755906 195.2755905511811 132.28346456692913 il
1089.763779527559 3297.6377952755906 228.3464566929134 132.28346456692913 est
1220.4724409448818 3297.6377952755906 392.12598425196853 132.28346456692913 accoudé,
1513.3858267716535 3297.6377952755906 195.2755905511811 132.28346456692913 la
1612.5984251968505 3297.6377952755906 261.4173228346457 132.28346456692913 tête
1774.8031496062993 3297.6377952755906 456.6929133858268 132.28346456692913 recouverte
2135.433070866142 3297.6377952755906 261.4173228346457 132.28346456692913 d’un
2266.1417322834645 3297.6377952755906 195.2755905511811 132.28346456692913 cha-

322.8346456692913 3418.8976377952754 277.1653543307087 105.51181102362204 peau
496.06299212598424 3418.8976377952754 207.8740157480315 105.51181102362204 de
600.0 3418.8976377952754 381.1023622047244 105.51181102362204 feutre,
877.1653543307086 3418.8976377952754 242.51968503937007 105.51181102362204 sur
1014.1732283464567 3418.8976377952754 207.8740157480315 105.51181102362204 la
1118.1102362204724 3418.8976377952754 277.1653543307087 105.51181102362204 main
1256.6929133858268 3418.8976377952754 311.81102362204723 105.51181102362204 gauche.

1299.2125984251968 3577.952755905512 373.2283464566929 124.40944881889764 55
1423.6220472440946 3577.952755905512 187.4015748031496 124.40944881889764 —
