3428.3464566929133 4319.685039370079
1415.748031496063 1018.8976377952756 595.2755905511812 146.45669291338584 KENNINGTON
1925.984251968504 1018.8976377952756 340.15748031496065 146.45669291338584 (Eric
2152.755905511811 1018.8976377952756 283.46456692913387 146.45669291338584 H.).

937.007874015748 1278.740157480315 236.2204724409449 171.6535433070866 Né
1055.1181102362204 1278.740157480315 196.8503937007874 171.6535433070866 à
1133.8582677165355 1278.740157480315 434.6456692913386 171.6535433070866 Londres
1450.3937007874015 1278.740157480315 513.3858267716536 171.6535433070866 (Chelsea)
1845.6692913385828 1278.740157480315 236.2204724409449 171.6535433070866 en
1963.7795275590552 1278.740157480315 355.90551181102364 171.6535433070866 1888.
2200.0 1278.740157480315 355.90551181102364 171.6535433070866 Élève
2437.7952755905512 1278.740157480315 236.2204724409449 171.6535433070866 de
2555.9055118110236 1278.740157480315 434.6456692913386 171.6535433070866 l’École
2833.0708661417325 1278.740157480315 157.48031496062993 171.6535433070866 de

850.3937007874016 1433.0708661417323 444.09448818897636 107.08661417322834 Lambeth
1174.8031496062993 1433.0708661417323 242.51968503937007 107.08661417322834 de
1296.0629921259842 1433.0708661417323 322.8346456692913 107.08661417322834 1905
1497.6377952755906 1433.0708661417323 201.5748031496063 107.08661417322834 à
1577.9527559055118 1433.0708661417323 363.7795275590551 107.08661417322834 1907.
1820.4724409448818 1433.0708661417323 201.5748031496063 107.08661417322834 A
1900.7874015748032 1433.0708661417323 485.03937007874015 107.08661417322834 séjourné
2264.566929133858 1433.0708661417323 322.8346456692913 107.08661417322834 deux
2467.716535433071 1433.0708661417323 322.8346456692913 107.08661417322834 fois
2669.2913385826773 1433.0708661417323 201.5748031496063 107.08661417322834 à
2708.6614173228345 1433.0708661417323 283.46456692913387 107.08661417322834 Paris

851.9685039370079 1551.1811023622047 222.04724409448818 99.21259842519684 et
962.2047244094488 1551.1811023622047 184.251968503937 99.21259842519684 a
1036.2204724409448 1551.1811023622047 368.503937007874 99.21259842519684 visité
1294.4881889763778 1551.1811023622047 368.503937007874 99.21259842519684 Venise
1552.755905511811 1551.1811023622047 222.04724409448818 99.21259842519684 et
1662.992125984252 1551.1811023622047 516.5354330708661 99.21259842519684 Pétrograd.
2069.2913385826773 1551.1811023622047 184.251968503937 99.21259842519684 A
2143.3070866141734 1551.1811023622047 368.503937007874 99.21259842519684 exposé
2401.5748031496064 1551.1811023622047 368.503937007874 99.21259842519684 depuis
2659.8425196850394 1551.1811023622047 296.06299212598424 99.21259842519684 1908
2807.8740157480315 1551.1811023622047 184.251968503937 99.21259842519684 des

853.5433070866142 1642.5196850393702 496.06299212598424 127.55905511811024 portraits
1234.6456692913387 1642.5196850393702 228.3464566929134 127.55905511811024 et
1349.6062992125985 1642.5196850393702 267.7165354330709 127.55905511811024 des
1502.3622047244094 1642.5196850393702 381.1023622047244 127.55905511811024 sujets
1768.5039370078741 1642.5196850393702 381.1023622047244 127.55905511811024 divers
2036.2204724409448 1642.5196850393702 190.5511811023622 127.55905511811024 à
2113.3858267716537 1642.5196850393702 228.3464566929134 127.55905511811024 la
2226.771653543307 1642.5196850393702 267.7165354330709 127.55905511811024 New
2379.527559055118 1642.5196850393702 420.4724409448819 127.55905511811024 Gallery
2685.0393700787404 1642.5196850393702 228.3464566929134 127.55905511811024 et
2800.0 1642.5196850393702 190.5511811023622 127.55905511811024 à
2837.7952755905512 1642.5196850393702 152.75590551181102 127.55905511811024 la

848.8188976377953 1762.2047244094488 363.7795275590551 96.06299212598425 Royal
1091.3385826771653 1762.2047244094488 485.03937007874015 96.06299212598425 Academy.
1455.1181102362204 1762.2047244094488 404.7244094488189 96.06299212598425 Engagé
1738.5826771653544 1762.2047244094488 242.51968503937007 96.06299212598425 au
1859.8425196850394 1762.2047244094488 363.7795275590551 96.06299212598425 cours
2102.3622047244094 1762.2047244094488 242.51968503937007 96.06299212598425 de
2223.6220472440946 1762.2047244094488 242.51968503937007 96.06299212598425 la
2344.8818897637793 1762.2047244094488 485.03937007874015 96.06299212598425 présente
2669.2913385826773 1762.2047244094488 322.8346456692913 96.06299212598425 guerre

853.5433070866142 1847.244094488189 294.48818897637796 113.38582677165354 dans
1037.7952755905512 1847.244094488189 222.04724409448818 113.38582677165354 le
1148.0314960629921 1847.244094488189 478.74015748031496 113.38582677165354 bataillon
1516.5354330708662 1847.244094488189 222.04724409448818 113.38582677165354 de
1626.7716535433071 1847.244094488189 552.7559055118111 113.38582677165354 Kensington,
2069.2913385826773 1847.244094488189 184.251968503937 113.38582677165354 a
2143.3070866141734 1847.244094488189 258.26771653543307 113.38582677165354 été
2291.3385826771655 1847.244094488189 368.503937007874 113.38582677165354 blessé
2549.6062992125985 1847.244094488189 184.251968503937 113.38582677165354 à
2585.8267716535433 1847.244094488189 406.2992125984252 113.38582677165354 l’attaque

848.8188976377953 1944.8818897637796 242.51968503937007 152.75590551181102 de
930.7086614173228 1944.8818897637796 685.0393700787401 152.75590551181102 Neuve

1499.2125984251968 2200.0 201.5748031496063 155.90551181102362 15.
1614.1732283464567 2200.0 403.1496062992126 155.90551181102362 Cuisine
1902.3622047244094 2200.0 459.84251968503935 155.90551181102362 ambulante.

1566.9291338582677 2368.503937007874 176.3779527559055 159.0551181102362 H.
1655.1181102362204 2368.503937007874 146.45669291338584 159.0551181102362 :
1714.9606299212599 2368.503937007874 176.3779527559055 159.0551181102362 1,
1803.1496062992126 2368.503937007874 206.29921259842519 159.0551181102362 31;
1921.259842519685 2368.503937007874 176.3779527559055 159.0551181102362 L.
2009.4488188976377 2368.503937007874 146.45669291338584 159.0551181102362 :
2067.716535433071 2368.503937007874 176.3779527559055 159.0551181102362 1,
2127.5590551181103 2368.503937007874 146.45669291338584 159.0551181102362 22.

932.2834645669292 2508.6614173228345 299.21259842519686 143.30708661417322 Sorte
1132.283464566929 2508.6614173228345 200.0 143.30708661417322 de
1231.4960629921259 2508.6614173228345 332.2834645669291 143.30708661417322 petite
1464.5669291338584 2508.6614173228345 365.3543307086614 143.30708661417322 gargote
1730.708661417323 2508.6614173228345 466.1417322834646 143.30708661417322 ambulante,
2096.0629921259842 2508.6614173228345 200.0 143.30708661417322 en
2195.2755905511813 2508.6614173228345 466.1417322834646 143.30708661417322 pleinvent,
2562.2047244094488 2508.6614173228345 266.1417322834646 143.30708661417322 dans
2727.5590551181103 2508.6614173228345 200.0 143.30708661417322 un
2793.700787401575 2508.6614173228345 200.0 143.30708661417322 coin

855.1181102362204 2651.968503937008 203.1496062992126 96.06299212598425 de
957.4803149606299 2651.968503937008 407.87401574803147 96.06299212598425 faubourg
1262.992125984252 2651.968503937008 305.51181102362204 96.06299212598425 d’une
1467.716535433071 2651.968503937008 305.51181102362204 96.06299212598425 ville
1670.8661417322835 2651.968503937008 440.9448818897638 96.06299212598425 anglaise.
2011.023622047244 2651.968503937008 170.07874015748033 96.06299212598425 A
2078.740157480315 2651.968503937008 373.2283464566929 96.06299212598425 gauche,
2349.6062992125985 2651.968503937008 203.1496062992126 96.06299212598425 le
2451.968503937008 2651.968503937008 340.15748031496065 96.06299212598425 patron
2689.763779527559 2651.968503937008 203.1496062992126 96.06299212598425 en
2757.48031496063 2651.968503937008 237.79527559055117 96.06299212598425 gilet

859.8425196850394 2733.8582677165355 283.46456692913387 96.06299212598425 rouge
1048.8188976377953 2733.8582677165355 188.9763779527559 96.06299212598425 et
1143.3070866141732 2733.8582677165355 407.87401574803147 96.06299212598425 casquette
1456.6929133858268 2733.8582677165355 314.96062992125985 96.06299212598425 grise,
1677.1653543307086 2733.8582677165355 220.4724409448819 96.06299212598425 une
1803.1496062992126 2733.8582677165355 407.87401574803147 96.06299212598425 cigarette
2116.535433070866 2733.8582677165355 157.48031496062993 96.06299212598425 à
2179.527559055118 2733.8582677165355 188.9763779527559 96.06299212598425 la
2274.015748031496 2733.8582677165355 346.45669291338584 96.06299212598425 bouche,
2525.984251968504 2733.8582677165355 188.9763779527559 96.06299212598425 de
2620.472440944882 2733.8582677165355 283.46456692913387 96.06299212598425 face,
2776.3779527559054 2733.8582677165355 220.4724409448819 96.06299212598425 ouvre

856.6929133858267 2828.3464566929133 234.64566929133858 138.58267716535434 les
990.5511811023622 2828.3464566929133 335.43307086614175 138.58267716535434 portes
1225.1968503937007 2828.3464566929133 300.78740157480314 138.58267716535434 d’une
1425.1968503937007 2828.3464566929133 300.78740157480314 138.58267716535434 série
1626.7716535433071 2828.3464566929133 201.5748031496063 138.58267716535434 de
1725.984251968504 2828.3464566929133 335.43307086614175 138.58267716535434 petits
1960.6299212598426 2828.3464566929133 300.78740157480314 138.58267716535434 fours
2162.2047244094488 2828.3464566929133 469.29133858267716 138.58267716535434 superposés
2529.1338582677167 2828.3464566929133 267.7165354330709 138.58267716535434 dont
2697.6377952755906 2828.3464566929133 201.5748031496063 138.58267716535434 le
2763.779527559055 2828.3464566929133 234.64566929133858 138.58267716535434 foyer

864.5669291338583 2929.1338582677167 212.5984251968504 125.98425196850394 est
985.8267716535433 2929.1338582677167 272.4409448818898 125.98425196850394 situé
1166.9291338582677 2929.1338582677167 151.1811023622047 125.98425196850394 à
1228.3464566929133 2929.1338582677167 181.10236220472441 125.98425196850394 la
1318.1102362204724 2929.1338582677167 302.3622047244094 125.98425196850394 partie
1500.7874015748032 2929.1338582677167 393.7007874015748 125.98425196850394 inférieure.

937.007874015748 3017.3228346456694 206.29921259842519 105.51181102362204 En
1040.9448818897638 3017.3228346456694 343.3070866141732 105.51181102362204 avant,
1280.3149606299212 3017.3228346456694 206.29921259842519 105.51181102362204 un
1384.251968503937 3017.3228346456694 308.66141732283467 105.51181102362204 jeune
1588.976377952756 3017.3228346456694 377.9527559055118 105.51181102362204 garçon,
1864.5669291338584 3017.3228346456694 206.29921259842519 105.51181102362204 un
1966.9291338582677 3017.3228346456694 377.9527559055118 105.51181102362204 foulard
2240.9448818897636 3017.3228346456694 274.01574803149606 105.51181102362204 bleu
2412.5984251968503 3017.3228346456694 171.6535433070866 105.51181102362204 à
2481.8897637795276 3017.3228346456694 377.9527559055118 105.51181102362204 ramages
2722.834645669291 3017.3228346456694 274.01574803149606 105.51181102362204 blancs

864.5669291338583 3125.984251968504 332.2834645669291 102.36220472440945 autour
1097.6377952755906 3125.984251968504 200.0 102.36220472440945 du
1196.8503937007874 3125.984251968504 266.1417322834646 102.36220472440945 cou,
1363.7795275590552 3125.984251968504 433.07086614173227 102.36220472440945 contemple
1696.0629921259842 3125.984251968504 233.0708661417323 102.36220472440945 une
1829.9212598425197 3125.984251968504 332.2834645669291 102.36220472440945 patate
2062.9921259842517 3125.984251968504 299.21259842519686 102.36220472440945 cuite
2262.9921259842517 3125.984251968504 299.21259842519686 102.36220472440945 qu’il
2462.9921259842517 3125.984251968504 299.21259842519686 102.36220472440945 tient
2662.9921259842517 3125.984251968504 299.21259842519686 102.36220472440945 entre
2828.3464566929133 3125.984251968504 166.9291338582677 102.36220472440945 les

862.992125984252 3223.6220472440946 360.62992125984255 92.91338582677166 mains;
1116.5354330708662 3223.6220472440946 181.10236220472441 92.91338582677166 à
1187.4015748031495 3223.6220472440946 253.54330708661416 92.91338582677166 ses
1332.283464566929 3223.6220472440946 360.62992125984255 92.91338582677166 pieds,
1585.8267716535433 3223.6220472440946 217.3228346456693 92.91338582677166 un
1692.9133858267717 3223.6220472440946 324.40944881889766 92.91338582677166 bidon
1910.236220472441 3223.6220472440946 181.10236220472441 92.91338582677166 à
1982.6771653543308 3223.6220472440946 396.8503937007874 92.91338582677166 essence
2270.8661417322833 3223.6220472440946 288.18897637795277 92.91338582677166 d’un
2451.968503937008 3223.6220472440946 253.54330708661416 92.91338582677166 ton
2596.850393700787 3223.6220472440946 217.3228346456693 92.91338582677166 de
2669.2913385826773 3223.6220472440946 324.40944881889766 92.91338582677166 pourpre

837.7952755905512 3305.511811023622 338.5826771653543 114.96062992125984 rutilant.

941.7322834645669 3415.748031496063 207.8740157480315 129.13385826771653 Au
1045.6692913385828 3415.748031496063 348.0314960629921 129.13385826771653 milieu
1289.763779527559 3415.748031496063 207.8740157480315 129.13385826771653 de
1393.7007874015749 3415.748031496063 348.0314960629921 129.13385826771653 toutes
1636.2204724409448 3415.748031496063 348.0314960629921 129.13385826771653 sortes
1880.3149606299212 3415.748031496063 207.8740157480315 129.13385826771653 de
1984.251968503937 3415.748031496063 451.9685039370079 129.13385826771653 détritus,
2332.283464566929 3415.748031496063 382.6771653543307 129.13385826771653 pelures
2609.448818897638 3415.748031496063 207.8740157480315 129.13385826771653 de
2678.740157480315 3415.748031496063 313.38582677165357 129.13385826771653 fruits,

1828.3464566929133 3598.4251968503936 371.65354330708664 148.03149606299212 36
1951.1811023622047 3598.4251968503936 185.82677165354332 148.03149606299212 —
