2177 2743
899 647 378 93 <b>KENNINGTON</b>
1223 647 216 93 (<b>Eric
1367 647 180 93 H.</b>).

595 812 150 109 Né
670 812 125 109 à
720 812 276 109 Londres
921 812 326 109 (Chelsea)
1172 812 150 109 en
1247 812 226 109 1888.
1397 812 226 109 Élève
1548 812 150 109 de
1623 812 276 109 l’École
1799 812 100 109 de

540 910 282 68 Lambeth
746 910 154 68 de
823 910 205 68 1905
951 910 128 68 à
1002 910 231 68 1907.
1156 910 128 68 A
1207 910 308 68 séjourné
1438 910 205 68 deux
1567 910 205 68 fois
1695 910 128 68 à
1720 910 180 68 Paris

541 985 141 63 et
611 985 117 63 a
658 985 234 63 visité
822 985 234 63 Venise
986 985 141 63 et
1056 985 328 63 Pétrograd.
1314 985 117 63 A
1361 985 234 63 exposé
1525 985 234 63 depuis
1689 985 188 63 1908
1783 985 117 63 des

542 1043 315 81 portraits
784 1043 145 81 et
857 1043 170 81 des
954 1043 242 81 sujets
1123 1043 242 81 divers
1293 1043 121 81 à
1342 1043 145 81 la
1414 1043 170 81 New
1511 1043 267 81 Gallery
1705 1043 145 81 et
1778 1043 121 81 à
1802 1043 97 81 la

539 1119 231 61 Royal
693 1119 308 61 Academy.
924 1119 257 61 Engagé
1104 1119 154 61 au
1181 1119 231 61 cours
1335 1119 154 61 de
1412 1119 154 61 la
1489 1119 308 61 présente
1695 1119 205 61 guerre

542 1173 187 72 dans
659 1173 141 72 le
729 1173 304 72 bataillon
963 1173 141 72 de
1033 1173 351 72 Kensington,
1314 1173 117 72 a
1361 1173 164 72 été
1455 1173 234 72 blessé
1619 1173 117 72 à
1642 1173 258 72 l’attaque

539 1235 154 97 de
591 1235 435 97 Neuve

952 1397 128 99 15.
1025 1397 256 99 <b>Cuisine
1208 1397 292 99 ambulante</b>.

995 1504 112 101 H.
1051 1504 93 101 :
1089 1504 112 101 1,
1145 1504 131 101 31;
1220 1504 112 101 L.
1276 1504 93 101 :
1313 1504 112 101 1,
1351 1504 93 101 22.

592 1593 190 91 Sorte
719 1593 127 91 de
782 1593 211 91 petite
930 1593 232 91 gargote
1099 1593 296 91 ambulante,
1331 1593 127 91 en
1394 1593 296 91 pleinvent,
1627 1593 169 91 dans
1732 1593 127 91 un
1774 1593 127 91 coin

543 1684 129 61 de
608 1684 259 61 faubourg
802 1684 194 61 d’une
932 1684 194 61 ville
1061 1684 280 61 anglaise.
1277 1684 108 61 A
1320 1684 237 61 gauche,
1492 1684 129 61 le
1557 1684 216 61 patron
1708 1684 129 61 en
1751 1684 151 61 gilet

546 1736 180 61 rouge
666 1736 120 61 et
726 1736 259 61 casquette
925 1736 200 61 grise,
1065 1736 140 61 une
1145 1736 259 61 cigarette
1344 1736 100 61 à
1384 1736 120 61 la
1444 1736 220 61 bouche,
1604 1736 120 61 de
1664 1736 180 61 face,
1763 1736 140 61 ouvre

544 1796 149 88 les
629 1796 213 88 portes
778 1796 191 88 d’une
905 1796 191 88 série
1033 1796 128 88 de
1096 1796 213 88 petits
1245 1796 191 88 fours
1373 1796 298 88 superposés
1606 1796 170 88 dont
1713 1796 128 88 le
1755 1796 149 88 foyer

549 1860 135 80 est
626 1860 173 80 situé
741 1860 96 80 à
780 1860 115 80 la
837 1860 192 80 partie
953 1860 250 80 inférieure.

595 1916 131 67 En
661 1916 218 67 avant,
813 1916 131 67 un
879 1916 196 67 jeune
1009 1916 240 67 garçon,
1184 1916 131 67 un
1249 1916 240 67 foulard
1423 1916 174 67 bleu
1532 1916 109 67 à
1576 1916 240 67 ramages
1729 1916 174 67 blancs

549 1985 211 65 autour
697 1985 127 65 du
760 1985 169 65 cou,
866 1985 275 65 contemple
1077 1985 148 65 une
1162 1985 211 65 patate
1310 1985 190 65 cuite
1437 1985 190 65 qu’il
1564 1985 190 65 tient
1691 1985 190 65 entre
1796 1985 106 65 les

548 2047 229 59 mains;
709 2047 115 59 à
754 2047 161 59 ses
846 2047 229 59 pieds,
1007 2047 138 59 un
1075 2047 206 59 bidon
1213 2047 115 59 à
1259 2047 252 59 essence
1442 2047 183 59 d’un
1557 2047 161 59 ton
1649 2047 138 59 de
1695 2047 206 59 pourpre

532 2099 215 73 rutilant.

598 2169 132 82 Au
664 2169 221 82 milieu
819 2169 132 82 de
885 2169 221 82 toutes
1039 2169 221 82 sortes
1194 2169 132 82 de
1260 2169 287 82 détritus,
1481 2169 243 82 pelures
1657 2169 132 82 de
1701 2169 199 82 fruits,

1161 2285 236 94 36
1239 2285 118 94 —
