<alto xmlns:xsi="http://www.w3.org/2001/XMLSchema-instance" xmlns="http://www.loc.gov/standards/alto/ns-v2#" xmlns:page="http://schema.primaresearch.org/PAGE/gts/pagecontent/2013-07-15" xsi:schemaLocation="http://www.loc.gov/standards/alto/ns-v2# http://www.loc.gov/standards/alto/alto.xsd">
  <Description>
    <MeasurementUnit>pixel</MeasurementUnit>
    <sourceImageInformation>
         <fileName>75.xml</fileName>
      </sourceImageInformation>
    <OCRProcessing ID="IdOcr">
      <ocrProcessingStep>
        <processingDateTime>2020-06-23T11:18:58.492+02:00</processingDateTime>
        <processingSoftware>
               <softwareCreator>CONTRIBUTORS</softwareCreator>
               <softwareName>pdfalto</softwareName>
               <softwareVersion>0.1</softwareVersion>
            </processingSoftware>
      </ocrProcessingStep>
    </OCRProcessing>
  </Description>
  <Styles>
     <TextStyle ID="FONT0" FONTFAMILY="unknown" FONTSIZE="unknown" FONTTYPE="unknown" FONTWIDTH="unknown" FONTCOLOR="unknown" FONTSTYLE=""/>
     <TextStyle ID="FONT1" FONTFAMILY="unknown" FONTSIZE="unknown" FONTTYPE="unknown" FONTWIDTH="unknown" FONTCOLOR="unknown" FONTSTYLE="bold"/>
     <TextStyle ID="FONT2" FONTFAMILY="unknown" FONTSIZE="unknown" FONTTYPE="unknown" FONTWIDTH="unknown" FONTCOLOR="unknown" FONTSTYLE="italics"/>
</Styles>
  <Tags/>
  <Layout>
    <Page ID="Page1" PHYSICAL_IMG_NR="1" HEIGHT="4329.133858267716" WIDTH="3256.6929133858266">
      <PrintSpace HEIGHT="4218.897637795276" WIDTH="2409.448818897638" VPOS="14.173228346456693" HPOS="75.59055118110236">
        <TextBlock ID="r_2_1" HEIGHT="941.7322834645669" WIDTH="2097.6377952755906" VPOS="500.78740157480314" HPOS="376.37795275590554">
          <TextLine ID="tl_1" BASELINE="368" HEIGHT="108.66141732283465" WIDTH="2096.0629921259842" VPOS="470.86614173228344" HPOS="366.92913385826773">
            <String HEIGHT="108.66141732283465" WIDTH="393.7007874015748" VPOS="470.86614173228344" HPOS="333.8582677165354" CONTENT="vieilles" ID="tl_1_1" STYLEREFS="FONT0"/>
            <SP HEIGHT="108.66141732283465" WIDTH="33.07086614173228" VPOS="470.86614173228344" HPOS="727.5590551181102"/>
            <String HEIGHT="108.66141732283465" WIDTH="327.5590551181102" VPOS="470.86614173228344" HPOS="628.3464566929134" CONTENT="boites" ID="tl_1_2" STYLEREFS="FONT0"/>
            <SP HEIGHT="108.66141732283465" WIDTH="33.07086614173228" VPOS="470.86614173228344" HPOS="955.9055118110236"/>
            <String HEIGHT="108.66141732283465" WIDTH="557.4803149606299" VPOS="470.86614173228344" HPOS="858.2677165354331" CONTENT="d’allumettes," ID="tl_1_3" STYLEREFS="FONT0"/>
            <SP HEIGHT="108.66141732283465" WIDTH="33.07086614173228" VPOS="470.86614173228344" HPOS="1415.748031496063"/>
            <String HEIGHT="108.66141732283465" WIDTH="294.48818897637796" VPOS="470.86614173228344" HPOS="1316.5354330708662" CONTENT="etc.," ID="tl_1_4" STYLEREFS="FONT0"/>
            <SP HEIGHT="108.66141732283465" WIDTH="33.07086614173228" VPOS="470.86614173228344" HPOS="1611.023622047244"/>
            <String HEIGHT="108.66141732283465" WIDTH="229.92125984251967" VPOS="470.86614173228344" HPOS="1513.3858267716535" CONTENT="une" ID="tl_1_5" STYLEREFS="FONT0"/>
            <SP HEIGHT="108.66141732283465" WIDTH="33.07086614173228" VPOS="470.86614173228344" HPOS="1741.732283464567"/>
            <String HEIGHT="108.66141732283465" WIDTH="294.48818897637796" VPOS="470.86614173228344" HPOS="1644.0944881889764" CONTENT="jeune" ID="tl_1_6" STYLEREFS="FONT0"/>
            <SP HEIGHT="108.66141732283465" WIDTH="33.07086614173228" VPOS="470.86614173228344" HPOS="1938.5826771653544"/>
            <String HEIGHT="108.66141732283465" WIDTH="327.5590551181102" VPOS="470.86614173228344" HPOS="1840.9448818897638" CONTENT="femme," ID="tl_1_7" STYLEREFS="FONT0"/>
            <SP HEIGHT="108.66141732283465" WIDTH="33.07086614173228" VPOS="470.86614173228344" HPOS="2168.503937007874"/>
            <String HEIGHT="108.66141732283465" WIDTH="196.8503937007874" VPOS="470.86614173228344" HPOS="2069.2913385826773" CONTENT="de" ID="tl_1_8" STYLEREFS="FONT0"/>
            <SP HEIGHT="108.66141732283465" WIDTH="33.07086614173228" VPOS="470.86614173228344" HPOS="2266.1417322834645"/>
            <String HEIGHT="108.66141732283465" WIDTH="294.48818897637796" VPOS="470.86614173228344" HPOS="2168.503937007874" CONTENT="face," ID="tl_1_9" STYLEREFS="FONT0"/>
            <SP HEIGHT="108.66141732283465" WIDTH="33.07086614173228" VPOS="470.86614173228344" HPOS="2462.9921259842517"/>
            <String HEIGHT="108.66141732283465" WIDTH="130.70866141732284" VPOS="470.86614173228344" HPOS="2332.283464566929" CONTENT="au" ID="tl_1_10" STYLEREFS="FONT0"/>
          </TextLine>
          <TextLine ID="tl_2" BASELINE="438" HEIGHT="113.38582677165354" WIDTH="2102.3622047244094" VPOS="576.3779527559055" HPOS="368.503937007874">
            <String HEIGHT="113.38582677165354" WIDTH="366.92913385826773" VPOS="576.3779527559055" HPOS="335.43307086614175" CONTENT="corsage" ID="tl_2_1" STYLEREFS="FONT0"/>
            <SP HEIGHT="113.38582677165354" WIDTH="33.07086614173228" VPOS="576.3779527559055" HPOS="702.3622047244095"/>
            <String HEIGHT="113.38582677165354" WIDTH="233.0708661417323" VPOS="576.3779527559055" HPOS="601.5748031496063" CONTENT="lie" ID="tl_2_2" STYLEREFS="FONT0"/>
            <SP HEIGHT="113.38582677165354" WIDTH="33.07086614173228" VPOS="576.3779527559055" HPOS="836.2204724409448"/>
            <String HEIGHT="113.38582677165354" WIDTH="200.0" VPOS="576.3779527559055" HPOS="735.4330708661417" CONTENT="de" ID="tl_2_3" STYLEREFS="FONT0"/>
            <SP HEIGHT="113.38582677165354" WIDTH="33.07086614173228" VPOS="576.3779527559055" HPOS="935.4330708661417"/>
            <String HEIGHT="113.38582677165354" WIDTH="267.7165354330709" VPOS="576.3779527559055" HPOS="836.2204724409448" CONTENT="vin," ID="tl_2_4" STYLEREFS="FONT0"/>
            <SP HEIGHT="113.38582677165354" WIDTH="33.07086614173228" VPOS="576.3779527559055" HPOS="1102.3622047244094"/>
            <String HEIGHT="113.38582677165354" WIDTH="366.92913385826773" VPOS="576.3779527559055" HPOS="1003.1496062992126" CONTENT="manches" ID="tl_2_5" STYLEREFS="FONT0"/>
            <SP HEIGHT="113.38582677165354" WIDTH="33.07086614173228" VPOS="576.3779527559055" HPOS="1370.0787401574803"/>
            <String HEIGHT="113.38582677165354" WIDTH="433.07086614173227" VPOS="576.3779527559055" HPOS="1269.291338582677" CONTENT="relevées," ID="tl_2_6" STYLEREFS="FONT0"/>
            <SP HEIGHT="113.38582677165354" WIDTH="33.07086614173228" VPOS="576.3779527559055" HPOS="1703.9370078740158"/>
            <String HEIGHT="113.38582677165354" WIDTH="400.0" VPOS="576.3779527559055" HPOS="1603.1496062992126" CONTENT="cotillon" ID="tl_2_7" STYLEREFS="FONT0"/>
            <SP HEIGHT="113.38582677165354" WIDTH="33.07086614173228" VPOS="576.3779527559055" HPOS="2003.1496062992126"/>
            <String HEIGHT="113.38582677165354" WIDTH="267.7165354330709" VPOS="576.3779527559055" HPOS="1903.9370078740158" CONTENT="bleu" ID="tl_2_8" STYLEREFS="FONT0"/>
            <SP HEIGHT="113.38582677165354" WIDTH="33.07086614173228" VPOS="576.3779527559055" HPOS="2170.0787401574803"/>
            <String HEIGHT="113.38582677165354" WIDTH="433.07086614173227" VPOS="576.3779527559055" HPOS="2037.7952755905512" CONTENT="d’Outremer," ID="tl_2_9" STYLEREFS="FONT0"/>
          </TextLine>
          <TextLine ID="tl_3" BASELINE="494" HEIGHT="89.76377952755905" WIDTH="2113.3858267716537" VPOS="688.1889763779527" HPOS="365.3543307086614">
            <String HEIGHT="89.76377952755905" WIDTH="324.40944881889766" VPOS="688.1889763779527" HPOS="332.2834645669291" CONTENT="tenant" ID="tl_3_1" STYLEREFS="FONT0"/>
            <SP HEIGHT="89.76377952755905" WIDTH="33.07086614173228" VPOS="688.1889763779527" HPOS="658.2677165354331"/>
            <String HEIGHT="89.76377952755905" WIDTH="324.40944881889766" VPOS="688.1889763779527" HPOS="560.6299212598425" CONTENT="contre" ID="tl_3_2" STYLEREFS="FONT0"/>
            <SP HEIGHT="89.76377952755905" WIDTH="33.07086614173228" VPOS="688.1889763779527" HPOS="885.0393700787401"/>
            <String HEIGHT="89.76377952755905" WIDTH="259.84251968503935" VPOS="688.1889763779527" HPOS="787.4015748031496" CONTENT="elle" ID="tl_3_3" STYLEREFS="FONT0"/>
            <SP HEIGHT="89.76377952755905" WIDTH="33.07086614173228" VPOS="688.1889763779527" HPOS="1048.8188976377953"/>
            <String HEIGHT="89.76377952755905" WIDTH="195.2755905511811" VPOS="688.1889763779527" HPOS="951.1811023622047" CONTENT="un" ID="tl_3_4" STYLEREFS="FONT0"/>
            <SP HEIGHT="89.76377952755905" WIDTH="33.07086614173228" VPOS="688.1889763779527" HPOS="1146.4566929133857"/>
            <String HEIGHT="89.76377952755905" WIDTH="324.40944881889766" VPOS="688.1889763779527" HPOS="1048.8188976377953" CONTENT="panier" ID="tl_3_5" STYLEREFS="FONT0"/>
            <SP HEIGHT="89.76377952755905" WIDTH="33.07086614173228" VPOS="688.1889763779527" HPOS="1373.2283464566929"/>
            <String HEIGHT="89.76377952755905" WIDTH="519.6850393700787" VPOS="688.1889763779527" HPOS="1275.5905511811025" CONTENT="d’emballage," ID="tl_3_6" STYLEREFS="FONT0"/>
            <SP HEIGHT="89.76377952755905" WIDTH="33.07086614173228" VPOS="688.1889763779527" HPOS="1795.275590551181"/>
            <String HEIGHT="89.76377952755905" WIDTH="259.84251968503935" VPOS="688.1889763779527" HPOS="1697.6377952755906" CONTENT="suit" ID="tl_3_7" STYLEREFS="FONT0"/>
            <SP HEIGHT="89.76377952755905" WIDTH="33.07086614173228" VPOS="688.1889763779527" HPOS="1959.0551181102362"/>
            <String HEIGHT="89.76377952755905" WIDTH="228.3464566929134" VPOS="688.1889763779527" HPOS="1861.4173228346456" CONTENT="des" ID="tl_3_8" STYLEREFS="FONT0"/>
            <SP HEIGHT="89.76377952755905" WIDTH="33.07086614173228" VPOS="688.1889763779527" HPOS="2088.1889763779527"/>
            <String HEIGHT="89.76377952755905" WIDTH="259.84251968503935" VPOS="688.1889763779527" HPOS="1990.5511811023623" CONTENT="yeux" ID="tl_3_9" STYLEREFS="FONT0"/>
            <SP HEIGHT="89.76377952755905" WIDTH="33.07086614173228" VPOS="688.1889763779527" HPOS="2250.3937007874015"/>
            <String HEIGHT="89.76377952755905" WIDTH="195.2755905511811" VPOS="688.1889763779527" HPOS="2154.3307086614172" CONTENT="le" ID="tl_3_10" STYLEREFS="FONT0"/>
            <SP HEIGHT="89.76377952755905" WIDTH="33.07086614173228" VPOS="688.1889763779527" HPOS="2348.031496062992"/>
            <String HEIGHT="89.76377952755905" WIDTH="259.84251968503935" VPOS="688.1889763779527" HPOS="2218.8976377952754" CONTENT="cuisi" SUBS_TYPE="HypPart1" SUBS_CONTENT="cuisinier." ID="tl_3_11" STYLEREFS="FONT0"/>
            <HYP CONTENT="-"/>
          </TextLine>
          <TextLine ID="tl_4" BASELINE="555" HEIGHT="96.06299212598425" WIDTH="2105.511811023622" VPOS="777.9527559055118" HPOS="366.92913385826773">
            <String HEIGHT="96.06299212598425" WIDTH="283.46456692913387" VPOS="777.9527559055118" HPOS="335.43307086614175" CONTENT="nier." SUBS_TYPE="HypPart2" SUBS_CONTENT="cuisinier." ID="tl_4_1" STYLEREFS="FONT0"/>
            <SP HEIGHT="96.06299212598425" WIDTH="31.496062992125985" VPOS="777.9527559055118" HPOS="618.8976377952756"/>
            <String HEIGHT="96.06299212598425" WIDTH="157.48031496062993" VPOS="777.9527559055118" HPOS="524.4094488188977" CONTENT="A" ID="tl_4_2" STYLEREFS="FONT0"/>
            <SP HEIGHT="96.06299212598425" WIDTH="31.496062992125985" VPOS="777.9527559055118" HPOS="681.8897637795276"/>
            <String HEIGHT="96.06299212598425" WIDTH="188.9763779527559" VPOS="777.9527559055118" HPOS="587.4015748031496" CONTENT="sa" ID="tl_4_3" STYLEREFS="FONT0"/>
            <SP HEIGHT="96.06299212598425" WIDTH="31.496062992125985" VPOS="777.9527559055118" HPOS="774.8031496062993"/>
            <String HEIGHT="96.06299212598425" WIDTH="346.45669291338584" VPOS="777.9527559055118" HPOS="681.8897637795276" CONTENT="droite," ID="tl_4_4" STYLEREFS="FONT0"/>
            <SP HEIGHT="96.06299212598425" WIDTH="31.496062992125985" VPOS="777.9527559055118" HPOS="1026.7716535433071"/>
            <String HEIGHT="96.06299212598425" WIDTH="220.4724409448819" VPOS="777.9527559055118" HPOS="932.2834645669292" CONTENT="vue" ID="tl_4_5" STYLEREFS="FONT0"/>
            <SP HEIGHT="96.06299212598425" WIDTH="31.496062992125985" VPOS="777.9527559055118" HPOS="1152.755905511811"/>
            <String HEIGHT="96.06299212598425" WIDTH="188.9763779527559" VPOS="777.9527559055118" HPOS="1058.267716535433" CONTENT="de" ID="tl_4_6" STYLEREFS="FONT0"/>
            <SP HEIGHT="96.06299212598425" WIDTH="31.496062992125985" VPOS="777.9527559055118" HPOS="1247.244094488189"/>
            <String HEIGHT="96.06299212598425" WIDTH="251.96850393700788" VPOS="777.9527559055118" HPOS="1152.755905511811" CONTENT="dos," ID="tl_4_7" STYLEREFS="FONT0"/>
            <SP HEIGHT="96.06299212598425" WIDTH="31.496062992125985" VPOS="777.9527559055118" HPOS="1404.724409448819"/>
            <String HEIGHT="96.06299212598425" WIDTH="220.4724409448819" VPOS="777.9527559055118" HPOS="1310.236220472441" CONTENT="une" ID="tl_4_8" STYLEREFS="FONT0"/>
            <SP HEIGHT="96.06299212598425" WIDTH="31.496062992125985" VPOS="777.9527559055118" HPOS="1529.1338582677165"/>
            <String HEIGHT="96.06299212598425" WIDTH="376.37795275590554" VPOS="777.9527559055118" HPOS="1434.6456692913387" CONTENT="fillette" ID="tl_4_9" STYLEREFS="FONT0"/>
            <SP HEIGHT="96.06299212598425" WIDTH="31.496062992125985" VPOS="777.9527559055118" HPOS="1812.5984251968505"/>
            <String HEIGHT="96.06299212598425" WIDTH="157.48031496062993" VPOS="777.9527559055118" HPOS="1718.1102362204724" CONTENT="à" ID="tl_4_10" STYLEREFS="FONT0"/>
            <SP HEIGHT="96.06299212598425" WIDTH="31.496062992125985" VPOS="777.9527559055118" HPOS="1875.5905511811025"/>
            <String HEIGHT="96.06299212598425" WIDTH="283.46456692913387" VPOS="777.9527559055118" HPOS="1781.1023622047244" CONTENT="longs" ID="tl_4_11" STYLEREFS="FONT0"/>
            <SP HEIGHT="96.06299212598425" WIDTH="31.496062992125985" VPOS="777.9527559055118" HPOS="2064.566929133858"/>
            <String HEIGHT="96.06299212598425" WIDTH="346.45669291338584" VPOS="777.9527559055118" HPOS="1970.0787401574803" CONTENT="cheveux" ID="tl_4_12" STYLEREFS="FONT0"/>
            <SP HEIGHT="96.06299212598425" WIDTH="31.496062992125985" VPOS="777.9527559055118" HPOS="2314.9606299212596"/>
            <String HEIGHT="96.06299212598425" WIDTH="283.46456692913387" VPOS="777.9527559055118" HPOS="2188.9763779527557" CONTENT="blonds," ID="tl_4_13" STYLEREFS="FONT0"/>
          </TextLine>
          <TextLine ID="tl_5" BASELINE="605" HEIGHT="81.88976377952756" WIDTH="2111.8110236220473" VPOS="870.8661417322835" HPOS="370.0787401574803">
            <String HEIGHT="81.88976377952756" WIDTH="297.6377952755906" VPOS="870.8661417322835" HPOS="337.00787401574803" CONTENT="béret" ID="tl_5_1" STYLEREFS="FONT0"/>
            <SP HEIGHT="81.88976377952756" WIDTH="33.07086614173228" VPOS="870.8661417322835" HPOS="634.6456692913385"/>
            <String HEIGHT="81.88976377952756" WIDTH="264.56692913385825" VPOS="870.8661417322835" HPOS="535.4330708661417" CONTENT="vert" ID="tl_5_2" STYLEREFS="FONT0"/>
            <SP HEIGHT="81.88976377952756" WIDTH="33.07086614173228" VPOS="870.8661417322835" HPOS="798.4251968503937"/>
            <String HEIGHT="81.88976377952756" WIDTH="198.4251968503937" VPOS="870.8661417322835" HPOS="700.7874015748032" CONTENT="et" ID="tl_5_3" STYLEREFS="FONT0"/>
            <SP HEIGHT="81.88976377952756" WIDTH="33.07086614173228" VPOS="870.8661417322835" HPOS="897.6377952755905"/>
            <String HEIGHT="81.88976377952756" WIDTH="264.56692913385825" VPOS="870.8661417322835" HPOS="798.4251968503937" CONTENT="robe" ID="tl_5_4" STYLEREFS="FONT0"/>
            <SP HEIGHT="81.88976377952756" WIDTH="33.07086614173228" VPOS="870.8661417322835" HPOS="1062.992125984252"/>
            <String HEIGHT="81.88976377952756" WIDTH="264.56692913385825" VPOS="870.8661417322835" HPOS="963.7795275590552" CONTENT="bleu" ID="tl_5_5" STYLEREFS="FONT0"/>
            <SP HEIGHT="81.88976377952756" WIDTH="33.07086614173228" VPOS="870.8661417322835" HPOS="1228.3464566929133"/>
            <String HEIGHT="81.88976377952756" WIDTH="395.2755905511811" VPOS="870.8661417322835" HPOS="1129.1338582677165" CONTENT="intense," ID="tl_5_6" STYLEREFS="FONT0"/>
            <SP HEIGHT="81.88976377952756" WIDTH="33.07086614173228" VPOS="870.8661417322835" HPOS="1524.4094488188975"/>
            <String HEIGHT="81.88976377952756" WIDTH="231.49606299212599" VPOS="870.8661417322835" HPOS="1426.7716535433071" CONTENT="est" ID="tl_5_7" STYLEREFS="FONT0"/>
            <SP HEIGHT="81.88976377952756" WIDTH="33.07086614173228" VPOS="870.8661417322835" HPOS="1656.6929133858268"/>
            <String HEIGHT="81.88976377952756" WIDTH="494.48818897637796" VPOS="870.8661417322835" HPOS="1557.4803149606298" CONTENT="agenouillée" ID="tl_5_8" STYLEREFS="FONT0"/>
            <SP HEIGHT="81.88976377952756" WIDTH="33.07086614173228" VPOS="870.8661417322835" HPOS="2053.5433070866143"/>
            <String HEIGHT="81.88976377952756" WIDTH="231.49606299212599" VPOS="870.8661417322835" HPOS="1954.3307086614172" CONTENT="sur" ID="tl_5_9" STYLEREFS="FONT0"/>
            <SP HEIGHT="81.88976377952756" WIDTH="33.07086614173228" VPOS="870.8661417322835" HPOS="2184.251968503937"/>
            <String HEIGHT="81.88976377952756" WIDTH="198.4251968503937" VPOS="870.8661417322835" HPOS="2086.6141732283463" CONTENT="le" ID="tl_5_10" STYLEREFS="FONT0"/>
            <SP HEIGHT="81.88976377952756" WIDTH="33.07086614173228" VPOS="870.8661417322835" HPOS="2283.464566929134"/>
            <String HEIGHT="81.88976377952756" WIDTH="297.6377952755906" VPOS="870.8661417322835" HPOS="2184.251968503937" CONTENT="pavé," ID="tl_5_11" STYLEREFS="FONT0"/>
            <SP HEIGHT="81.88976377952756" WIDTH="33.07086614173228" VPOS="870.8661417322835" HPOS="2481.8897637795276"/>
            <String HEIGHT="81.88976377952756" WIDTH="132.28346456692913" VPOS="870.8661417322835" HPOS="2349.6062992125985" CONTENT="en" ID="tl_5_12" STYLEREFS="FONT0"/>
          </TextLine>
          <TextLine ID="tl_6" BASELINE="668" HEIGHT="102.36220472440945" WIDTH="2116.535433070866" VPOS="949.6062992125984" HPOS="368.503937007874">
            <String HEIGHT="102.36220472440945" WIDTH="297.6377952755906" VPOS="949.6062992125984" HPOS="330.70866141732284" CONTENT="face" ID="tl_6_1" STYLEREFS="FONT0"/>
            <SP HEIGHT="102.36220472440945" WIDTH="37.79527559055118" VPOS="949.6062992125984" HPOS="628.3464566929134"/>
            <String HEIGHT="102.36220472440945" WIDTH="222.04724409448818" VPOS="949.6062992125984" HPOS="516.5354330708661" CONTENT="de" ID="tl_6_2" STYLEREFS="FONT0"/>
            <SP HEIGHT="102.36220472440945" WIDTH="37.79527559055118" VPOS="949.6062992125984" HPOS="740.1574803149606"/>
            <String HEIGHT="102.36220472440945" WIDTH="222.04724409448818" VPOS="949.6062992125984" HPOS="628.3464566929134" CONTENT="la" ID="tl_6_3" STYLEREFS="FONT0"/>
            <SP HEIGHT="102.36220472440945" WIDTH="37.79527559055118" VPOS="949.6062992125984" HPOS="851.9685039370079"/>
            <String HEIGHT="102.36220472440945" WIDTH="407.87401574803147" VPOS="949.6062992125984" HPOS="740.1574803149606" CONTENT="réserve" ID="tl_6_4" STYLEREFS="FONT0"/>
            <SP HEIGHT="102.36220472440945" WIDTH="37.79527559055118" VPOS="949.6062992125984" HPOS="1148.0314960629921"/>
            <String HEIGHT="102.36220472440945" WIDTH="222.04724409448818" VPOS="949.6062992125984" HPOS="1036.2204724409448" CONTENT="du" ID="tl_6_5" STYLEREFS="FONT0"/>
            <SP HEIGHT="102.36220472440945" WIDTH="37.79527559055118" VPOS="949.6062992125984" HPOS="1259.8425196850394"/>
            <String HEIGHT="102.36220472440945" WIDTH="483.46456692913387" VPOS="949.6062992125984" HPOS="1148.0314960629921" CONTENT="bonhomme," ID="tl_6_6" STYLEREFS="FONT0"/>
            <SP HEIGHT="102.36220472440945" WIDTH="37.79527559055118" VPOS="949.6062992125984" HPOS="1631.4960629921259"/>
            <String HEIGHT="102.36220472440945" WIDTH="445.6692913385827" VPOS="949.6062992125984" HPOS="1519.6850393700788" CONTENT="composée" ID="tl_6_7" STYLEREFS="FONT0"/>
            <SP HEIGHT="102.36220472440945" WIDTH="37.79527559055118" VPOS="949.6062992125984" HPOS="1965.3543307086613"/>
            <String HEIGHT="102.36220472440945" WIDTH="222.04724409448818" VPOS="949.6062992125984" HPOS="1853.5433070866143" CONTENT="de" ID="tl_6_8" STYLEREFS="FONT0"/>
            <SP HEIGHT="102.36220472440945" WIDTH="37.79527559055118" VPOS="949.6062992125984" HPOS="2077.165354330709"/>
            <String HEIGHT="102.36220472440945" WIDTH="371.65354330708664" VPOS="949.6062992125984" HPOS="1965.3543307086613" CONTENT="toutes" ID="tl_6_9" STYLEREFS="FONT0"/>
            <SP HEIGHT="102.36220472440945" WIDTH="37.79527559055118" VPOS="949.6062992125984" HPOS="2337.0078740157483"/>
            <String HEIGHT="102.36220472440945" WIDTH="297.6377952755906" VPOS="949.6062992125984" HPOS="2187.4015748031497" CONTENT="sortes" ID="tl_6_10" STYLEREFS="FONT0"/>
          </TextLine>
          <TextLine ID="tl_7" BASELINE="747" HEIGHT="122.83464566929133" WIDTH="2111.8110236220473" VPOS="1053.5433070866143" HPOS="368.503937007874">
            <String HEIGHT="122.83464566929133" WIDTH="415.748031496063" VPOS="1053.5433070866143" HPOS="333.8582677165354" CONTENT="d’objets" ID="tl_7_1" STYLEREFS="FONT0"/>
            <SP HEIGHT="122.83464566929133" WIDTH="34.645669291338585" VPOS="1053.5433070866143" HPOS="749.6062992125984"/>
            <String HEIGHT="122.83464566929133" WIDTH="588.9763779527559" VPOS="1053.5433070866143" HPOS="645.6692913385826" CONTENT="hétéroclites:" ID="tl_7_2" STYLEREFS="FONT0"/>
            <SP HEIGHT="122.83464566929133" WIDTH="34.645669291338585" VPOS="1053.5433070866143" HPOS="1234.6456692913387"/>
            <String HEIGHT="122.83464566929133" WIDTH="346.45669291338584" VPOS="1053.5433070866143" HPOS="1130.708661417323" CONTENT="seaux," ID="tl_7_3" STYLEREFS="FONT0"/>
            <SP HEIGHT="122.83464566929133" WIDTH="34.645669291338585" VPOS="1053.5433070866143" HPOS="1475.5905511811025"/>
            <String HEIGHT="122.83464566929133" WIDTH="415.748031496063" VPOS="1053.5433070866143" HPOS="1373.2283464566929" CONTENT="paniers," ID="tl_7_4" STYLEREFS="FONT0"/>
            <SP HEIGHT="122.83464566929133" WIDTH="34.645669291338585" VPOS="1053.5433070866143" HPOS="1787.4015748031495"/>
            <String HEIGHT="122.83464566929133" WIDTH="346.45669291338584" VPOS="1053.5433070866143" HPOS="1683.4645669291338" CONTENT="lampes" ID="tl_7_5" STYLEREFS="FONT0"/>
            <SP HEIGHT="122.83464566929133" WIDTH="34.645669291338585" VPOS="1053.5433070866143" HPOS="2029.9212598425197"/>
            <String HEIGHT="122.83464566929133" WIDTH="207.8740157480315" VPOS="1053.5433070866143" HPOS="1925.984251968504" CONTENT="et" ID="tl_7_6" STYLEREFS="FONT0"/>
            <SP HEIGHT="122.83464566929133" WIDTH="34.645669291338585" VPOS="1053.5433070866143" HPOS="2133.8582677165355"/>
            <String HEIGHT="122.83464566929133" WIDTH="485.03937007874015" VPOS="1053.5433070866143" HPOS="2029.9212598425197" CONTENT="réservoirs" ID="tl_7_7" STYLEREFS="FONT0"/>
            <SP HEIGHT="122.83464566929133" WIDTH="34.645669291338585" VPOS="1053.5433070866143" HPOS="2514.9606299212596"/>
            <String HEIGHT="122.83464566929133" WIDTH="103.93700787401575" VPOS="1053.5433070866143" HPOS="2376.3779527559054" CONTENT="à" ID="tl_7_8" STYLEREFS="FONT0"/>
          </TextLine>
          <TextLine ID="tl_8" BASELINE="788" HEIGHT="81.88976377952756" WIDTH="2108.6614173228345" VPOS="1159.0551181102362" HPOS="371.65354330708664">
            <String HEIGHT="81.88976377952756" WIDTH="388.9763779527559" VPOS="1159.0551181102362" HPOS="338.5826771653543" CONTENT="essence," ID="tl_8_1" STYLEREFS="FONT0"/>
            <SP HEIGHT="81.88976377952756" WIDTH="33.07086614173228" VPOS="1159.0551181102362" HPOS="729.1338582677165"/>
            <String HEIGHT="81.88976377952756" WIDTH="291.33858267716533" VPOS="1159.0551181102362" HPOS="631.496062992126" CONTENT="plats" ID="tl_8_2" STYLEREFS="FONT0"/>
            <SP HEIGHT="81.88976377952756" WIDTH="33.07086614173228" VPOS="1159.0551181102362" HPOS="922.8346456692914"/>
            <String HEIGHT="81.88976377952756" WIDTH="195.2755905511811" VPOS="1159.0551181102362" HPOS="825.1968503937007" CONTENT="de" ID="tl_8_3" STYLEREFS="FONT0"/>
            <SP HEIGHT="81.88976377952756" WIDTH="33.07086614173228" VPOS="1159.0551181102362" HPOS="1020.4724409448819"/>
            <String HEIGHT="81.88976377952756" WIDTH="324.40944881889766" VPOS="1159.0551181102362" HPOS="922.8346456692914" CONTENT="terre," ID="tl_8_4" STYLEREFS="FONT0"/>
            <SP HEIGHT="81.88976377952756" WIDTH="33.07086614173228" VPOS="1159.0551181102362" HPOS="1247.244094488189"/>
            <String HEIGHT="81.88976377952756" WIDTH="388.9763779527559" VPOS="1159.0551181102362" HPOS="1149.6062992125985" CONTENT="pichets," ID="tl_8_5" STYLEREFS="FONT0"/>
            <SP HEIGHT="81.88976377952756" WIDTH="33.07086614173228" VPOS="1159.0551181102362" HPOS="1540.1574803149606"/>
            <String HEIGHT="81.88976377952756" WIDTH="422.0472440944882" VPOS="1159.0551181102362" HPOS="1442.5196850393702" CONTENT="accumulés" ID="tl_8_6" STYLEREFS="FONT0"/>
            <SP HEIGHT="81.88976377952756" WIDTH="33.07086614173228" VPOS="1159.0551181102362" HPOS="1864.5669291338584"/>
            <String HEIGHT="81.88976377952756" WIDTH="324.40944881889766" VPOS="1159.0551181102362" HPOS="1766.9291338582677" CONTENT="contre" ID="tl_8_7" STYLEREFS="FONT0"/>
            <SP HEIGHT="81.88976377952756" WIDTH="33.07086614173228" VPOS="1159.0551181102362" HPOS="2091.3385826771655"/>
            <String HEIGHT="81.88976377952756" WIDTH="226.77165354330708" VPOS="1159.0551181102362" HPOS="1993.7007874015749" CONTENT="une" ID="tl_8_8" STYLEREFS="FONT0"/>
            <SP HEIGHT="81.88976377952756" WIDTH="33.07086614173228" VPOS="1159.0551181102362" HPOS="2220.472440944882"/>
            <String HEIGHT="81.88976377952756" WIDTH="291.33858267716533" VPOS="1159.0551181102362" HPOS="2122.834645669291" CONTENT="porte" ID="tl_8_9" STYLEREFS="FONT0"/>
            <SP HEIGHT="81.88976377952756" WIDTH="33.07086614173228" VPOS="1159.0551181102362" HPOS="2415.748031496063"/>
            <String HEIGHT="81.88976377952756" WIDTH="195.2755905511811" VPOS="1159.0551181102362" HPOS="2285.0393700787404" CONTENT="cou" SUBS_TYPE="HypPart1" SUBS_CONTENT="couverte" ID="tl_8_10" STYLEREFS="FONT0"/>
            <HYP CONTENT="-"/>
          </TextLine>
          <TextLine ID="tl_9" BASELINE="859" HEIGHT="100.78740157480316" WIDTH="2107.0866141732286" VPOS="1251.9685039370079" HPOS="371.65354330708664">
            <String HEIGHT="100.78740157480316" WIDTH="305.51181102362204" VPOS="1251.9685039370079" HPOS="337.00787401574803" CONTENT="verte" SUBS_TYPE="HypPart2" SUBS_CONTENT="couverte" ID="tl_9_1" STYLEREFS="FONT0"/>
            <SP HEIGHT="100.78740157480316" WIDTH="34.645669291338585" VPOS="1251.9685039370079" HPOS="644.0944881889764"/>
            <String HEIGHT="100.78740157480316" WIDTH="475.59055118110234" VPOS="1251.9685039370079" HPOS="541.7322834645669" CONTENT="d’affiches" ID="tl_9_2" STYLEREFS="FONT0"/>
            <SP HEIGHT="100.78740157480316" WIDTH="34.645669291338585" VPOS="1251.9685039370079" HPOS="1017.3228346456693"/>
            <String HEIGHT="100.78740157480316" WIDTH="577.9527559055118" VPOS="1251.9685039370079" HPOS="914.9606299212599" CONTENT="commerciales." ID="tl_9_3" STYLEREFS="FONT0"/>
            <SP HEIGHT="100.78740157480316" WIDTH="34.645669291338585" VPOS="1251.9685039370079" HPOS="1492.9133858267717"/>
            <String HEIGHT="100.78740157480316" WIDTH="305.51181102362204" VPOS="1251.9685039370079" HPOS="1390.5511811023623" CONTENT="Peint" ID="tl_9_4" STYLEREFS="FONT0"/>
            <SP HEIGHT="100.78740157480316" WIDTH="34.645669291338585" VPOS="1251.9685039370079" HPOS="1697.6377952755906"/>
            <String HEIGHT="100.78740157480316" WIDTH="272.4409448818898" VPOS="1251.9685039370079" HPOS="1595.275590551181" CONTENT="avec" ID="tl_9_5" STYLEREFS="FONT0"/>
            <SP HEIGHT="100.78740157480316" WIDTH="34.645669291338585" VPOS="1251.9685039370079" HPOS="1867.716535433071"/>
            <String HEIGHT="100.78740157480316" WIDTH="237.79527559055117" VPOS="1251.9685039370079" HPOS="1765.3543307086613" CONTENT="une" ID="tl_9_6" STYLEREFS="FONT0"/>
            <SP HEIGHT="100.78740157480316" WIDTH="34.645669291338585" VPOS="1251.9685039370079" HPOS="2003.1496062992126"/>
            <String HEIGHT="100.78740157480316" WIDTH="442.5196850393701" VPOS="1251.9685039370079" HPOS="1900.7874015748032" CONTENT="intensité" ID="tl_9_7" STYLEREFS="FONT0"/>
            <SP HEIGHT="100.78740157480316" WIDTH="34.645669291338585" VPOS="1251.9685039370079" HPOS="2343.3070866141734"/>
            <String HEIGHT="100.78740157480316" WIDTH="203.1496062992126" VPOS="1251.9685039370079" HPOS="2240.9448818897636" CONTENT="de" ID="tl_9_8" STYLEREFS="FONT0"/>
            <SP HEIGHT="100.78740157480316" WIDTH="34.645669291338585" VPOS="1251.9685039370079" HPOS="2444.0944881889764"/>
            <String HEIGHT="100.78740157480316" WIDTH="170.07874015748033" VPOS="1251.9685039370079" HPOS="2308.6614173228345" CONTENT="ton" ID="tl_9_9" STYLEREFS="FONT0"/>
          </TextLine>
          <TextLine ID="tl_10" BASELINE="937" HEIGHT="118.11023622047244" WIDTH="1609.4488188976377" VPOS="1357.4803149606298" HPOS="373.2283464566929">
            <String HEIGHT="118.11023622047244" WIDTH="193.70078740157481" VPOS="1357.4803149606298" HPOS="341.73228346456693" CONTENT="et" ID="tl_10_1" STYLEREFS="FONT0"/>
            <SP HEIGHT="118.11023622047244" WIDTH="31.496062992125985" VPOS="1357.4803149606298" HPOS="533.8582677165355"/>
            <String HEIGHT="118.11023622047244" WIDTH="225.1968503937008" VPOS="1357.4803149606298" HPOS="437.79527559055117" CONTENT="des" ID="tl_10_2" STYLEREFS="FONT0"/>
            <SP HEIGHT="118.11023622047244" WIDTH="31.496062992125985" VPOS="1357.4803149606298" HPOS="662.992125984252"/>
            <String HEIGHT="118.11023622047244" WIDTH="354.3307086614173" VPOS="1357.4803149606298" HPOS="566.9291338582677" CONTENT="accents" ID="tl_10_3" STYLEREFS="FONT0"/>
            <SP HEIGHT="118.11023622047244" WIDTH="31.496062992125985" VPOS="1357.4803149606298" HPOS="919.6850393700787"/>
            <String HEIGHT="118.11023622047244" WIDTH="258.26771653543307" VPOS="1357.4803149606298" HPOS="823.6220472440945" CONTENT="dans" ID="tl_10_4" STYLEREFS="FONT0"/>
            <SP HEIGHT="118.11023622047244" WIDTH="31.496062992125985" VPOS="1357.4803149606298" HPOS="1081.8897637795276"/>
            <String HEIGHT="118.11023622047244" WIDTH="193.70078740157481" VPOS="1357.4803149606298" HPOS="984.2519685039371" CONTENT="le" ID="tl_10_5" STYLEREFS="FONT0"/>
            <SP HEIGHT="118.11023622047244" WIDTH="31.496062992125985" VPOS="1357.4803149606298" HPOS="1177.9527559055118"/>
            <String HEIGHT="118.11023622047244" WIDTH="321.25984251968504" VPOS="1357.4803149606298" HPOS="1081.8897637795276" CONTENT="modelé" ID="tl_10_6" STYLEREFS="FONT0"/>
            <SP HEIGHT="118.11023622047244" WIDTH="31.496062992125985" VPOS="1357.4803149606298" HPOS="1403.1496062992126"/>
            <String HEIGHT="118.11023622047244" WIDTH="193.70078740157481" VPOS="1357.4803149606298" HPOS="1307.0866141732283" CONTENT="de" ID="tl_10_7" STYLEREFS="FONT0"/>
            <SP HEIGHT="118.11023622047244" WIDTH="31.496062992125985" VPOS="1357.4803149606298" HPOS="1499.2125984251968"/>
            <String HEIGHT="118.11023622047244" WIDTH="354.3307086614173" VPOS="1357.4803149606298" HPOS="1403.1496062992126" CONTENT="peintre" ID="tl_10_8" STYLEREFS="FONT0"/>
            <SP HEIGHT="118.11023622047244" WIDTH="31.496062992125985" VPOS="1357.4803149606298" HPOS="1757.4803149606298"/>
            <String HEIGHT="118.11023622047244" WIDTH="354.3307086614173" VPOS="1357.4803149606298" HPOS="1628.3464566929133" CONTENT="primitif." ID="tl_10_9" STYLEREFS="FONT0"/>
          </TextLine>
        </TextBlock>
        <TextBlock ID="r_2_2" HEIGHT="77.16535433070867" WIDTH="1803.1496062992126" VPOS="1519.6850393700788" HPOS="464.56692913385825">
          <TextLine ID="tl_11" BASELINE="1023" HEIGHT="132.28346456692913" WIDTH="1826.7716535433071" VPOS="1478.740157480315" HPOS="451.9685039370079">
            <String HEIGHT="132.28346456692913" WIDTH="261.4173228346457" VPOS="1478.740157480315" HPOS="423.62204724409446" CONTENT="Signé" ID="tl_11_1" STYLEREFS="FONT0"/>
            <SP HEIGHT="132.28346456692913" WIDTH="28.346456692913385" VPOS="1478.740157480315" HPOS="683.4645669291339"/>
            <String HEIGHT="132.28346456692913" WIDTH="173.22834645669292" VPOS="1478.740157480315" HPOS="596.8503937007874" CONTENT="et" ID="tl_11_2" STYLEREFS="FONT0"/>
            <SP HEIGHT="132.28346456692913" WIDTH="28.346456692913385" VPOS="1478.740157480315" HPOS="771.6535433070866"/>
            <String HEIGHT="132.28346456692913" WIDTH="231.49606299212599" VPOS="1478.740157480315" HPOS="683.4645669291339" CONTENT="daté" ID="tl_11_3" STYLEREFS="FONT0"/>
            <SP HEIGHT="132.28346456692913" WIDTH="28.346456692913385" VPOS="1478.740157480315" HPOS="916.5354330708661"/>
            <String HEIGHT="132.28346456692913" WIDTH="173.22834645669292" VPOS="1478.740157480315" HPOS="828.3464566929134" CONTENT="en" ID="tl_11_4" STYLEREFS="FONT0"/>
            <SP HEIGHT="132.28346456692913" WIDTH="28.346456692913385" VPOS="1478.740157480315" HPOS="1003.1496062992126"/>
            <String HEIGHT="132.28346456692913" WIDTH="231.49606299212599" VPOS="1478.740157480315" HPOS="916.5354330708661" CONTENT="bas," ID="tl_11_5" STYLEREFS="FONT0"/>
            <SP HEIGHT="132.28346456692913" WIDTH="28.346456692913385" VPOS="1478.740157480315" HPOS="1148.0314960629921"/>
            <String HEIGHT="132.28346456692913" WIDTH="144.88188976377953" VPOS="1478.740157480315" HPOS="1061.4173228346456" CONTENT="à" ID="tl_11_6" STYLEREFS="FONT0"/>
            <SP HEIGHT="132.28346456692913" WIDTH="28.346456692913385" VPOS="1478.740157480315" HPOS="1206.2992125984251"/>
            <String HEIGHT="132.28346456692913" WIDTH="319.68503937007875" VPOS="1478.740157480315" HPOS="1118.1102362204724" CONTENT="droite:" ID="tl_11_7" STYLEREFS="FONT0"/>
            <SP HEIGHT="132.28346456692913" WIDTH="28.346456692913385" VPOS="1478.740157480315" HPOS="1437.7952755905512"/>
            <String HEIGHT="132.28346456692913" WIDTH="319.68503937007875" VPOS="1478.740157480315" HPOS="1351.1811023622047" CONTENT="Eric" ID="tl_11_8" STYLEREFS="FONT2"/>
            <SP HEIGHT="132.28346456692913" WIDTH="28.346456692913385" VPOS="1478.740157480315" HPOS="1669.291338582677"/>
            <String HEIGHT="132.28346456692913" WIDTH="173.22834645669292" VPOS="1478.740157480315" HPOS="1582.6771653543308" CONTENT="H." ID="tl_11_9" STYLEREFS="FONT2"/>
            <SP HEIGHT="132.28346456692913" WIDTH="28.346456692913385" VPOS="1478.740157480315" HPOS="1757.4803149606298"/>
            <String HEIGHT="132.28346456692913" WIDTH="406.2992125984252" VPOS="1478.740157480315" HPOS="1669.291338582677" CONTENT="Kennington" ID="tl_11_10" STYLEREFS="FONT2"/>
            <SP HEIGHT="132.28346456692913" WIDTH="28.346456692913385" VPOS="1478.740157480315" HPOS="2075.5905511811025"/>
            <String HEIGHT="132.28346456692913" WIDTH="319.68503937007875" VPOS="1478.740157480315" HPOS="1959.0551181102362" CONTENT="1914." ID="tl_11_11" STYLEREFS="FONT2"/>
          </TextLine>
        </TextBlock>
        <TextBlock ID="r_3_1" HEIGHT="61.41732283464567" WIDTH="196.8503937007874" VPOS="3617.3228346456694" HPOS="1406.2992125984251">
          <TextLine ID="tl_12" BASELINE="2376" HEIGHT="159.0551181102362" WIDTH="239.37007874015748" VPOS="3582.6771653543306" HPOS="1379.5275590551182">
            <String HEIGHT="159.0551181102362" WIDTH="359.0551181102362" VPOS="3582.6771653543306" HPOS="1319.6850393700788" CONTENT="79" ID="tl_12_1" STYLEREFS="FONT0"/>
            <SP HEIGHT="159.0551181102362" WIDTH="59.84251968503937" VPOS="3582.6771653543306" HPOS="1678.740157480315"/>
            <String HEIGHT="159.0551181102362" WIDTH="179.5275590551181" VPOS="3582.6771653543306" HPOS="1439.3700787401574" CONTENT="—" ID="tl_12_2" STYLEREFS="FONT0"/>
          </TextLine>
        </TextBlock>
        <GraphicalElement ID="r_4" HEIGHT="2892.9133858267714" WIDTH="53.54330708661417" VPOS="1340.1574803149606" HPOS="75.59055118110236"/>
        <GraphicalElement ID="r_5" HEIGHT="932.2834645669292" WIDTH="34.645669291338585" VPOS="407.87401574803147" HPOS="105.51181102362204"/>
      </PrintSpace>
    </Page>
  </Layout>
</alto>
