3310.236220472441 4305.511811023622
785.8267716535433 409.4488188976378 474.01574803149606 177.95275590551182 poétique
1140.1574803149606 409.4488188976378 236.2204724409449 177.95275590551182 en
1259.8425196850394 409.4488188976378 314.96062992125985 177.95275590551182 même
1456.6929133858268 409.4488188976378 355.90551181102364 177.95275590551182 temps
1692.9133858267717 409.4488188976378 275.59055118110234 177.95275590551182 que
1850.3937007874015 409.4488188976378 314.96062992125985 177.95275590551182 d’un
2048.818897637795 409.4488188976378 592.1259842519685 177.95275590551182 naturalisme
2481.8897637795276 409.4488188976378 434.6456692913386 177.95275590551182 minutieux

784.2519685039371 571.6535433070866 209.4488188976378 125.98425196850394 et
888.1889763779527 571.6535433070866 488.18897637795277 125.98425196850394 audacieux,
1272.4409448818897 571.6535433070866 244.09448818897638 125.98425196850394 par
1412.5984251968505 571.6535433070866 524.4094488188977 125.98425196850394 l’intensité
1831.4960629921259 571.6535433070866 209.4488188976378 125.98425196850394 de
1935.4330708661416 571.6535433070866 209.4488188976378 125.98425196850394 la
2040.9448818897638 571.6535433070866 384.251968503937 125.98425196850394 lumière
2319.685039370079 571.6535433070866 209.4488188976378 125.98425196850394 et
2425.196850393701 571.6535433070866 209.4488188976378 125.98425196850394 du
2529.1338582677167 571.6535433070866 418.8976377952756 125.98425196850394 coloris.
2809.448818897638 571.6535433070866 105.51181102362204 125.98425196850394 A

787.4015748031496 683.4645669291339 292.9133858267717 111.81102362204724 cette
982.6771653543307 683.4645669291339 390.5511811023622 111.81102362204724 période,
1275.5905511811025 683.4645669291339 552.7559055118111 111.81102362204724 appartiennent
1732.283464566929 683.4645669291339 292.9133858267717 111.81102362204724 le
1927.5590551181103 683.4645669291339 423.62204724409446 111.81102362204724 Huguenot,
2253.5433070866143 683.4645669291339 488.18897637795277 111.81102362204724 Ophelia
2611.0236220472443 683.4645669291339 292.9133858267717 111.81102362204724 (1851),

785.8267716535433 766.9291338582677 407.87401574803147 133.85826771653544 l'Ordre
1107.0866141732283 766.9291338582677 670.8661417322835 133.85826771653544 d’élargissement
1691.3385826771653 766.9291338582677 321.25984251968504 133.85826771653544 (1853),
1924.4094488188975 766.9291338582677 262.99212598425197 133.85826771653544 la
2099.212598425197 766.9291338582677 262.99212598425197 133.85826771653544 Jeune
2274.015748031496 766.9291338582677 349.6062992125984 133.85826771653544 Aveugle,
2508.6614173228345 766.9291338582677 407.87401574803147 133.85826771653544 Feuilles

784.2519685039371 870.8661417322835 590.5511811023622 135.43307086614172 d’automne
1286.6141732283465 870.8661417322835 296.06299212598424 135.43307086614172 (1856)
1492.9133858267717 870.8661417322835 296.06299212598424 135.43307086614172 suivis
1700.7874015748032 870.8661417322835 177.95275590551182 135.43307086614172 de
1788.976377952756 870.8661417322835 266.1417322834646 135.43307086614172 la
1966.9291338582677 870.8661417322835 296.06299212598424 135.43307086614172 Vallée
2173.228346456693 870.8661417322835 177.95275590551182 135.43307086614172 du
2261.417322834646 870.8661417322835 296.06299212598424 135.43307086614172 Repos,
2469.2913385826773 870.8661417322835 177.95275590551182 135.43307086614172 le
2527.5590551181103 870.8661417322835 384.251968503937 135.43307086614172 Hussard

779.5275590551181 988.9763779527559 286.61417322834643 138.58267716535434 de
970.0787401574803 988.9763779527559 445.6692913385827 138.58267716535434 Brunswick,
1321.259842519685 988.9763779527559 190.5511811023622 138.58267716535434 le
1415.748031496063 988.9763779527559 351.18110236220474 138.58267716535434 premier
1670.8661417322835 988.9763779527559 351.18110236220474 138.58267716535434 Sermon,
1925.984251968504 988.9763779527559 190.5511811023622 138.58267716535434 la
2022.0472440944882 988.9763779527559 351.18110236220474 138.58267716535434 Veillée
2275.5905511811025 988.9763779527559 190.5511811023622 138.58267716535434 de
2371.6535433070867 988.9763779527559 318.1102362204724 138.58267716535434 sainte
2563.779527559055 988.9763779527559 351.18110236220474 138.58267716535434 Agnès

721.2598425196851 1056.6929133858268 377.9527559055118 148.03149606299212 (1863).

861.4173228346457 1152.755905511811 223.6220472440945 165.35433070866142 En
973.2283464566929 1152.755905511811 333.8582677165354 165.35433070866142 1853,
1196.8503937007874 1152.755905511811 259.84251968503935 165.35433070866142 son
1344.8818897637796 1152.755905511811 371.65354330708664 165.35433070866142 succès
1604.724409448819 1152.755905511811 333.8582677165354 165.35433070866142 était
1828.3464566929133 1152.755905511811 259.84251968503935 165.35433070866142 tel
1976.3779527559054 1152.755905511811 333.8582677165354 165.35433070866142 qu’il
2200.0 1152.755905511811 259.84251968503935 165.35433070866142 fut
2348.031496062992 1152.755905511811 259.84251968503935 165.35433070866142 élu
2496.0629921259842 1152.755905511811 409.4488188976378 165.35433070866142 associé
2757.48031496063 1152.755905511811 148.03149606299212 165.35433070866142 de

766.9291338582677 1275.5905511811025 614.1732283464567 141.73228346456693 l’Académie;
1258.267716535433 1275.5905511811025 245.66929133858267 141.73228346456693 en
1381.1023622047244 1275.5905511811025 368.503937007874 141.73228346456693 1863,
1626.7716535433071 1275.5905511811025 245.66929133858267 141.73228346456693 il
1749.6062992125985 1275.5905511811025 368.503937007874 141.73228346456693 était
1996.8503937007874 1275.5905511811025 368.503937007874 141.73228346456693 nommé
2242.51968503937 1275.5905511811025 655.1181102362204 141.73228346456693 académicien;
2733.8582677165355 1275.5905511811025 163.7795275590551 141.73228346456693 en

781.1023622047244 1371.6535433070867 318.1102362204724 148.03149606299212 1885,
992.1259842519685 1371.6535433070867 211.0236220472441 148.03149606299212 il
1097.6377952755906 1371.6535433070867 247.24409448818898 148.03149606299212 fut
1239.3700787401574 1371.6535433070867 281.8897637795276 148.03149606299212 créé
1415.748031496063 1371.6535433070867 458.26771653543307 148.03149606299212 baronnet,
1768.5039370078741 1371.6535433070867 247.24409448818898 148.03149606299212 et,
1910.236220472441 1371.6535433070867 176.3779527559055 148.03149606299212 à
1979.5275590551182 1371.6535433070867 211.0236220472441 148.03149606299212 la
2086.6141732283463 1371.6535433070867 281.8897637795276 148.03149606299212 mort
2262.9921259842517 1371.6535433070867 211.0236220472441 148.03149606299212 de
2368.503937007874 1371.6535433070867 281.8897637795276 148.03149606299212 Lord
2510.236220472441 1371.6535433070867 387.40157480314963 148.03149606299212 Leighton,

763.7795275590552 1502.3622047244094 281.8897637795276 116.53543307086615 peu
925.9842519685039 1502.3622047244094 240.9448818897638 116.53543307086615 de
1045.6692913385828 1502.3622047244094 362.20472440944883 116.53543307086615 temps
1288.1889763779527 1502.3622047244094 362.20472440944883 116.53543307086615 avant
1529.1338582677165 1502.3622047244094 281.8897637795276 116.53543307086615 son
1689.763779527559 1502.3622047244094 403.1496062992126 116.53543307086615 propre
1971.6535433070867 1502.3622047244094 403.1496062992126 116.53543307086615 décès,
2253.5433070866143 1502.3622047244094 240.9448818897638 116.53543307086615 il
2374.803149606299 1502.3622047244094 362.20472440944883 116.53543307086615 était
2576.3779527559054 1502.3622047244094 321.25984251968504 116.53543307086615 choisi

757.4803149606299 1611.023622047244 370.0787401574803 118.11023622047244 comme
1004.7244094488188 1611.023622047244 535.4330708661417 118.11023622047244 président
1415.748031496063 1611.023622047244 247.24409448818898 118.11023622047244 de
1540.1574803149606 1611.023622047244 576.3779527559055 118.11023622047244 l’Académie
1993.7007874015749 1611.023622047244 453.54330708661416 118.11023622047244 Royale.
2322.834645669291 1611.023622047244 453.54330708661416 118.11023622047244 Millais
2611.0236220472443 1611.023622047244 288.18897637795277 118.11023622047244 était

760.6299212598425 1716.5354330708662 395.2755905511811 110.23622047244095 membre
1036.2204724409448 1716.5354330708662 434.6456692913386 110.23622047244095 associé
1352.755905511811 1716.5354330708662 236.2204724409449 110.23622047244095 de
1470.8661417322835 1716.5354330708662 552.7559055118111 110.23622047244095 l’Institut
1905.5118110236222 1716.5354330708662 236.2204724409449 110.23622047244095 et
2023.6220472440946 1716.5354330708662 474.01574803149606 110.23622047244095 officier
2379.527559055118 1716.5354330708662 236.2204724409449 110.23622047244095 de
2497.6377952755906 1716.5354330708662 236.2204724409449 110.23622047244095 la
2576.3779527559054 1716.5354330708662 316.53543307086613 110.23622047244095 Légion

713.3858267716536 1795.275590551181 491.33858267716533 118.11023622047244 d’honneur.

840.9448818897638 1903.9370078740158 314.96062992125985 137.00787401574803 Avec
1037.7952755905512 1903.9370078740158 236.2204724409449 137.00787401574803 le
1155.9055118110236 1903.9370078740158 433.07086614173227 137.00787401574803 succès,
1470.8661417322835 1903.9370078740158 236.2204724409449 137.00787401574803 la
1588.976377952756 1903.9370078740158 433.07086614173227 137.00787401574803 manière
1905.5118110236222 1903.9370078740158 236.2204724409449 137.00787401574803 de
2023.6220472440946 1903.9370078740158 433.07086614173227 137.00787401574803 Millais
2338.582677165354 1903.9370078740158 236.2204724409449 137.00787401574803 se
2456.6929133858266 1903.9370078740158 433.07086614173227 137.00787401574803 modifia
2732.283464566929 1903.9370078740158 157.48031496062993 137.00787401574803 et

754.3307086614174 2022.0472440944882 390.5511811023622 137.00787401574803 perdit,
1039.3700787401574 2022.0472440944882 285.03937007874015 137.00787401574803 dans
1217.3228346456692 2022.0472440944882 212.5984251968504 137.00787401574803 la
1324.4094488188975 2022.0472440944882 461.4173228346457 137.00787401574803 recherche
1678.740157480315 2022.0472440944882 212.5984251968504 137.00787401574803 du
1785.8267716535433 2022.0472440944882 355.90551181102364 137.00787401574803 style,
2034.6456692913387 2022.0472440944882 248.8188976377953 137.00787401574803 ses
2176.3779527559054 2022.0472440944882 426.7716535433071 137.00787401574803 qualités
2461.417322834646 2022.0472440944882 426.7716535433071 137.00787401574803 originales

752.7559055118111 2121.259842519685 212.5984251968504 140.15748031496062 de
859.8425196850394 2121.259842519685 497.6377952755906 140.15748031496062 préciosité
1250.3937007874015 2121.259842519685 212.5984251968504 140.15748031496062 et
1357.4803149606298 2121.259842519685 532.2834645669292 140.15748031496062 d’intensité
1784.251968503937 2121.259842519685 497.6377952755906 140.15748031496062 expressive
2174.803149606299 2121.259842519685 283.46456692913387 140.15748031496062 pour
2352.755905511811 2121.259842519685 248.8188976377953 140.15748031496062 une
2494.488188976378 2121.259842519685 319.68503937007875 140.15748031496062 vaine
2672.4409448818897 2121.259842519685 212.5984251968504 140.15748031496062 dis-

748.0314960629921 2206.299212598425 464.56692913385825 137.00787401574803 tinction
1058.267716535433 2206.299212598425 503.93700787401576 137.00787401574803 académique.

825.1968503937007 2327.5590551181103 201.5748031496063 152.75590551181102 A
907.0866141732283 2327.5590551181103 242.51968503937007 152.75590551181102 la
1026.7716535433071 2327.5590551181103 444.09448818897636 152.75590551181102 période
1349.6062992125985 2327.5590551181103 686.6141732283464 152.75590551181102 intermédiaire
1914.9606299212599 2327.5590551181103 686.6141732283464 152.75590551181102 appartiennent
2439.3700787401576 2327.5590551181103 444.09448818897636 152.75590551181102 néanmoins

740.1574803149606 2436.220472440945 233.0708661417323 125.98425196850394 un
856.6929133858267 2436.220472440945 428.34645669291336 125.98425196850394 certain
1168.5039370078741 2436.220472440945 388.9763779527559 125.98425196850394 nombre
1440.9448818897638 2436.220472440945 466.1417322834646 125.98425196850394 d’œuvres
1790.5511811023623 2436.220472440945 622.0472440944882 125.98425196850394 personnelles
2296.0629921259842 2436.220472440945 233.0708661417323 125.98425196850394 et
2374.803149606299 2436.220472440945 505.51181102362204 125.98425196850394 savoureuses

748.0314960629921 2537.0078740157483 291.33858267716533 113.38582677165354 telles
952.7559055118111 2537.0078740157483 204.7244094488189 113.38582677165354 que
1069.291338582677 2537.0078740157483 466.1417322834646 113.38582677165354 l'Enfance
1448.8188976377953 2537.0078740157483 174.8031496062992 113.38582677165354 de
1535.4330708661416 2537.0078740157483 204.7244094488189 113.38582677165354 sir
1651.9685039370079 2537.0078740157483 291.33858267716533 113.38582677165354 Walter
1856.6929133858268 2537.0078740157483 437.79527559055117 113.38582677165354 Raleigh
2206.299212598425 2537.0078740157483 321.25984251968504 113.38582677165354 (1870),
2439.3700787401576 2537.0078740157483 262.99212598425197 113.38582677165354 le
2585.8267716535433 2537.0078740157483 291.33858267716533 113.38582677165354 Pas

743.3070866141733 2648.818897637795 297.6377952755906 130.70866141732284 sage
959.0551181102362 2648.818897637795 488.18897637795277 130.70866141732284 nord-ouest
1365.3543307086613 2648.818897637795 297.6377952755906 130.70866141732284 (1875),
1582.6771653543308 2648.818897637795 244.09448818897638 130.70866141732284 le
1744.8818897637796 2648.818897637795 244.09448818897638 130.70866141732284 Garde
1907.0866141732283 2648.818897637795 352.755905511811 130.70866141732284 royal
2151.181102362205 2648.818897637795 244.09448818897638 130.70866141732284 (1877).

1244.0944881889764 2840.9448818897636 212.5984251968504 124.40944881889764 17.
1365.3543307086613 2840.9448818897636 456.6929133858268 124.40944881889764 Portrait
1730.708661417323 2840.9448818897636 182.6771653543307 124.40944881889764 de
1822.0472440944882 2840.9448818897636 244.09448818897638 124.40944881889764 Mrs.
1943.3070866141732 2840.9448818897636 335.43307086614175 124.40944881889764 Heugh

848.8188976377953 2954.3307086614172 159.0551181102362 162.20472440944883 à
911.8110236220473 2954.3307086614172 285.03937007874015 162.20472440944883 l’âge
1102.3622047244094 2954.3307086614172 190.5511811023622 162.20472440944883 de
1196.8503937007874 2954.3307086614172 190.5511811023622 162.20472440944883 94
1292.9133858267717 2954.3307086614172 253.54330708661416 162.20472440944883 ans;
1450.3937007874015 2954.3307086614172 285.03937007874015 162.20472440944883 peint
1640.9448818897638 2954.3307086614172 253.54330708661416 162.20472440944883 sous
1798.4251968503936 2954.3307086614172 190.5511811023622 162.20472440944883 le
1894.4881889763778 2954.3307086614172 285.03937007874015 162.20472440944883 titre
2085.0393700787404 2954.3307086614172 253.54330708661416 162.20472440944883 «Age
2242.51968503937 2954.3307086614172 159.0551181102362 162.20472440944883 »
2274.015748031496 2954.3307086614172 475.59055118110234 162.20472440944883 (vieillesse).

1428.3464566929133 3129.1338582677167 184.251968503937 160.62992125984252 H.
1519.6850393700788 3129.1338582677167 152.75590551181102 160.62992125984252 :
1581.1023622047244 3129.1338582677167 184.251968503937 160.62992125984252 1,
1672.4409448818897 3129.1338582677167 214.17322834645668 160.62992125984252 20;
1795.275590551181 3129.1338582677167 184.251968503937 160.62992125984252 L.
1888.1889763779527 3129.1338582677167 152.75590551181102 160.62992125984252 :
1949.6062992125985 3129.1338582677167 184.251968503937 160.62992125984252 1,
2011.023622047244 3129.1338582677167 152.75590551181102 160.62992125984252 05.

815.7480314960629 3244.0944881889764 220.4724409448819 157.48031496062993 Une
941.7322834645669 3244.0944881889764 346.45669291338584 157.48031496062993 vieille
1193.7007874015749 3244.0944881889764 283.46456692913387 157.48031496062993 dame,
1382.6771653543308 3244.0944881889764 220.4724409448819 157.48031496062993 aux
1508.6614173228347 3244.0944881889764 314.96062992125985 157.48031496062993 traits
1729.1338582677165 3244.0944881889764 283.46456692913387 157.48031496062993 ridés
1919.6850393700788 3244.0944881889764 188.9763779527559 157.48031496062993 et
2014.1732283464567 3244.0944881889764 377.9527559055118 157.48031496062993 plissés,
2297.6377952755906 3244.0944881889764 251.96850393700788 157.48031496062993 sous
2455.1181102362207 3244.0944881889764 220.4724409448819 157.48031496062993 les
2549.6062992125985 3244.0944881889764 314.96062992125985 157.48031496062993 bandeaux

730.7086614173228 3368.503937007874 289.76377952755905 174.8031496062992 d’une
922.8346456692914 3368.503937007874 387.40157480314963 174.8031496062992 perruque
1214.1732283464567 3368.503937007874 354.3307086614173 174.8031496062992 rousse,
1470.8661417322835 3368.503937007874 354.3307086614173 174.8031496062992 coiffée
1729.1338582677165 3368.503937007874 258.26771653543307 174.8031496062992 d’un
1891.3385826771653 3368.503937007874 322.8346456692913 174.8031496062992 bonnet
2116.535433070866 3368.503937007874 193.70078740157481 174.8031496062992 de
2212.5984251968503 3368.503937007874 289.76377952755905 174.8031496062992 tulle
2406.299212598425 3368.503937007874 160.62992125984252 174.8031496062992 à
2470.8661417322833 3368.503937007874 354.3307086614173 174.8031496062992 brides,
2697.6377952755906 3368.503937007874 160.62992125984252 174.8031496062992 est
