2084 2737
953 717 246 86 <b>MOORE</b>
1137 717 261 86 (<b>Henry</b>).

541 868 156 100 Né
619 868 130 100 à
671 868 208 100 York
801 868 156 100 en
879 868 234 100 1831.
1035 868 208 100 Fils
1165 868 156 100 de
1243 868 286 100 William
1451 868 260 100 Moore,
1607 868 234 100 peintre

489 958 326 70 également,
745 958 163 70 qui
838 958 233 70 tenait
1001 958 209 70 aussi
1140 958 140 70 un
1210 958 256 70 atelier
1396 958 442 70 d’enseignement.
1745 958 93 70 Il

484 1028 238 74 débuta
651 1028 190 74 sous
769 1028 143 74 la
841 1028 309 74 direction
1078 1028 143 74 de
1150 1028 166 74 son
1245 1028 190 74 père
1364 1028 143 74 et
1435 1028 190 74 près
1554 1028 143 74 de
1625 1028 166 74 ses
1696 1028 143 74 deux

482 1088 257 68 frères,
669 1088 187 68 dont
785 1088 140 68 le
856 1088 187 68 plus
972 1088 234 68 jeune,
1136 1088 234 68 Albert
1300 1088 374 68 (1841-1893),
1603 1088 234 68 devait
1744 1088 93 68 se

480 1168 368 86 conquérir
762 1168 198 86 une
876 1168 283 86 grande
1074 1168 368 86 notoriété
1356 1168 254 86 comme
1526 1168 311 86 peintre
1724 1168 113 86 de

464 1222 226 83 figures.

535 1294 204 72 Vint
662 1294 128 72 à
713 1294 281 72 Londres
917 1294 204 72 avec
1045 1294 179 72 son
1147 1294 230 72 frèré
1300 1294 204 72 ainé
1427 1294 153 72 et
1504 1294 179 72 fut
1606 1294 204 72 reçu
1708 1294 128 72 aux

481 1349 255 81 Ecoles
660 1349 153 81 de
737 1349 358 81 l’Académie
1018 1349 153 81 en
1094 1349 230 81 1853.
1248 1349 153 81 Il
1324 1349 255 81 exposa
1503 1349 204 81 pour
1631 1349 153 81 la
1682 1349 153 81 pre-

482 1418 210 68 mière
622 1418 210 68 fois,
762 1418 210 68 cette
902 1418 187 68 même
1018 1418 233 68 année,
1182 1418 117 68 à
1228 1418 140 68 la
1298 1418 210 68 Royal
1438 1418 280 68 Academy.
1648 1418 140 68 Il
1695 1418 140 68 pei-

477 1498 184 66 gnit
592 1498 253 66 d’abord
776 1498 161 66 des
867 1498 299 66 paysages,
1097 1498 207 66 puis,
1235 1498 115 66 à
1281 1498 230 66 partir
1442 1498 138 66 de
1510 1498 207 66 1838,
1648 1498 138 66 il
1694 1498 138 66 com-

477 1562 221 56 mença
625 1562 123 56 à
674 1562 147 56 se
748 1562 246 56 livrer
920 1562 197 56 plus
1043 1562 393 56 spécialement
1362 1562 123 56 à
1411 1562 147 56 la
1460 1562 369 56 contemplation

478 1616 155 68 des
566 1616 222 68 grands
721 1616 310 68 spectacles
965 1616 133 68 de
1032 1616 133 68 la
1098 1616 177 68 mer.
1209 1616 133 68 Il
1275 1616 199 68 s'est
1408 1616 177 68 fait
1519 1616 177 68 dans
1630 1616 133 68 ce
1674 1616 155 68 genre

472 1684 151 72 un
547 1684 176 72 nom
648 1684 403 72 exceptionnel
975 1684 176 72 par
1076 1684 151 72 la
1151 1684 327 72 puissance
1403 1684 151 72 et
1479 1684 277 72 l’éclat
1680 1684 151 72 de
1730 1684 101 72 sa

474 1765 246 70 vision
647 1765 148 70 et
721 1765 148 70 sa
794 1765 418 70 compréhension
1139 1765 148 70 de
1213 1765 148 70 la
1287 1765 172 70 vie
1385 1765 271 70 intense
1582 1765 197 70 qui,
1680 1765 148 70 sous

468 1824 194 72 les
579 1824 249 72 ciels
745 1824 166 72 en
828 1824 388 72 mouvement,
1133 1824 249 72 anime
1299 1824 194 72 les
1410 1824 249 72 flots
1576 1824 249 72 comme
1714 1824 111 72 un

469 1896 282 53 immense
675 1896 334 53 organisme
931 1896 359 53 tourmenté.
1213 1896 180 53 Elu
1316 1896 282 53 associé
1521 1896 154 53 de
1572 1896 257 53 l’Acadé-

471 1963 176 76 mie
571 1963 251 76 royale
747 1963 150 76 en
822 1963 201 76 1886
947 1963 150 76 et
1023 1963 251 76 membre
1198 1963 326 76 titulaire
1449 1963 150 76 en
1524 1963 226 76 1893.
1649 1963 176 76 Grand

469 2029 193 73 prix
590 2029 121 73 à
638 2029 387 73 l’Exposition
952 2029 363 73 Universelle
1243 2029 145 73 de
1315 2029 218 73 Paris
1460 2029 193 73 1889
1581 2029 145 73 et
1630 2029 193 73 cheva-

466 2080 197 89 lier
589 2080 148 89 de
663 2080 148 89 la
737 2080 246 89 Légion
909 2080 320 89 d’honneur
1155 2080 148 89 la
1229 2080 197 89 même
1327 2080 197 89 année.

520 2156 226 95 Henry
671 2156 226 95 Moore
822 2156 176 95 est
922 2156 201 95 mort
1048 2156 126 95 à
1099 2156 277 95 Margate
1300 2156 151 95 en
1375 2156 201 95 juin
1476 2156 176 95 1895.

1034 2279 183 70 —
1070 2279 146 70 68
