3281.8897637795276 4310.236220472441
1500.7874015748032 1129.1338582677165 387.40157480314963 135.43307086614172 <b>MOORE</b>
1790.5511811023623 1129.1338582677165 411.0236220472441 135.43307086614172 (<b>Henry</b>).

851.9685039370079 1366.9291338582677 245.66929133858267 157.48031496062993 Né
974.8031496062993 1366.9291338582677 204.7244094488189 157.48031496062993 à
1056.6929133858268 1366.9291338582677 327.5590551181102 157.48031496062993 York
1261.4173228346456 1366.9291338582677 245.66929133858267 157.48031496062993 en
1384.251968503937 1366.9291338582677 368.503937007874 157.48031496062993 1831.
1629.9212598425197 1366.9291338582677 327.5590551181102 157.48031496062993 Fils
1834.6456692913387 1366.9291338582677 245.66929133858267 157.48031496062993 de
1957.4803149606298 1366.9291338582677 450.3937007874016 157.48031496062993 William
2285.0393700787404 1366.9291338582677 409.4488188976378 157.48031496062993 Moore,
2530.7086614173227 1366.9291338582677 368.503937007874 157.48031496062993 peintre

770.0787401574803 1508.6614173228347 513.3858267716536 110.23622047244095 également,
1173.2283464566929 1508.6614173228347 256.6929133858268 110.23622047244095 qui
1319.6850393700788 1508.6614173228347 366.92913385826773 110.23622047244095 tenait
1576.3779527559054 1508.6614173228347 329.13385826771656 110.23622047244095 aussi
1795.275590551181 1508.6614173228347 220.4724409448819 110.23622047244095 un
1905.5118110236222 1508.6614173228347 403.1496062992126 110.23622047244095 atelier
2198.4251968503936 1508.6614173228347 696.0629921259842 110.23622047244095 d’enseignement.
2748.031496062992 1508.6614173228347 146.45669291338584 110.23622047244095 Il

762.2047244094488 1618.8976377952756 374.8031496062992 116.53543307086615 débuta
1025.1968503937007 1618.8976377952756 299.21259842519686 116.53543307086615 sous
1211.023622047244 1618.8976377952756 225.1968503937008 116.53543307086615 la
1324.4094488188975 1618.8976377952756 486.61417322834643 116.53543307086615 direction
1697.6377952755906 1618.8976377952756 225.1968503937008 116.53543307086615 de
1811.023622047244 1618.8976377952756 261.4173228346457 116.53543307086615 son
1960.6299212598426 1618.8976377952756 299.21259842519686 116.53543307086615 père
2148.031496062992 1618.8976377952756 225.1968503937008 116.53543307086615 et
2259.8425196850394 1618.8976377952756 299.21259842519686 116.53543307086615 près
2447.244094488189 1618.8976377952756 225.1968503937008 116.53543307086615 de
2559.0551181102364 1618.8976377952756 261.4173228346457 116.53543307086615 ses
2670.8661417322833 1618.8976377952756 225.1968503937008 116.53543307086615 deux

759.0551181102362 1713.3858267716535 404.7244094488189 107.08661417322834 frères,
1053.5433070866143 1713.3858267716535 294.48818897637796 107.08661417322834 dont
1236.2204724409448 1713.3858267716535 220.4724409448819 107.08661417322834 le
1348.0314960629921 1713.3858267716535 294.48818897637796 107.08661417322834 plus
1530.708661417323 1713.3858267716535 368.503937007874 107.08661417322834 jeune,
1788.976377952756 1713.3858267716535 368.503937007874 107.08661417322834 Albert
2047.244094488189 1713.3858267716535 588.9763779527559 107.08661417322834 (1841-1893),
2524.4094488188975 1713.3858267716535 368.503937007874 107.08661417322834 devait
2746.4566929133857 1713.3858267716535 146.45669291338584 107.08661417322834 se

755.9055118110236 1839.3700787401574 579.5275590551181 135.43307086614172 conquérir
1200.0 1839.3700787401574 311.81102362204723 135.43307086614172 une
1379.5275590551182 1839.3700787401574 445.6692913385827 135.43307086614172 grande
1691.3385826771653 1839.3700787401574 579.5275590551181 135.43307086614172 notoriété
2135.433070866142 1839.3700787401574 400.0 135.43307086614172 comme
2403.149606299213 1839.3700787401574 489.76377952755905 135.43307086614172 peintre
2714.9606299212596 1839.3700787401574 177.95275590551182 135.43307086614172 de

730.7086614173228 1924.4094488188975 355.90551181102364 130.70866141732284 figures.

842.5196850393701 2037.7952755905512 321.25984251968504 113.38582677165354 Vint
1042.5196850393702 2037.7952755905512 201.5748031496063 113.38582677165354 à
1122.8346456692914 2037.7952755905512 442.5196850393701 113.38582677165354 Londres
1444.0944881889764 2037.7952755905512 321.25984251968504 113.38582677165354 avec
1645.6692913385828 2037.7952755905512 281.8897637795276 113.38582677165354 son
1806.2992125984251 2037.7952755905512 362.20472440944883 113.38582677165354 frèré
2047.244094488189 2037.7952755905512 321.25984251968504 113.38582677165354 ainé
2247.244094488189 2037.7952755905512 240.9448818897638 113.38582677165354 et
2368.503937007874 2037.7952755905512 281.8897637795276 113.38582677165354 fut
2529.1338582677167 2037.7952755905512 321.25984251968504 113.38582677165354 reçu
2689.763779527559 2037.7952755905512 201.5748031496063 113.38582677165354 aux

757.4803149606299 2124.4094488188975 401.5748031496063 127.55905511811024 Ecoles
1039.3700787401574 2124.4094488188975 240.9448818897638 127.55905511811024 de
1160.6299212598426 2124.4094488188975 563.7795275590552 127.55905511811024 l’Académie
1603.1496062992126 2124.4094488188975 240.9448818897638 127.55905511811024 en
1722.8346456692914 2124.4094488188975 362.20472440944883 127.55905511811024 1853.
1965.3543307086613 2124.4094488188975 240.9448818897638 127.55905511811024 Il
2085.0393700787404 2124.4094488188975 401.5748031496063 127.55905511811024 exposa
2366.9291338582675 2124.4094488188975 321.25984251968504 127.55905511811024 pour
2568.503937007874 2124.4094488188975 240.9448818897638 127.55905511811024 la
2648.818897637795 2124.4094488188975 240.9448818897638 127.55905511811024 pre-

759.0551181102362 2233.0708661417325 330.70866141732284 107.08661417322834 mière
979.5275590551181 2233.0708661417325 330.70866141732284 107.08661417322834 fois,
1200.0 2233.0708661417325 330.70866141732284 107.08661417322834 cette
1420.4724409448818 2233.0708661417325 294.48818897637796 107.08661417322834 même
1603.1496062992126 2233.0708661417325 366.92913385826773 107.08661417322834 année,
1861.4173228346456 2233.0708661417325 184.251968503937 107.08661417322834 à
1933.8582677165355 2233.0708661417325 220.4724409448819 107.08661417322834 la
2044.0944881889764 2233.0708661417325 330.70866141732284 107.08661417322834 Royal
2264.566929133858 2233.0708661417325 440.9448818897638 107.08661417322834 Academy.
2595.2755905511813 2233.0708661417325 220.4724409448819 107.08661417322834 Il
2669.2913385826773 2233.0708661417325 220.4724409448819 107.08661417322834 pei-

751.1811023622047 2359.0551181102364 289.76377952755905 103.93700787401575 gnit
932.2834645669292 2359.0551181102364 398.4251968503937 103.93700787401575 d’abord
1222.0472440944882 2359.0551181102364 253.54330708661416 103.93700787401575 des
1365.3543307086613 2359.0551181102364 470.86614173228344 103.93700787401575 paysages,
1727.5590551181103 2359.0551181102364 325.98425196850394 103.93700787401575 puis,
1944.8818897637796 2359.0551181102364 181.10236220472441 103.93700787401575 à
2017.3228346456692 2359.0551181102364 362.20472440944883 103.93700787401575 partir
2270.8661417322833 2359.0551181102364 217.3228346456693 103.93700787401575 de
2377.952755905512 2359.0551181102364 325.98425196850394 103.93700787401575 1838,
2595.2755905511813 2359.0551181102364 217.3228346456693 103.93700787401575 il
2667.716535433071 2359.0551181102364 217.3228346456693 103.93700787401575 com-

751.1811023622047 2459.8425196850394 348.0314960629921 88.18897637795276 mença
984.2519685039371 2459.8425196850394 193.70078740157481 88.18897637795276 à
1061.4173228346456 2459.8425196850394 231.49606299212599 88.18897637795276 se
1177.9527559055118 2459.8425196850394 387.40157480314963 88.18897637795276 livrer
1448.8188976377953 2459.8425196850394 310.23622047244095 88.18897637795276 plus
1642.5196850393702 2459.8425196850394 618.8976377952756 88.18897637795276 spécialement
2144.8818897637793 2459.8425196850394 193.70078740157481 88.18897637795276 à
2222.047244094488 2459.8425196850394 231.49606299212599 88.18897637795276 la
2299.212598425197 2459.8425196850394 581.1023622047244 88.18897637795276 contemplation

752.7559055118111 2544.8818897637793 244.09448818897638 107.08661417322834 des
891.3385826771654 2544.8818897637793 349.6062992125984 107.08661417322834 grands
1135.4330708661416 2544.8818897637793 488.18897637795277 107.08661417322834 spectacles
1519.6850393700788 2544.8818897637793 209.4488188976378 107.08661417322834 de
1625.1968503937007 2544.8818897637793 209.4488188976378 107.08661417322834 la
1729.1338582677165 2544.8818897637793 278.74015748031496 107.08661417322834 mer.
1903.9370078740158 2544.8818897637793 209.4488188976378 107.08661417322834 Il
2007.8740157480315 2544.8818897637793 313.38582677165357 107.08661417322834 s'est
2217.3228346456694 2544.8818897637793 278.74015748031496 107.08661417322834 fait
2392.1259842519685 2544.8818897637793 278.74015748031496 107.08661417322834 dans
2566.9291338582675 2544.8818897637793 209.4488188976378 107.08661417322834 ce
2636.220472440945 2544.8818897637793 244.09448818897638 107.08661417322834 genre

743.3070866141733 2651.968503937008 237.79527559055117 113.38582677165354 un
861.4173228346457 2651.968503937008 277.1653543307087 113.38582677165354 nom
1020.4724409448819 2651.968503937008 634.6456692913385 113.38582677165354 exceptionnel
1535.4330708661416 2651.968503937008 277.1653543307087 113.38582677165354 par
1694.4881889763778 2651.968503937008 237.79527559055117 113.38582677165354 la
1812.5984251968505 2651.968503937008 514.9606299212599 113.38582677165354 puissance
2209.448818897638 2651.968503937008 237.79527559055117 113.38582677165354 et
2329.1338582677167 2651.968503937008 436.2204724409449 113.38582677165354 l’éclat
2645.6692913385828 2651.968503937008 237.79527559055117 113.38582677165354 de
2724.4094488188975 2651.968503937008 159.0551181102362 113.38582677165354 sa

746.4566929133858 2779.527559055118 387.40157480314963 110.23622047244095 vision
1018.8976377952756 2779.527559055118 233.0708661417323 110.23622047244095 et
1135.4330708661416 2779.527559055118 233.0708661417323 110.23622047244095 sa
1250.3937007874015 2779.527559055118 658.2677165354331 110.23622047244095 compréhension
1793.7007874015749 2779.527559055118 233.0708661417323 110.23622047244095 de
1910.236220472441 2779.527559055118 233.0708661417323 110.23622047244095 la
2026.7716535433071 2779.527559055118 270.86614173228344 110.23622047244095 vie
2181.1023622047246 2779.527559055118 426.7716535433071 110.23622047244095 intense
2491.3385826771655 2779.527559055118 310.23622047244095 110.23622047244095 qui,
2645.6692913385828 2779.527559055118 233.0708661417323 110.23622047244095 sous

737.007874015748 2872.4409448818897 305.51181102362204 113.38582677165354 les
911.8110236220473 2872.4409448818897 392.12598425196853 113.38582677165354 ciels
1173.2283464566929 2872.4409448818897 261.4173228346457 113.38582677165354 en
1303.9370078740158 2872.4409448818897 611.0236220472441 113.38582677165354 mouvement,
1784.251968503937 2872.4409448818897 392.12598425196853 113.38582677165354 anime
2045.6692913385828 2872.4409448818897 305.51181102362204 113.38582677165354 les
2220.472440944882 2872.4409448818897 392.12598425196853 113.38582677165354 flots
2481.8897637795276 2872.4409448818897 392.12598425196853 113.38582677165354 comme
2699.212598425197 2872.4409448818897 174.8031496062992 113.38582677165354 un

738.5826771653543 2985.8267716535433 444.09448818897636 83.46456692913385 immense
1062.992125984252 2985.8267716535433 525.9842519685039 83.46456692913385 organisme
1466.1417322834645 2985.8267716535433 565.3543307086615 83.46456692913385 tourmenté.
1910.236220472441 2985.8267716535433 283.46456692913387 83.46456692913385 Elu
2072.4409448818897 2985.8267716535433 444.09448818897636 83.46456692913385 associé
2395.2755905511813 2985.8267716535433 242.51968503937007 83.46456692913385 de
2475.5905511811025 2985.8267716535433 404.7244094488189 83.46456692913385 l’Acadé-

741.7322834645669 3091.3385826771655 277.1653543307087 119.68503937007874 mie
899.2125984251968 3091.3385826771655 395.2755905511811 119.68503937007874 royale
1176.3779527559054 3091.3385826771655 236.2204724409449 119.68503937007874 en
1294.4881889763778 3091.3385826771655 316.53543307086613 119.68503937007874 1886
1491.3385826771653 3091.3385826771655 236.2204724409449 119.68503937007874 et
1611.023622047244 3091.3385826771655 395.2755905511811 119.68503937007874 membre
1886.6141732283465 3091.3385826771655 513.3858267716536 119.68503937007874 titulaire
2281.8897637795276 3091.3385826771655 236.2204724409449 119.68503937007874 en
2400.0 3091.3385826771655 355.90551181102364 119.68503937007874 1893.
2596.850393700787 3091.3385826771655 277.1653543307087 119.68503937007874 Grand

738.5826771653543 3195.2755905511813 303.93700787401576 114.96062992125984 prix
929.1338582677165 3195.2755905511813 190.5511811023622 114.96062992125984 à
1004.7244094488188 3195.2755905511813 609.4488188976378 114.96062992125984 l’Exposition
1499.2125984251968 3195.2755905511813 571.6535433070866 114.96062992125984 Universelle
1957.4803149606298 3195.2755905511813 228.3464566929134 114.96062992125984 de
2070.8661417322833 3195.2755905511813 343.3070866141732 114.96062992125984 Paris
2299.212598425197 3195.2755905511813 303.93700787401576 114.96062992125984 1889
2489.763779527559 3195.2755905511813 228.3464566929134 114.96062992125984 et
2566.9291338582675 3195.2755905511813 303.93700787401576 114.96062992125984 cheva-

733.8582677165355 3275.5905511811025 310.23622047244095 140.15748031496062 lier
927.5590551181102 3275.5905511811025 233.0708661417323 140.15748031496062 de
1044.0944881889764 3275.5905511811025 233.0708661417323 140.15748031496062 la
1160.6299212598426 3275.5905511811025 387.40157480314963 140.15748031496062 Légion
1431.4960629921259 3275.5905511811025 503.93700787401576 140.15748031496062 d’honneur
1818.8976377952756 3275.5905511811025 233.0708661417323 140.15748031496062 la
1935.4330708661416 3275.5905511811025 310.23622047244095 140.15748031496062 même
2089.763779527559 3275.5905511811025 310.23622047244095 140.15748031496062 année.

818.8976377952756 3395.2755905511813 355.90551181102364 149.60629921259843 Henry
1056.6929133858268 3395.2755905511813 355.90551181102364 149.60629921259843 Moore
1294.4881889763778 3395.2755905511813 277.1653543307087 149.60629921259843 est
1451.9685039370079 3395.2755905511813 316.53543307086613 149.60629921259843 mort
1650.3937007874015 3395.2755905511813 198.4251968503937 149.60629921259843 à
1730.708661417323 3395.2755905511813 436.2204724409449 149.60629921259843 Margate
2047.244094488189 3395.2755905511813 237.79527559055117 149.60629921259843 en
2165.3543307086616 3395.2755905511813 316.53543307086613 149.60629921259843 juin
2324.4094488188975 3395.2755905511813 277.1653543307087 149.60629921259843 1895.

1628.3464566929133 3588.9763779527557 288.18897637795277 110.23622047244095 —
1685.0393700787401 3588.9763779527557 229.92125984251967 110.23622047244095 68
