3322.834645669291 4357.48031496063
973.2283464566929 647.2440944881889 562.2047244094488 154.33070866141733 NICHOLSON
1395.275590551181 647.2440944881889 562.2047244094488 154.33070866141733 (William).

481.8897637795276 908.6614173228346 240.9448818897638 119.68503937007874 Né
603.1496062992126 908.6614173228346 201.5748031496063 119.68503937007874 à
683.4645669291339 908.6614173228346 804.7244094488188 119.68503937007874 Newark-sur-Trent
1366.9291338582677 908.6614173228346 240.9448818897638 119.68503937007874 en
1488.1889763779527 908.6614173228346 362.20472440944883 119.68503937007874 1872.
1729.1338582677165 908.6614173228346 401.5748031496063 119.68503937007874 Étudia
2011.023622047244 908.6614173228346 442.5196850393701 119.68503937007874 d’abord
2292.9133858267714 908.6614173228346 240.9448818897638 119.68503937007874 dans

395.2755905511811 1029.9212598425197 222.04724409448818 118.11023622047244 sa
505.51181102362204 1029.9212598425197 332.2834645669291 118.11023622047244 ville
727.5590551181102 1029.9212598425197 406.2992125984252 118.11023622047244 natale.
1023.6220472440945 1029.9212598425197 332.2834645669291 118.11023622047244 S’est
1245.6692913385828 1029.9212598425197 296.06299212598424 118.11023622047244 fait
1429.9212598425197 1029.9212598425197 480.31496062992125 118.11023622047244 connaître
1800.0 1029.9212598425197 222.04724409448818 118.11023622047244 en
1911.8110236220473 1029.9212598425197 406.2992125984252 118.11023622047244 premier
2207.8740157480315 1029.9212598425197 296.06299212598424 118.11023622047244 lieu
2355.9055118110236 1029.9212598425197 184.251968503937 118.11023622047244 par

400.0 1149.6062992125985 245.66929133858267 110.23622047244095 des
540.1574803149606 1149.6062992125985 560.6299212598425 110.23622047244095 publications
995.2755905511812 1149.6062992125985 209.4488188976378 110.23622047244095 de
1099.2125984251968 1149.6062992125985 455.11811023622045 110.23622047244095 gravures.
1450.3937007874015 1149.6062992125985 209.4488188976378 110.23622047244095 Il
1554.3307086614172 1149.6062992125985 420.4724409448819 110.23622047244095 exécuta,
1870.8661417322835 1149.6062992125985 314.96062992125985 110.23622047244095 entre
2080.314960629921 1149.6062992125985 385.8267716535433 110.23622047244095 autres,
2325.984251968504 1149.6062992125985 209.4488188976378 110.23622047244095 avec

400.0 1244.0944881889764 245.66929133858267 108.66141732283465 son
540.1574803149606 1244.0944881889764 524.4094488188977 108.66141732283465 beau-frère,
959.0551181102362 1244.0944881889764 314.96062992125985 108.66141732283465 James
1170.0787401574803 1244.0944881889764 314.96062992125985 108.66141732283465 Pryde
1379.5275590551182 1244.0944881889764 314.96062992125985 108.66141732283465 (voir
1588.976377952756 1244.0944881889764 209.4488188976378 108.66141732283465 n°
1694.4881889763778 1244.0944881889764 280.31496062992125 108.66141732283465 24),
1869.291338582677 1244.0944881889764 245.66929133858267 108.66141732283465 des
2009.4488188976377 1244.0944881889764 455.11811023622045 108.66141732283465 affiches,
2324.4094488188975 1244.0944881889764 209.4488188976378 108.66141732283465 sous

392.12598425196853 1346.4566929133857 222.04724409448818 116.53543307086615 la
502.3622047244094 1346.4566929133857 370.0787401574803 116.53543307086615 raison
760.6299212598425 1346.4566929133857 442.5196850393701 116.53543307086615 sociale:
1092.9133858267717 1346.4566929133857 554.3307086614174 116.53543307086615 Beggarstaff
1537.007874015748 1346.4566929133857 406.2992125984252 116.53543307086615 frères.
1831.4960629921259 1346.4566929133857 332.2834645669291 116.53543307086615 Parmi
2053.5433070866143 1346.4566929133857 258.26771653543307 116.53543307086615 ces
2163.779527559055 1346.4566929133857 370.0787401574803 116.53543307086615 publica-

398.4251968503937 1450.3937007874015 333.8582677165354 118.11023622047244 tions:
631.496062992126 1450.3937007874015 533.8582677165355 118.11023622047244 Alphabet,
1066.1417322834645 1450.3937007874015 400.0 118.11023622047244 Almanach
1366.9291338582677 1450.3937007874015 233.0708661417323 118.11023622047244 des
1500.7874015748032 1450.3937007874015 300.78740157480314 118.11023622047244 douxe
1700.7874015748032 1450.3937007874015 500.78740157480314 118.11023622047244 sports,
2100.787401574803 1450.3937007874015 267.7165354330709 118.11023622047244 avec
2234.6456692913384 1450.3937007874015 300.78740157480314 118.11023622047244 Rudyard

396.8503937007874 1560.6299212598426 420.4724409448819 130.70866141732284 Kipling;
711.8110236220473 1560.6299212598426 420.4724409448819 130.70866141732284 Types
1026.7716535433071 1560.6299212598426 209.4488188976378 130.70866141732284 de
1132.283464566929 1560.6299212598426 595.2755905511812 130.70866141732284 Londres,,
1622.0472440944882 1560.6299212598426 280.31496062992125 130.70866141732284 avec
1796.8503937007874 1560.6299212598426 209.4488188976378 130.70866141732284 E.
1902.3622047244094 1560.6299212598426 209.4488188976378 130.70866141732284 W.
2007.8740157480315 1560.6299212598426 349.6062992125984 130.70866141732284 Henley
2217.3228346456694 1560.6299212598426 314.96062992125985 130.70866141732284 (1898);

398.4251968503937 1683.4645669291338 614.1732283464567 108.66141732283465 Characters
903.9370078740158 1683.4645669291338 217.3228346456693 108.66141732283465 of
1012.5984251968504 1683.4645669291338 541.7322834645669 108.66141732283465 Romance
1447.244094488189 1683.4645669291338 396.8503937007874 108.66141732283465 (1900).
1735.4330708661416 1683.4645669291338 289.76377952755905 108.66141732283465 Dans
1916.5354330708662 1683.4645669291338 217.3228346456693 108.66141732283465 le
2025.1968503937007 1683.4645669291338 360.62992125984255 108.66141732283465 nombre
2277.165354330709 1683.4645669291338 217.3228346456693 108.66141732283465 de
2349.6062992125985 1683.4645669291338 181.10236220472441 108.66141732283465 ces

393.7007874015748 1777.9527559055118 426.7716535433071 130.70866141732284 gravures
714.9606299212599 1777.9527559055118 248.8188976377953 130.70866141732284 sur
856.6929133858267 1777.9527559055118 285.03937007874015 130.70866141732284 bois
1034.6456692913387 1777.9527559055118 212.5984251968504 130.70866141732284 en
1141.732283464567 1777.9527559055118 461.4173228346457 130.70866141732284 couleurs,
1496.0629921259842 1777.9527559055118 212.5984251968504 130.70866141732284 le
1603.1496062992126 1777.9527559055118 426.7716535433071 130.70866141732284 portrait
1922.8346456692914 1777.9527559055118 212.5984251968504 130.70866141732284 de
2029.9212598425197 1777.9527559055118 212.5984251968504 130.70866141732284 la
2137.0078740157483 1777.9527559055118 319.68503937007875 130.70866141732284 reine
2314.9606299212596 1777.9527559055118 212.5984251968504 130.70866141732284 Vic-

390.5511811023622 1885.0393700787401 349.6062992125984 105.51181102362204 toria
625.1968503937007 1885.0393700787401 272.4409448818898 105.51181102362204 est
779.5275590551181 1885.0393700787401 777.9527559055118 105.51181102362204 particulièrement
1440.9448818897638 1885.0393700787401 388.9763779527559 105.51181102362204 connu.
1713.3858267716535 1885.0393700787401 233.0708661417323 105.51181102362204 Il
1829.9212598425197 1885.0393700787401 388.9763779527559 105.51181102362204 obtint
2102.3622047244094 1885.0393700787401 349.6062992125984 105.51181102362204 comme
2297.6377952755906 1885.0393700787401 233.0708661417323 105.51181102362204 gra-

390.5511811023622 1996.8503937007874 322.8346456692913 111.81102362204724 veur
593.7007874015748 1996.8503937007874 283.46456692913387 111.81102362204724 une
754.3307086614174 1996.8503937007874 485.03937007874015 111.81102362204724 médaille
1118.1102362204724 1996.8503937007874 322.8346456692913 111.81102362204724 d’or
1319.6850393700788 1996.8503937007874 201.5748031496063 111.81102362204724 à
1401.5748031496064 1996.8503937007874 645.6692913385826 111.81102362204724 l’Exposition
1925.984251968504 1996.8503937007874 242.51968503937007 111.81102362204724 de
2047.244094488189 1996.8503937007874 363.7795275590551 111.81102362204724 1900.
2248.818897637795 1996.8503937007874 283.46456692913387 111.81102362204724 Comme

395.2755905511811 2099.212598425197 458.26771653543307 110.23622047244095 peintre,
738.5826771653543 2099.212598425197 228.3464566929134 110.23622047244095 il
851.9685039370079 2099.212598425197 190.5511811023622 110.23622047244095 a
929.1338582677165 2099.212598425197 418.8976377952756 110.23622047244095 exécuté
1234.6456692913387 2099.212598425197 381.1023622047244 110.23622047244095 nombre
1500.7874015748032 2099.212598425197 228.3464566929134 110.23622047244095 de
1615.748031496063 2099.212598425197 533.8582677165355 110.23622047244095 portraits,
2034.6456692913387 2099.212598425197 228.3464566929134 110.23622047244095 de
2149.6062992125985 2099.212598425197 381.1023622047244 110.23622047244095 sujets
2377.952755905512 2099.212598425197 152.75590551181102 110.23622047244095 de

393.7007874015748 2200.0 426.7716535433071 110.23622047244095 figures,
713.3858267716536 2200.0 212.5984251968504 110.23622047244095 de
820.4724409448819 2200.0 461.4173228346457 110.23622047244095 paysages,
1174.8031496062993 2200.0 390.5511811023622 110.23622047244095 natures
1459.8425196850394 2200.0 354.3307086614173 110.23622047244095 mortes
1708.6614173228347 2200.0 212.5984251968504 110.23622047244095 et
1814.1732283464567 2200.0 426.7716535433071 110.23622047244095 tableaux
2133.8582677165355 2200.0 212.5984251968504 110.23622047244095 de
2204.7244094488187 2200.0 319.68503937007875 110.23622047244095 fleurs.

481.8897637795276 2305.511811023622 258.26771653543307 144.88188976377953 Son
628.3464566929134 2305.511811023622 442.5196850393701 144.88188976377953 portrait
960.6299212598425 2305.511811023622 368.503937007874 144.88188976377953 figure
1218.8976377952756 2305.511811023622 294.48818897637796 144.88188976377953 dans
1403.1496062992126 2305.511811023622 222.04724409448818 144.88188976377953 le
1513.3858267716535 2305.511811023622 406.2992125984252 144.88188976377953 tableau
1809.4488188976377 2305.511811023622 222.04724409448818 144.88188976377953 de
1919.6850393700788 2305.511811023622 368.503937007874 144.88188976377953 Orpen,
2177.952755905512 2305.511811023622 222.04724409448818 144.88188976377953 n°
2251.968503937008 2305.511811023622 184.251968503937 144.88188976377953 22.

1111.8110236220473 2562.2047244094488 198.4251968503937 108.66141732283465 20.
1225.1968503937007 2562.2047244094488 370.0787401574803 108.66141732283465 Nature
1481.8897637795276 2562.2047244094488 341.73228346456693 108.66141732283465 morte.

1089.763779527559 2678.740157480315 193.70078740157481 166.9291338582677 H.
1185.8267716535433 2678.740157480315 160.62992125984252 166.9291338582677 :
1250.3937007874015 2678.740157480315 193.70078740157481 166.9291338582677 1,
1346.4566929133857 2678.740157480315 225.1968503937008 166.9291338582677 23;
1475.5905511811025 2678.740157480315 193.70078740157481 166.9291338582677 L.
1571.6535433070867 2678.740157480315 160.62992125984252 166.9291338582677 :
1604.724409448819 2678.740157480315 225.1968503937008 166.9291338582677 1,53.

472.4409448818898 2842.51968503937 236.2204724409449 146.45669291338584 Une
606.2992125984252 2842.51968503937 269.29133858267716 146.45669291338584 jupe
774.8031496062993 2842.51968503937 201.5748031496063 146.45669291338584 de
875.5905511811023 2842.51968503937 269.29133858267716 146.45669291338584 soie
1044.0944881889764 2842.51968503937 302.3622047244094 146.45669291338584 bleue
1245.6692913385828 2842.51968503937 201.5748031496063 146.45669291338584 et
1348.0314960629921 2842.51968503937 236.2204724409449 146.45669291338584 une
1481.8897637795276 2842.51968503937 269.29133858267716 146.45669291338584 jupe
1650.3937007874015 2842.51968503937 201.5748031496063 146.45669291338584 de
1751.1811023622047 2842.51968503937 269.29133858267716 146.45669291338584 soie
1919.6850393700788 2842.51968503937 269.29133858267716 146.45669291338584 rose
2088.1889763779527 2842.51968503937 404.7244094488189 146.45669291338584 croisées
2357.48031496063 2842.51968503937 168.50393700787401 146.45669291338584 sur

393.7007874015748 2970.0787401574803 244.09448818897638 119.68503937007874 une
533.8582677165355 2970.0787401574803 349.6062992125984 119.68503937007874 table,
777.9527559055118 2970.0787401574803 349.6062992125984 119.68503937007874 contre
1022.0472440944882 2970.0787401574803 209.4488188976378 119.68503937007874 un
1127.5590551181103 2970.0787401574803 349.6062992125984 119.68503937007874 rideau
1371.6535433070867 2970.0787401574803 209.4488188976378 119.68503937007874 de
1477.1653543307086 2970.0787401574803 384.251968503937 119.68503937007874 velours
1757.4803149606298 2970.0787401574803 314.96062992125985 119.68503937007874 brun.
1966.9291338582677 2970.0787401574803 384.251968503937 119.68503937007874 Dessus,
2245.6692913385828 2970.0787401574803 314.96062992125985 119.68503937007874 épars
2420.472440944882 2970.0787401574803 105.51181102362204 119.68503937007874 à

392.12598425196853 3064.566929133858 366.92913385826773 108.66141732283465 droite
648.8188976377953 3064.566929133858 220.4724409448819 108.66141732283465 et
759.0551181102362 3064.566929133858 184.251968503937 108.66141732283465 à
833.0708661417323 3064.566929133858 404.7244094488189 108.66141732283465 gauche,
1125.984251968504 3064.566929133858 220.4724409448819 108.66141732283465 un
1236.2204724409448 3064.566929133858 404.7244094488189 108.66141732283465 bouquet
1530.708661417323 3064.566929133858 220.4724409448819 108.66141732283465 de
1640.9448818897638 3064.566929133858 771.6535433070866 108.66141732283465 reines-marguerite
2302.3622047244094 3064.566929133858 220.4724409448819 108.66141732283465 et
2376.3779527559054 3064.566929133858 146.45669291338584 108.66141732283465 de

390.5511811023622 3155.9055118110236 434.6456692913386 107.08661417322834 zinnias,
716.5354330708661 3155.9055118110236 217.3228346456693 107.08661417322834 un
825.1968503937007 3155.9055118110236 398.4251968503937 107.08661417322834 chapeau
1114.9606299212599 3155.9055118110236 217.3228346456693 107.08661417322834 de
1223.6220472440946 3155.9055118110236 362.20472440944883 107.08661417322834 femme;
1477.1653543307086 3155.9055118110236 289.76377952755905 107.08661417322834 vers
1656.6929133858268 3155.9055118110236 217.3228346456693 107.08661417322834 le
1765.3543307086613 3155.9055118110236 398.4251968503937 107.08661417322834 milieu,
2055.1181102362207 3155.9055118110236 217.3228346456693 107.08661417322834 un
2163.779527559055 3155.9055118110236 362.20472440944883 107.08661417322834 groupe
2381.1023622047246 3155.9055118110236 144.88188976377953 107.08661417322834 de

396.8503937007874 3261.417322834646 262.99212598425197 111.81102362204724 deux
560.6299212598425 3261.417322834646 360.62992125984255 111.81102362204724 figures
823.6220472440945 3261.417322834646 196.8503937007874 111.81102362204724 de
921.2598425196851 3261.417322834646 458.26771653543307 111.81102362204724 porcelaine
1281.8897637795276 3261.417322834646 360.62992125984255 111.81102362204724 peinte,
1544.8818897637796 3261.417322834646 229.92125984251967 111.81102362204724 des
1675.5905511811025 3261.417322834646 294.48818897637796 111.81102362204724 vases
1872.4409448818897 3261.417322834646 196.8503937007874 111.81102362204724 et
1970.0787401574803 3261.417322834646 196.8503937007874 111.81102362204724 un
2036.2204724409448 3261.417322834646 327.5590551181102 111.81102362204724 couteau.

478.74015748031496 3370.0787401574803 248.8188976377953 144.88188976377953 Signé
645.6692913385826 3370.0787401574803 165.35433070866142 144.88188976377953 en
727.5590551181102 3370.0787401574803 220.4724409448819 144.88188976377953 bas,
866.1417322834645 3370.0787401574803 138.58267716535434 144.88188976377953 à
921.2598425196851 3370.0787401574803 303.93700787401576 144.88188976377953 gauche:
1114.9606299212599 3370.0787401574803 525.9842519685039 144.88188976377953 Nicholson.
