3381.1023622047246 4333.858267716535
1051.9685039370079 1085.0393700787401 637.7952755905512 140.15748031496062 ORCHARDSON
1577.9527559055118 1085.0393700787401 300.78740157480314 140.15748031496062 (Sir
1765.3543307086613 1085.0393700787401 412.59842519685037 140.15748031496062 William
2028.3464566929133 1085.0393700787401 563.7795275590552 140.15748031496062 Quiller).

829.9212598425197 1363.7795275590552 262.99212598425197 157.48031496062993 Né
962.2047244094488 1363.7795275590552 218.89763779527559 157.48031496062993 à
1048.8188976377953 1363.7795275590552 612.5984251968504 157.48031496062993 Edimbourg,
1530.708661417323 1363.7795275590552 262.99212598425197 157.48031496062993 en
1661.4173228346456 1363.7795275590552 393.7007874015748 157.48031496062993 1835;
1924.4094488188975 1363.7795275590552 349.6062992125984 157.48031496062993 mort
2143.3070866141734 1363.7795275590552 218.89763779527559 157.48031496062993 à
2229.9212598425197 1363.7795275590552 524.4094488188977 157.48031496062993 Londres,
2623.6220472440946 1363.7795275590552 262.99212598425197 157.48031496062993 le
2711.8110236220473 1363.7795275590552 174.8031496062992 157.48031496062993 13

748.0314960629921 1516.5354330708662 321.25984251968504 83.46456692913385 avril
962.2047244094488 1516.5354330708662 321.25984251968504 83.46456692913385 1910.
1177.9527559055118 1516.5354330708662 214.17322834645668 83.46456692913385 Il
1285.0393700787401 1516.5354330708662 357.4803149606299 83.46456692913385 étudia
1535.4330708661416 1516.5354330708662 286.61417322834643 83.46456692913385 dans
1713.3858267716535 1516.5354330708662 250.39370078740157 83.46456692913385 son
1856.6929133858268 1516.5354330708662 286.61417322834643 83.46456692913385 pays
2034.6456692913387 1516.5354330708662 357.4803149606299 83.46456692913385 natal,
2285.0393700787404 1516.5354330708662 214.17322834645668 83.46456692913385 en
2392.1259842519685 1516.5354330708662 321.25984251968504 83.46456692913385 1850,
2606.299212598425 1516.5354330708662 286.61417322834643 83.46456692913385 sous
2749.6062992125985 1516.5354330708662 143.30708661417322 83.46456692913385 la

751.1811023622047 1585.8267716535433 470.86614173228344 122.83464566929133 direction
1113.3858267716535 1585.8267716535433 217.3228346456693 122.83464566929133 de
1222.0472440944882 1585.8267716535433 325.98425196850394 122.83464566929133 Scott
1439.3700787401574 1585.8267716535433 398.4251968503937 122.83464566929133 Lauder.
1729.1338582677165 1585.8267716535433 217.3228346456693 122.83464566929133 Il
1837.7952755905512 1585.8267716535433 398.4251968503937 122.83464566929133 semble,
2127.5590551181103 1585.8267716535433 217.3228346456693 122.83464566929133 au
2236.220472440945 1585.8267716535433 362.20472440944883 122.83464566929133 début,
2489.763779527559 1585.8267716535433 325.98425196850394 122.83464566929133 avoir
2670.8661417322833 1585.8267716535433 217.3228346456693 122.83464566929133 subi

748.0314960629921 1688.1889763779527 606.2992125984252 118.11023622047244 l’influence
1233.0708661417323 1688.1889763779527 242.51968503937007 118.11023622047244 du
1354.3307086614172 1688.1889763779527 525.9842519685039 118.11023622047244 mouvement
1759.0551181102362 1688.1889763779527 727.5590551181102 118.11023622047244 préraphaélite,
2365.3543307086616 1688.1889763779527 283.46456692913387 118.11023622047244 ses
2485.0393700787404 1688.1889763779527 404.7244094488189 118.11023622047244 premiers

754.3307086614174 1815.748031496063 442.5196850393701 96.06299212598425 ouvrages
1085.0393700787401 1815.748031496063 552.7559055118111 96.06299212598425 ressemblent
1527.5590551181103 1815.748031496063 184.251968503937 96.06299212598425 à
1601.5748031496064 1815.748031496063 294.48818897637796 96.06299212598425 ceux
1785.8267716535433 1815.748031496063 220.4724409448819 96.06299212598425 de
1896.0629921259842 1815.748031496063 258.26771653543307 96.06299212598425 son
2044.0944881889764 1815.748031496063 404.7244094488189 96.06299212598425 maître,
2338.582677165354 1815.748031496063 294.48818897637796 96.06299212598425 mais
2522.834645669291 1815.748031496063 220.4724409448819 96.06299212598425 il
2633.0708661417325 1815.748031496063 220.4724409448819 96.06299212598425 se
2707.0866141732286 1815.748031496063 184.251968503937 96.06299212598425 fit

749.6062992125984 1903.9370078740158 436.2204724409449 138.58267716535434 bientôt
1066.1417322834645 1903.9370078740158 277.1653543307087 138.58267716535434 une
1225.1968503937007 1903.9370078740158 436.2204724409449 138.58267716535434 manière
1543.3070866141732 1903.9370078740158 396.8503937007874 138.58267716535434 propre
1820.4724409448818 1903.9370078740158 237.79527559055117 138.58267716535434 de
1940.1574803149606 1903.9370078740158 436.2204724409449 138.58267716535434 frottis
2258.267716535433 1903.9370078740158 396.8503937007874 138.58267716535434 légers
2535.433070866142 1903.9370078740158 318.1102362204724 138.58267716535434 dans
2694.488188976378 1903.9370078740158 198.4251968503937 138.58267716535434 des

752.7559055118111 2017.3228346456692 381.1023622047244 125.98425196850394 teintes
995.2755905511812 2017.3228346456692 450.3937007874016 125.98425196850394 roussâtres.

831.496062992126 2111.8110236220473 355.90551181102364 124.40944881889764 Après
1069.291338582677 2111.8110236220473 355.90551181102364 124.40944881889764 avoir
1305.5118110236222 2111.8110236220473 395.2755905511811 124.40944881889764 exposé
1582.6771653543308 2111.8110236220473 198.4251968503937 124.40944881889764 à
1661.4173228346456 2111.8110236220473 554.3307086614174 124.40944881889764 l’Académie
2097.6377952755906 2111.8110236220473 395.2755905511811 124.40944881889764 royale
2373.228346456693 2111.8110236220473 514.9606299212599 124.40944881889764 d’Écosse,
2730.7086614173227 2111.8110236220473 157.48031496062993 124.40944881889764 il

748.0314960629921 2234.6456692913384 329.13385826771656 110.23622047244095 vint
954.3307086614174 2234.6456692913384 206.29921259842519 110.23622047244095 à
1036.2204724409448 2234.6456692913384 453.54330708661416 110.23622047244095 Londres
1365.3543307086613 2234.6456692913384 247.24409448818898 110.23622047244095 en
1488.1889763779527 2234.6456692913384 329.13385826771656 110.23622047244095 1862
1694.4881889763778 2234.6456692913384 247.24409448818898 110.23622047244095 et
1817.3228346456692 2234.6456692913384 411.0236220472441 110.23622047244095 exposa
2105.511811023622 2234.6456692913384 453.54330708661416 110.23622047244095 l’année
2434.6456692913384 2234.6456692913384 494.48818897637796 110.23622047244095 suivante
2765.3543307086616 2234.6456692913384 122.83464566929133 110.23622047244095 à

752.7559055118111 2335.433070866142 574.8031496062993 97.63779527559055 l’Académie
1204.724409448819 2335.433070866142 451.9685039370079 97.63779527559055 Royale.
1533.8582677165355 2335.433070866142 247.24409448818898 97.63779527559055 Il
1656.6929133858268 2335.433070866142 288.18897637795277 97.63779527559055 fut
1820.4724409448818 2335.433070866142 288.18897637795277 97.63779527559055 élu
1985.8267716535433 2335.433070866142 451.9685039370079 97.63779527559055 associé
2314.9606299212596 2335.433070866142 247.24409448818898 97.63779527559055 de
2396.850393700787 2335.433070866142 492.9133858267717 97.63779527559055 l’Académie

754.3307086614174 2439.3700787401576 355.90551181102364 110.23622047244095 Royale
1004.7244094488188 2439.3700787401576 214.17322834645668 110.23622047244095 en
1110.236220472441 2439.3700787401576 285.03937007874015 110.23622047244095 1868
1288.1889763779527 2439.3700787401576 214.17322834645668 110.23622047244095 et
1395.275590551181 2439.3700787401576 462.99212598425197 110.23622047244095 titulaire
1751.1811023622047 2439.3700787401576 214.17322834645668 110.23622047244095 en
1858.267716535433 2439.3700787401576 319.68503937007875 110.23622047244095 1877.
2070.8661417322833 2439.3700787401576 214.17322834645668 110.23622047244095 Il
2177.952755905512 2439.3700787401576 426.7716535433071 110.23622047244095 exposait
2462.9921259842517 2439.3700787401576 426.7716535433071 110.23622047244095 régulière-

751.1811023622047 2549.6062992125985 316.53543307086613 114.96062992125984 ment
949.6062992125984 2549.6062992125985 277.1653543307087 114.96062992125984 aux
1107.0866141732283 2549.6062992125985 396.8503937007874 114.96062992125984 Salons
1385.8267716535433 2549.6062992125985 237.79527559055117 114.96062992125984 de
1503.9370078740158 2549.6062992125985 357.4803149606299 114.96062992125984 Paris
1741.732283464567 2549.6062992125985 237.79527559055117 114.96062992125984 et
1861.4173228346456 2549.6062992125985 198.4251968503937 114.96062992125984 à
1940.1574803149606 2549.6062992125985 277.1653543307087 114.96062992125984 nos
2099.212598425197 2549.6062992125985 595.2755905511812 114.96062992125984 expositions
2533.8582677165355 2549.6062992125985 357.4803149606299 114.96062992125984 univer-

749.6062992125984 2659.8425196850394 420.4724409448819 97.63779527559055 selles;
1055.1181102362204 2659.8425196850394 229.92125984251967 97.63779527559055 il
1170.0787401574803 2659.8425196850394 344.88188976377955 97.63779527559055 avait
1400.0 2659.8425196850394 382.6771653543307 97.63779527559055 obtenu
1667.716535433071 2659.8425196850394 459.84251968503935 97.63779527559055 diverses
2012.5984251968505 2659.8425196850394 612.5984251968504 97.63779527559055 récompenses,
2472.4409448818897 2659.8425196850394 420.4724409448819 97.63779527559055 notamment

751.1811023622047 2748.031496062992 270.86614173228344 113.38582677165354 une
907.0866141732283 2748.031496062992 464.56692913385825 113.38582677165354 médaille
1255.1181102362204 2748.031496062992 310.23622047244095 113.38582677165354 d’or
1448.8188976377953 2748.031496062992 233.0708661417323 113.38582677165354 en
1527.5590551181103 2748.031496062992 270.86614173228344 113.38582677165354 1900.

839.3700787401575 2850.3937007874015 236.2204724409449 114.96062992125984 Il
957.4803149606299 2850.3937007874015 355.90551181102364 114.96062992125984 était
1195.275590551181 2850.3937007874015 513.3858267716536 114.96062992125984 chevalier
1588.976377952756 2850.3937007874015 236.2204724409449 114.96062992125984 de
1708.6614173228347 2850.3937007874015 236.2204724409449 114.96062992125984 la
1826.7716535433071 2850.3937007874015 395.2755905511811 114.96062992125984 Légion
2102.3622047244094 2850.3937007874015 513.3858267716536 114.96062992125984 d’honneur
2497.6377952755906 2850.3937007874015 236.2204724409449 114.96062992125984 et
2576.3779527559054 2850.3937007874015 316.53543307086613 114.96062992125984 membre

751.1811023622047 2977.952755905512 379.5275590551181 111.81102362204724 associé
1028.3464566929133 2977.952755905512 207.8740157480315 111.81102362204724 de
1130.708661417323 2977.952755905512 518.1102362204724 111.81102362204724 l’Institut.
1546.4566929133857 2977.952755905512 379.5275590551181 111.81102362204724 Ilavait
1822.0472440944882 2977.952755905512 242.51968503937007 111.81102362204724 été
1960.6299212598426 2977.952755905512 275.59055118110234 111.81102362204724 fait
2132.283464566929 2977.952755905512 448.81889763779526 111.81102362204724 chevalier
2478.740157480315 2977.952755905512 414.1732283464567 111.81102362204724 (Knight)
2754.3307086614172 2977.952755905512 138.58267716535434 111.81102362204724 en

760.6299212598425 3075.5905511811025 341.73228346456693 96.06299212598425 1907.
988.9763779527559 3075.5905511811025 381.1023622047244 96.06299212598425 Nombre
1255.1181102362204 3075.5905511811025 228.3464566929134 96.06299212598425 de
1368.5039370078741 3075.5905511811025 266.1417322834646 96.06299212598425 ses
1521.259842519685 3075.5905511811025 456.6929133858268 96.06299212598425 tableaux
1864.5669291338584 3075.5905511811025 228.3464566929134 96.06299212598425 se
1977.9527559055118 3075.5905511811025 532.2834645669292 96.06299212598425 rapportent
2396.850393700787 3075.5905511811025 190.5511811023622 96.06299212598425 à
2472.4409448818897 3075.5905511811025 266.1417322834646 96.06299212598425 des
2587.4015748031497 3075.5905511811025 303.93700787401576 96.06299212598425 sujets

755.9055118110236 3173.228346456693 220.4724409448819 116.53543307086615 de
866.1417322834645 3173.228346456693 514.9606299212599 116.53543307086615 l’histoire
1269.291338582677 3173.228346456693 220.4724409448819 116.53543307086615 de
1379.5275590551182 3173.228346456693 366.92913385826773 116.53543307086615 France
1637.7952755905512 3173.228346456693 220.4724409448819 116.53543307086615 et
1748.0314960629921 3173.228346456693 735.4330708661417 116.53543307086615 particulièrement
2371.6535433070867 3173.228346456693 184.251968503937 116.53543307086615 à
2445.6692913385828 3173.228346456693 220.4724409448819 116.53543307086615 la
2519.685039370079 3173.228346456693 366.92913385826773 116.53543307086615 personne

755.9055118110236 3272.4409448818897 212.5984251968504 127.55905511811024 de
862.992125984252 3272.4409448818897 461.4173228346457 127.55905511811024 Napoléon:
1217.3228346456692 3272.4409448818897 532.2834645669292 127.55905511811024 Napoléon
1642.5196850393702 3272.4409448818897 248.8188976377953 127.55905511811024 sur
1784.251968503937 3272.4409448818897 212.5984251968504 127.55905511811024 le
1891.3385826771653 3272.4409448818897 708.6614173228346 127.55905511811024 Belléropbon,
2492.9133858267714 3272.4409448818897 248.8188976377953 127.55905511811024 une
2634.6456692913384 3272.4409448818897 212.5984251968504 127.55905511811024 de
2705.511811023622 3272.4409448818897 177.95275590551182 127.55905511811024 ses

759.0551181102362 3390.551181102362 327.5590551181102 119.68503937007874 œuvres
988.9763779527559 3390.551181102362 393.7007874015748 119.68503937007874 célèbres
1283.4645669291338 3390.551181102362 360.62992125984255 119.68503937007874 (1880).
1546.4566929133857 3390.551181102362 491.33858267716533 119.68503937007874 Voltaire
1938.5826771653544 3390.551181102362 262.99212598425197 119.68503937007874 chez
2103.9370078740158 3390.551181102362 196.8503937007874 119.68503937007874 le
2201.5748031496064 3390.551181102362 229.92125984251967 119.68503937007874 duc
2332.283464566929 3390.551181102362 196.8503937007874 119.68503937007874 de
2431.496062992126 3390.551181102362 327.5590551181102 119.68503937007874 Sully,
2628.3464566929133 3390.551181102362 262.99212598425197 119.68503937007874 le
