3362.2047244094488 4324.4094488188975
1508.6614173228347 725.9842519685039 390.5511811023622 168.50393700787401 <b>ORPEN
1770.0787401574803 725.9842519685039 521.2598425196851 168.50393700787401 (William</b>).

903.9370078740158 1026.7716535433071 228.3464566929134 107.08661417322834 Né
1017.3228346456693 1026.7716535433071 190.5511811023622 107.08661417322834 à
1094.4881889763778 1026.7716535433071 381.1023622047244 107.08661417322834 Dublin
1360.6299212598426 1026.7716535433071 228.3464566929134 107.08661417322834 le
1474.015748031496 1026.7716535433071 228.3464566929134 107.08661417322834 27
1588.976377952756 1026.7716535433071 456.6929133858268 107.08661417322834 novembre
1930.708661417323 1026.7716535433071 341.73228346456693 107.08661417322834 1878;
2159.0551181102364 1026.7716535433071 381.1023622047244 107.08661417322834 suivit
2425.196850393701 1026.7716535433071 303.93700787401576 107.08661417322834 dans
2615.748031496063 1026.7716535433071 228.3464566929134 107.08661417322834 sa
2691.3385826771655 1026.7716535433071 266.1417322834646 107.08661417322834 ville

822.0472440944882 1137.007874015748 373.2283464566929 108.66141732283465 natale
1083.4645669291338 1137.007874015748 261.4173228346457 108.66141732283465 les
1233.0708661417323 1137.007874015748 335.43307086614175 108.66141732283465 cours
1456.6929133858268 1137.007874015748 223.6220472440945 108.66141732283465 de
1570.0787401574803 1137.007874015748 223.6220472440945 108.66141732283465 la
1681.8897637795276 1137.007874015748 596.8503937007874 108.66141732283465 Metropolitan
2166.9291338582675 1137.007874015748 373.2283464566929 108.66141732283465 School
2428.3464566929133 1137.007874015748 223.6220472440945 108.66141732283465 of
2540.1574803149606 1137.007874015748 299.21259842519686 108.66141732283465 Art;
2689.763779527559 1137.007874015748 261.4173228346457 108.66141732283465 puis,

818.8976377952756 1225.1968503937007 193.70078740157481 116.53543307086615 à
897.6377952755905 1225.1968503937007 466.1417322834646 116.53543307086615 Londres,
1245.6692913385828 1225.1968503937007 233.0708661417323 116.53543307086615 de
1362.2047244094488 1225.1968503937007 233.0708661417323 116.53543307086615 la
1478.740157480315 1225.1968503937007 349.6062992125984 116.53543307086615 Slade
1711.8110236220473 1225.1968503937007 426.7716535433071 116.53543307086615 school,
2022.0472440944882 1225.1968503937007 193.70078740157481 116.53543307086615 à
2100.787401574803 1225.1968503937007 543.3070866141733 116.53543307086615 University
2527.5590551181103 1225.1968503937007 466.1417322834646 116.53543307086615 College.
2837.7952755905512 1225.1968503937007 116.53543307086615 116.53543307086615 —

822.0472440944882 1340.1574803149606 368.503937007874 100.78740157480316 Obtint
1078.740157480315 1340.1574803149606 258.26771653543307 100.78740157480316 une
1226.7716535433071 1340.1574803149606 442.5196850393701 100.78740157480316 médaille
1557.4803149606298 1340.1574803149606 294.48818897637796 100.78740157480316 d’or
1741.732283464567 1340.1574803149606 294.48818897637796 100.78740157480316 pour
1925.984251968504 1340.1574803149606 220.4724409448819 100.78740157480316 le
2036.2204724409448 1340.1574803149606 368.503937007874 100.78740157480316 dessin
2294.488188976378 1340.1574803149606 404.7244094488189 100.78740157480316 d’après
2588.9763779527557 1340.1574803149606 220.4724409448819 100.78740157480316 le
2662.9921259842517 1340.1574803149606 294.48818897637796 100.78740157480316 modèle

818.8976377952756 1437.7952755905512 396.8503937007874 121.25984251968504 vivant
1096.0629921259842 1437.7952755905512 237.79527559055117 121.25984251968504 en
1215.748031496063 1437.7952755905512 318.1102362204724 121.25984251968504 1896
1414.1732283464567 1437.7952755905512 237.79527559055117 121.25984251968504 au
1533.8582677165355 1437.7952755905512 357.4803149606299 121.25984251968504 South
1771.6535433070867 1437.7952755905512 595.2755905511812 121.25984251968504 Kensington,
2247.244094488189 1437.7952755905512 277.1653543307087 121.25984251968504 une
2406.299212598425 1437.7952755905512 475.59055118110234 121.25984251968504 médaille
2724.4094488188975 1437.7952755905512 237.79527559055117 121.25984251968504 d’or

820.4724409448819 1557.4803149606298 228.3464566929134 140.15748031496062 en
933.8582677165355 1557.4803149606298 305.51181102362204 140.15748031496062 1911
1124.4094488188975 1557.4803149606298 190.5511811023622 140.15748031496062 à
1201.5748031496064 1557.4803149606298 609.4488188976378 140.15748031496062 l’Exposition
1696.0629921259842 1557.4803149606298 686.6141732283464 140.15748031496062 Internationale
2267.716535433071 1557.4803149606298 228.3464566929134 140.15748031496062 de
2382.6771653543306 1557.4803149606298 533.8582677165355 140.15748031496062 Pittsburgh
2763.779527559055 1557.4803149606298 190.5511811023622 140.15748031496062 (E.

822.0472440944882 1656.6929133858268 248.8188976377953 137.00787401574803 U.
903.9370078740158 1656.6929133858268 248.8188976377953 137.00787401574803 A.).

902.3622047244095 1743.3070866141732 428.34645669291336 132.28346456692913 Membre
1201.5748031496064 1743.3070866141732 470.86614173228344 132.28346456692913 associé
1543.3070866141732 1743.3070866141732 256.6929133858268 132.28346456692913 de
1672.4409448818897 1743.3070866141732 598.4251968503937 132.28346456692913 l’Académie
2143.3070866141734 1743.3070866141732 428.34645669291336 132.28346456692913 Royale
2442.51968503937 1743.3070866141732 256.6929133858268 132.28346456692913 de
2527.5590551181103 1743.3070866141732 428.34645669291336 132.28346456692913 Londres,

818.8976377952756 1864.5669291338584 414.1732283464567 103.93700787401575 membre
1108.6614173228347 1864.5669291338584 248.8188976377953 103.93700787401575 de
1231.4960629921259 1864.5669291338584 248.8188976377953 103.93700787401575 la
1355.9055118110236 1864.5669291338584 371.65354330708664 103.93700787401575 Royal
1604.724409448819 1864.5669291338584 538.5826771653543 103.93700787401575 Hibernian
1976.3779527559054 1864.5669291338584 414.1732283464567 103.93700787401575 Academy.

907.0866141732283 1957.4803149606298 277.1653543307087 144.88188976377953 Cet
1064.5669291338584 1957.4803149606298 434.6456692913386 144.88188976377953 artiste
1381.1023622047244 1957.4803149606298 277.1653543307087 144.88188976377953 est
1538.5826771653544 1957.4803149606298 552.7559055118111 144.88188976377953 représenté
1974.8031496062993 1957.4803149606298 316.53543307086613 144.88188976377953 dans
2171.6535433070867 1957.4803149606298 395.2755905511811 144.88188976377953 nombre
2448.818897637795 1957.4803149606298 237.79527559055117 144.88188976377953 de
2566.9291338582675 1957.4803149606298 395.2755905511811 144.88188976377953 musées
2804.7244094488187 1957.4803149606298 157.48031496062993 144.88188976377953 de

820.4724409448819 2062.9921259842517 724.4094488188977 114.96062992125984 Grande-Bretagne
1431.4960629921259 2062.9921259842517 228.3464566929134 114.96062992125984 et
1544.8818897637796 2062.9921259842517 496.06299212598424 114.96062992125984 d’Irlande
1927.5590551181103 2062.9921259842517 458.26771653543307 114.96062992125984 (Dublin,
2270.8661417322833 2062.9921259842517 458.26771653543307 114.96062992125984 Belfort,
2576.3779527559054 2062.9921259842517 381.1023622047244 114.96062992125984 Manches-

818.8976377952756 2171.6535433070867 322.8346456692913 108.66141732283465 ter,
1022.0472440944882 2171.6535433070867 444.09448818897636 108.66141732283465 Oldham,
1344.8818897637796 2171.6535433070867 404.7244094488189 108.66141732283465 Leeds,
1626.7716535433071 2171.6535433070867 283.46456692913387 108.66141732283465 des
1788.976377952756 2171.6535433070867 485.03937007874015 108.66141732283465 colonies
2152.755905511811 2171.6535433070867 525.9842519685039 108.66141732283465 anglaises
2555.9055118110236 2171.6535433070867 242.51968503937007 108.66141732283465 du
2677.165354330709 2171.6535433070867 283.46456692913387 108.66141732283465 Cap
2798.4251968503936 2171.6535433070867 162.20472440944883 108.66141732283465 ou

817.3228346456693 2281.8897637795276 606.2992125984252 133.85826771653544 d’Anatolie,
1302.3622047244094 2281.8897637795276 242.51968503937007 133.85826771653544 en
1423.6220472440946 2281.8897637795276 485.03937007874015 133.85826771653544 Amérique
1787.4015748031495 2281.8897637795276 403.1496062992126 133.85826771653544 (Musée
2069.2913385826773 2281.8897637795276 686.6141732283464 133.85826771653544 métropolitain
2634.6456692913384 2281.8897637795276 242.51968503937007 133.85826771653544 de
2714.9606299212596 2281.8897637795276 242.51968503937007 133.85826771653544 New-

823.6220472440945 2381.1023622047246 359.0551181102362 144.88188976377953 York,
1062.992125984252 2381.1023622047246 359.0551181102362 144.88188976377953 Musée
1300.7874015748032 2381.1023622047246 239.37007874015748 144.88188976377953 de
1420.4724409448818 2381.1023622047246 478.74015748031496 144.88188976377953 Chicago,
1740.1574803149606 2381.1023622047246 278.74015748031496 144.88188976377953 etc.)

910.2362204724409 2485.0393700787404 371.65354330708664 165.35433070866142 Scènes
1171.6535433070867 2485.0393700787404 595.2755905511812 165.35433070866142 d’intérieurs
1655.1181102362204 2485.0393700787404 595.2755905511812 165.35433070866142 généralement
2138.582677165354 2485.0393700787404 409.4488188976378 165.35433070866142 animées
2434.6456692913384 2485.0393700787404 223.6220472440945 165.35433070866142 de
2510.236220472441 2485.0393700787404 445.6692913385827 165.35433070866142 portraits.

1319.6850393700788 2749.6062992125985 223.6220472440945 103.93700787401575 22.
1447.244094488189 2749.6062992125985 286.61417322834643 103.93700787401575 <b>Le
1637.7952755905512 2749.6062992125985 255.11811023622047 103.93700787401575 Café
1796.8503937007874 2749.6062992125985 318.1102362204724 103.93700787401575 Royal,
2020.4724409448818 2749.6062992125985 159.0551181102362 103.93700787401575 à
2051.968503937008 2749.6062992125985 414.1732283464567 103.93700787401575 Londres</b>

1244.0944881889764 2856.6929133858266 529.1338582677165 140.15748031496062 (Rendez-vous
1674.015748031496 2856.6929133858266 496.06299212598424 140.15748031496062 particulier
2070.8661417322833 2856.6929133858266 231.49606299212599 140.15748031496062 des
2170.0787401574803 2856.6929133858266 363.7795275590551 140.15748031496062 Français,

1291.3385826771653 2963.779527559055 193.70078740157481 135.43307086614172 où
1387.4015748031495 2963.779527559055 193.70078740157481 135.43307086614172 se
1483.4645669291338 2963.779527559055 451.9685039370079 135.43307086614172 réunissent
1839.3700787401574 2963.779527559055 322.8346456692913 135.43307086614172 nombre
2031.4960629921259 2963.779527559055 451.9685039370079 135.43307086614172 d’artistes).

1510.236220472441 3099.212598425197 192.1259842519685 148.03149606299212 H.
1606.2992125984251 3099.212598425197 160.62992125984252 148.03149606299212 :
1669.291338582677 3099.212598425197 192.1259842519685 148.03149606299212 1,
1765.3543307086613 3099.212598425197 223.6220472440945 148.03149606299212 39;
1894.4881889763778 3099.212598425197 192.1259842519685 148.03149606299212 L.
1990.5511811023623 3099.212598425197 160.62992125984252 148.03149606299212 :
2055.1181102362207 3099.212598425197 192.1259842519685 148.03149606299212 1,
2118.1102362204724 3099.212598425197 160.62992125984252 148.03149606299212 14.

903.9370078740158 3296.0629921259842 491.33858267716533 86.61417322834646 L’intérieur
1297.6377952755906 3296.0629921259842 196.8503937007874 86.61417322834646 du
1395.275590551181 3296.0629921259842 261.4173228346457 86.61417322834646 Café
1559.0551181102362 3296.0629921259842 327.5590551181102 86.61417322834646 Royal,
1787.4015748031495 3296.0629921259842 163.7795275590551 86.61417322834646 à
1853.5433070866143 3296.0629921259842 392.12598425196853 86.61417322834646 Londres,
2148.031496062992 3296.0629921259842 261.4173228346457 86.61417322834646 avec
2311.8110236220473 3296.0629921259842 228.3464566929134 86.61417322834646 ses
2442.51968503937 3296.0629921259842 392.12598425196853 86.61417322834646 colonnes
2703.9370078740158 3296.0629921259842 261.4173228346457 86.61417322834646 vertes

826.7716535433071 3400.0 166.9291338582677 148.03149606299212 à
892.9133858267717 3400.0 467.7165354330709 148.03149606299212 cariatides
1259.8425196850394 3400.0 400.0 148.03149606299212 blanches
1560.6299212598426 3400.0 200.0 148.03149606299212 et
1661.4173228346456 3400.0 434.6456692913386 148.03149606299212 ornements
1995.275590551181 3400.0 300.78740157480314 148.03149606299212 dorés
2195.2755905511813 3400.0 166.9291338582677 148.03149606299212 à
2262.9921259842517 3400.0 467.7165354330709 148.03149606299212 profusion.
2629.9212598425197 3400.0 200.0 148.03149606299212 Au
2696.0629921259842 3400.0 267.7165354330709 148.03149606299212 milieu

1666.1417322834645 3562.2047244094488 303.93700787401576 152.75590551181102 —
1788.976377952756 3562.2047244094488 365.3543307086614 152.75590551181102 80
1910.236220472441 3562.2047244094488 182.6771653543307 152.75590551181102 —
