2135 2746
958 461 248 107 <b>ORPEN
1124 461 331 107 (William</b>).

574 652 145 68 Né
646 652 121 68 à
695 652 242 68 Dublin
864 652 145 68 le
936 652 145 68 27
1009 652 290 68 novembre
1226 652 217 68 1878;
1371 652 242 68 suivit
1540 652 193 68 dans
1661 652 145 68 sa
1709 652 169 68 ville

522 722 237 69 natale
688 722 166 69 les
783 722 213 69 cours
925 722 142 69 de
997 722 142 69 la
1068 722 379 69 Metropolitan
1376 722 237 69 School
1542 722 142 69 of
1613 722 190 69 Art;
1708 722 166 69 puis,

520 778 123 74 à
570 778 296 74 Londres,
791 778 148 74 de
865 778 148 74 la
939 778 222 74 Slade
1087 778 271 74 school,
1284 778 123 74 à
1334 778 345 74 University
1605 778 296 74 College.
1802 778 74 74 —

522 851 234 64 Obtint
685 851 164 64 une
779 851 281 64 médaille
989 851 187 64 d’or
1106 851 187 64 pour
1223 851 140 64 le
1293 851 234 64 dessin
1457 851 257 64 d’après
1644 851 140 64 le
1691 851 187 64 modèle

520 913 252 77 vivant
696 913 151 77 en
772 913 202 77 1896
898 913 151 77 au
974 913 227 77 South
1125 913 378 77 Kensington,
1427 913 176 77 une
1528 913 302 77 médaille
1730 913 151 77 d’or

521 989 145 89 en
593 989 194 89 1911
714 989 121 89 à
763 989 387 89 l’Exposition
1077 989 436 89 Internationale
1440 989 145 89 de
1513 989 339 89 Pittsburgh
1755 989 121 89 (E.

522 1052 158 87 U.
574 1052 158 87 A.).

573 1107 272 84 Membre
763 1107 299 84 associé
980 1107 163 84 de
1062 1107 380 84 l’Académie
1361 1107 272 84 Royale
1551 1107 163 84 de
1605 1107 272 84 Londres,

520 1184 263 66 membre
704 1184 158 66 de
782 1184 158 66 la
861 1184 236 66 Royal
1019 1184 342 66 Hibernian
1255 1184 263 66 Academy.

576 1243 176 92 Cet
676 1243 276 92 artiste
877 1243 176 92 est
977 1243 351 92 représenté
1254 1243 201 92 dans
1379 1243 251 92 nombre
1555 1243 151 92 de
1630 1243 251 92 musées
1781 1243 100 92 de

521 1310 460 73 Grande-Bretagne
909 1310 145 73 et
981 1310 315 73 d’Irlande
1224 1310 291 73 (Dublin,
1442 1310 291 73 Belfort,
1636 1310 242 73 Manches-

520 1379 205 69 ter,
649 1379 282 69 Oldham,
854 1379 257 69 Leeds,
1033 1379 180 69 des
1136 1379 308 69 colonies
1367 1379 334 69 anglaises
1623 1379 154 69 du
1700 1379 180 69 Cap
1777 1379 103 69 ou

519 1449 385 85 d’Anatolie,
827 1449 154 85 en
904 1449 308 85 Amérique
1135 1449 256 85 (Musée
1314 1449 436 85 métropolitain
1673 1449 154 85 de
1724 1449 154 85 New-

523 1512 228 92 York,
675 1512 228 92 Musée
826 1512 152 92 de
902 1512 304 92 Chicago,
1105 1512 177 92 etc.)

578 1578 236 105 Scènes
744 1578 378 105 d’intérieurs
1051 1578 378 105 généralement
1358 1578 260 105 animées
1546 1578 142 105 de
1594 1578 283 105 portraits.

838 1746 142 66 22.
919 1746 182 66 <b>Le
1040 1746 162 66 Café
1141 1746 202 66 Royal,
1283 1746 101 66 à
1303 1746 263 66 Londres</b>

790 1814 336 89 (Rendez-vous
1063 1814 315 89 particulier
1315 1814 147 89 des
1378 1814 231 89 Français,

820 1882 123 86 où
881 1882 123 86 se
942 1882 287 86 réunissent
1168 1882 205 86 nombre
1290 1882 287 86 d’artistes).

959 1968 122 94 H.
1020 1968 102 94 :
1060 1968 122 94 1,
1121 1968 142 94 39;
1203 1968 122 94 L.
1264 1968 102 94 :
1305 1968 122 94 1,
1345 1968 102 94 14.

574 2093 312 55 L’intérieur
824 2093 125 55 du
886 2093 166 55 Café
990 2093 208 55 Royal,
1135 2093 104 55 à
1177 2093 249 55 Londres,
1364 2093 166 55 avec
1468 2093 145 55 ses
1551 2093 249 55 colonnes
1717 2093 166 55 vertes

525 2159 106 94 à
567 2159 297 94 cariatides
800 2159 254 94 blanches
991 2159 127 94 et
1055 2159 276 94 ornements
1267 2159 191 94 dorés
1394 2159 106 94 à
1437 2159 297 94 profusion.
1670 2159 127 94 Au
1712 2159 170 94 milieu

1058 2262 193 97 —
1136 2262 232 97 80
1213 2262 116 97 —
