3289.763779527559 4324.4094488188975
360.62992125984255 475.59055118110234 234.64566929133858 122.83464566929133 des
494.48818897637796 475.59055118110234 434.6456692913386 122.83464566929133 pardessus
828.3464566929134 475.59055118110234 200.0 122.83464566929133 et
929.1338582677165 475.59055118110234 234.64566929133858 122.83464566929133 des
1062.992125984252 475.59055118110234 401.5748031496063 122.83464566929133 chapeaux
1363.7795275590552 475.59055118110234 467.7165354330709 122.83464566929133 accrochés,
1732.283464566929 475.59055118110234 234.64566929133858 122.83464566929133 des
1864.5669291338584 475.59055118110234 535.4330708661417 122.83464566929133 personnages,
2266.1417322834645 475.59055118110234 234.64566929133858 122.83464566929133 assis

360.62992125984255 592.1259842519685 351.18110236220474 94.48818897637796 devant
606.2992125984252 592.1259842519685 245.66929133858267 94.48818897637796 des
746.4566929133858 592.1259842519685 385.8267716535433 94.48818897637796 tables,
1026.7716535433071 592.1259842519685 420.4724409448819 94.48818897637796 prennent
1341.732283464567 592.1259842519685 245.66929133858267 94.48818897637796 des
1481.8897637795276 592.1259842519685 351.18110236220474 94.48818897637796 verres
1727.5590551181103 592.1259842519685 491.33858267716533 94.48818897637796 d’absinthe
2111.8110236220473 592.1259842519685 245.66929133858267 94.48818897637796 que
2251.968503937008 592.1259842519685 280.31496062992125 94.48818897637796 leur
2392.1259842519685 592.1259842519685 105.51181102362204 94.48818897637796 a

362.20472440944883 685.0393700787401 316.53543307086613 113.38582677165354 versé
573.2283464566929 685.0393700787401 211.0236220472441 113.38582677165354 un
678.7401574803149 685.0393700787401 352.755905511811 113.38582677165354 garçon
924.4094488188977 685.0393700787401 352.755905511811 113.38582677165354 debout
1171.6535433070867 685.0393700787401 211.0236220472441 113.38582677165354 au
1277.1653543307086 685.0393700787401 352.755905511811 113.38582677165354 milieu
1488.1889763779527 685.0393700787401 281.8897637795276 113.38582677165354 d’eux.

444.09448818897636 785.8267716535433 157.48031496062993 110.23622047244095 A
507.0866141732283 785.8267716535433 188.9763779527559 110.23622047244095 la
601.5748031496063 785.8267716535433 285.03937007874015 110.23622047244095 table
792.1259842519685 785.8267716535433 188.9763779527559 110.23622047244095 de
886.6141732283464 785.8267716535433 348.0314960629921 110.23622047244095 gauche,
1138.5826771653544 785.8267716535433 188.9763779527559 110.23622047244095 de
1234.6456692913387 785.8267716535433 285.03937007874015 110.23622047244095 face,
1423.6220472440946 785.8267716535433 348.0314960629921 110.23622047244095 chapeau
1675.5905511811025 785.8267716535433 220.4724409448819 110.23622047244095 sur
1803.1496062992126 785.8267716535433 188.9763779527559 110.23622047244095 la
1897.6377952755906 785.8267716535433 285.03937007874015 110.23622047244095 tête,
2086.6141732283463 785.8267716535433 285.03937007874015 110.23622047244095 James
2245.6692913385828 785.8267716535433 253.54330708661416 110.23622047244095 Pryde;

360.62992125984255 866.1417322834645 162.20472440944883 89.76377952755905 à
426.7716535433071 866.1417322834645 195.2755905511811 89.76377952755905 la
522.8346456692914 866.1417322834645 291.33858267716533 89.76377952755905 table
718.1102362204724 866.1417322834645 195.2755905511811 89.76377952755905 de
815.7480314960629 866.1417322834645 355.90551181102364 89.76377952755905 droite,
1074.015748031496 866.1417322834645 195.2755905511811 89.76377952755905 se
1171.6535433070867 866.1417322834645 388.9763779527559 89.76377952755905 tournant
1462.992125984252 866.1417322834645 259.84251968503935 89.76377952755905 vers
1625.1968503937007 866.1417322834645 195.2755905511811 89.76377952755905 le
1722.8346456692914 866.1417322834645 388.9763779527559 89.76377952755905 premier,
2014.1732283464567 866.1417322834645 388.9763779527559 89.76377952755905 Augustus
2274.015748031496 866.1417322834645 226.77165354330708 89.76377952755905 John.

440.9448818897638 965.3543307086615 206.29921259842519 100.78740157480316 Au
544.8818897637796 965.3543307086615 343.3070866141732 100.78740157480316 second
784.2519685039371 965.3543307086615 308.66141732283467 100.78740157480316 plan,
990.5511811023622 965.3543307086615 171.6535433070866 100.78740157480316 à
1059.8425196850394 965.3543307086615 377.9527559055118 100.78740157480316 gauche:
1335.4330708661416 965.3543307086615 481.8897637795276 100.78740157480316 Nicholson,
1713.3858267716535 965.3543307086615 412.59842519685037 100.78740157480316 entrant,
2022.0472440944882 965.3543307086615 206.29921259842519 100.78740157480316 la
2125.984251968504 965.3543307086615 308.66141732283467 100.78740157480316 canne
2332.283464566929 965.3543307086615 171.6535433070866 100.78740157480316 à
2366.9291338582675 965.3543307086615 137.00787401574803 100.78740157480316 la

373.2283464566929 1067.716535433071 286.61417322834643 118.11023622047244 main,
563.7795275590552 1067.716535433071 190.5511811023622 118.11023622047244 et
659.8425196850394 1067.716535433071 190.5511811023622 118.11023622047244 se
754.3307086614174 1067.716535433071 414.1732283464567 118.11023622047244 dirigeant
1072.4409448818897 1067.716535433071 255.11811023622047 118.11023622047244 vers
1231.4960629921259 1067.716535433071 381.1023622047244 118.11023622047244 l’auteur
1518.1102362204724 1067.716535433071 414.1732283464567 118.11023622047244 lui-même,
1836.2204724409448 1067.716535433071 318.1102362204724 118.11023622047244 Orpen,
2058.267716535433 1067.716535433071 190.5511811023622 118.11023622047244 le
2154.3307086614172 1067.716535433071 190.5511811023622 118.11023622047244 Dr
2217.3228346456694 1067.716535433071 286.61417322834643 118.11023622047244 Gogarty

366.92913385826773 1181.1023622047244 214.17322834645668 85.03937007874016 et
474.01574803149606 1181.1023622047244 214.17322834645668 85.03937007874016 le
581.1023622047244 1181.1023622047244 392.12598425196853 85.03937007874016 peintre
866.1417322834645 1181.1023622047244 214.17322834645668 85.03937007874016 A.
973.2283464566929 1181.1023622047244 214.17322834645668 85.03937007874016 W.
1080.3149606299212 1181.1023622047244 319.68503937007875 85.03937007874016 Rich,
1292.9133858267717 1181.1023622047244 319.68503937007875 85.03937007874016 assis
1507.0866141732283 1181.1023622047244 177.95275590551182 85.03937007874016 à
1577.9527559055118 1181.1023622047244 319.68503937007875 85.03937007874016 table
1792.1259842519685 1181.1023622047244 214.17322834645668 85.03937007874016 de
1899.2125984251968 1181.1023622047244 355.90551181102364 85.03937007874016 chaque
2148.031496062992 1181.1023622047244 285.03937007874015 85.03937007874016 côté
2289.763779527559 1181.1023622047244 214.17322834645668 85.03937007874016 d’un

366.92913385826773 1255.1181102362204 365.3543307086614 113.38582677165354 modèle;
631.496062992126 1255.1181102362204 165.35433070866142 113.38582677165354 à
699.2125984251968 1255.1181102362204 365.3543307086614 113.38582677165354 droite,
963.7795275590552 1255.1181102362204 464.56692913385825 113.38582677165354 paraissant
1329.1338582677165 1255.1181102362204 365.3543307086614 113.38582677165354 sortir,
1593.7007874015749 1255.1181102362204 464.56692913385825 113.38582677165354 l’écrivain
1959.0551181102362 1255.1181102362204 332.2834645669291 113.38582677165354 George
2157.48031496063 1255.1181102362204 266.1417322834646 113.38582677165354 Moore.

447.244094488189 1401.5748031496064 266.1417322834646 135.43307086614172 Signé
625.1968503937007 1401.5748031496064 177.95275590551182 135.43307086614172 et
713.3858267716536 1401.5748031496064 236.2204724409449 135.43307086614172 daté
861.4173228346457 1401.5748031496064 177.95275590551182 135.43307086614172 en
951.1811023622047 1401.5748031496064 236.2204724409449 135.43307086614172 bas,
1097.6377952755906 1401.5748031496064 148.03149606299212 135.43307086614172 à
1157.4803149606298 1401.5748031496064 325.98425196850394 135.43307086614172 gauche:
1393.7007874015749 1401.5748031496064 502.3622047244094 135.43307086614172 Orpen,
1779.5275590551182 1401.5748031496064 206.29921259842519 135.43307086614172 1912.
