2089 2746
229 302 149 78 des
314 302 276 78 pardessus
526 302 127 78 et
590 302 149 78 des
675 302 255 78 chapeaux
866 302 297 78 accrochés,
1100 302 149 78 des
1184 302 340 78 personnages,
1439 302 149 78 assis

229 376 223 60 devant
385 376 156 60 des
474 376 245 60 tables,
652 376 267 60 prennent
852 376 156 60 des
941 376 223 60 verres
1097 376 312 60 d’absinthe
1341 376 156 60 que
1430 376 178 60 leur
1519 376 67 60 a

230 435 201 72 versé
364 435 134 72 un
431 435 224 72 garçon
587 435 224 72 debout
744 435 134 72 au
811 435 224 72 milieu
945 435 179 72 d’eux.

282 499 100 70 A
322 499 120 70 la
382 499 181 70 table
503 499 120 70 de
563 499 221 70 gauche,
723 499 120 70 de
784 499 181 70 face,
904 499 221 70 chapeau
1064 499 140 70 sur
1145 499 120 70 la
1205 499 181 70 tête,
1325 499 181 70 James
1426 499 161 70 Pryde;

229 550 103 57 à
271 550 124 57 la
332 550 185 57 table
456 550 124 57 de
518 550 226 57 droite,
682 550 124 57 se
744 550 247 57 tournant
929 550 165 57 vers
1032 550 124 57 le
1094 550 247 57 premier,
1279 550 247 57 Augustus
1444 550 144 57 John.

280 613 131 64 Au
346 613 218 64 second
498 613 196 64 plan,
629 613 109 64 à
673 613 240 64 gauche:
848 613 306 64 Nicholson,
1088 613 262 64 entrant,
1284 613 131 64 la
1350 613 196 64 canne
1481 613 109 64 à
1503 613 87 64 la

237 678 182 75 main,
358 678 121 75 et
419 678 121 75 se
479 678 263 75 dirigeant
681 678 162 75 vers
782 678 242 75 l’auteur
964 678 263 75 lui-même,
1166 678 202 75 Orpen,
1307 678 121 75 le
1368 678 121 75 Dr
1408 678 182 75 Gogarty

233 750 136 54 et
301 750 136 54 le
369 750 249 54 peintre
550 750 136 54 A.
618 750 136 54 W.
686 750 203 54 Rich,
821 750 203 54 assis
957 750 113 54 à
1002 750 203 54 table
1138 750 136 54 de
1206 750 226 54 chaque
1364 750 181 54 côté
1454 750 136 54 d’un

233 797 232 72 modèle;
401 797 105 72 à
444 797 232 72 droite,
612 797 295 72 paraissant
844 797 232 72 sortir,
1012 797 295 72 l’écrivain
1244 797 211 72 George
1370 797 169 72 Moore.

284 890 169 86 Signé
397 890 113 86 et
453 890 150 86 daté
547 890 113 86 en
604 890 150 86 bas,
697 890 94 86 à
735 890 207 86 gauche:
885 890 319 86 <i>Orpen</i>,
1130 890 131 86 1912.
