3346.4566929133857 4807.8740157480315
1337.007874015748 415.748031496063 272.4409448818898 140.15748031496062 —
1447.244094488189 415.748031496063 381.1023622047244 140.15748031496062 177
1609.4488188976377 415.748031496063 163.7795275590551 140.15748031496062 —

407.87401574803147 525.9842519685039 346.45669291338584 181.10236220472441 MARROT
650.3937007874016 525.9842519685039 415.748031496063 181.10236220472441 (Henry),
962.2047244094488 525.9842519685039 207.8740157480315 181.10236220472441 né
1066.1417322834645 525.9842519685039 173.22834645669292 181.10236220472441 à
1135.4330708661416 525.9842519685039 207.8740157480315 181.10236220472441 la
1239.3700787401574 525.9842519685039 519.6850393700787 181.10236220472441 Souterraine
1655.1181102362204 525.9842519685039 450.3937007874016 181.10236220472441 (Creuse).
2001.5748031496064 525.9842519685039 173.22834645669292 181.10236220472441 —
2070.8661417322833 525.9842519685039 242.51968503937007 181.10236220472441 60,
2209.448818897638 525.9842519685039 207.8740157480315 181.10236220472441 r.
2313.3858267716537 525.9842519685039 346.45669291338584 181.10236220472441 Monge,
2521.259842519685 525.9842519685039 173.22834645669292 181.10236220472441 5e.

628.3464566929134 697.6377952755905 502.3622047244094 116.53543307086615 3137
1029.9212598425197 697.6377952755905 201.5748031496063 116.53543307086615 Le
1130.708661417323 697.6377952755905 368.503937007874 116.53543307086615 jardin.
1398.4251968503936 697.6377952755905 166.9291338582677 116.53543307086615 —
1464.5669291338584 697.6377952755905 234.64566929133858 116.53543307086615 750
1565.3543307086613 697.6377952755905 166.9291338582677 116.53543307086615 fr.

629.9212598425197 754.3307086614174 477.1653543307087 122.83464566929133 3138
1011.0236220472441 754.3307086614174 190.5511811023622 122.83464566929133 Le
1107.0866141732283 754.3307086614174 255.11811023622047 122.83464566929133 pont
1266.1417322834645 754.3307086614174 223.6220472440945 122.83464566929133 des
1393.7007874015749 754.3307086614174 255.11811023622047 122.83464566929133 Arts
1552.755905511811 754.3307086614174 190.5511811023622 122.83464566929133 et
1648.8188976377953 754.3307086614174 445.6692913385827 122.83464566929133 l’Institut
1998.4251968503936 754.3307086614174 541.7322834645669 122.83464566929133 (aquarelle).—
2444.0944881889764 754.3307086614174 223.6220472440945 122.83464566929133 300
2540.1574803149606 754.3307086614174 159.0551181102362 122.83464566929133 fr.

625.1968503937007 851.9685039370079 508.66141732283467 144.88188976377953 3139
1033.0708661417323 851.9685039370079 203.1496062992126 144.88188976377953 La
1135.4330708661416 851.9685039370079 407.87401574803147 144.88188976377953 cascade.
1440.9448818897638 851.9685039370079 170.07874015748033 144.88188976377953 —
1508.6614173228347 851.9685039370079 237.79527559055117 144.88188976377953 500
1609.4488188976377 851.9685039370079 170.07874015748033 144.88188976377953 fr.

407.87401574803147 1015.7480314960629 456.6929133858268 119.68503937007874 MARSEILLE
759.0551181102362 1015.7480314960629 456.6929133858268 119.68503937007874 (Pierre),
1110.236220472441 1015.7480314960629 211.0236220472441 119.68503937007874 né
1215.748031496063 1015.7480314960629 176.3779527559055 119.68503937007874 à
1286.6141732283465 1015.7480314960629 491.33858267716533 119.68503937007874 Marseille.
1672.4409448818897 1015.7480314960629 176.3779527559055 119.68503937007874 —
1743.3070866141732 1015.7480314960629 245.66929133858267 119.68503937007874 85,
1883.4645669291338 1015.7480314960629 211.0236220472441 119.68503937007874 r.
1988.976377952756 1015.7480314960629 211.0236220472441 119.68503937007874 de
2094.488188976378 1015.7480314960629 316.53543307086613 119.68503937007874 Rome,
2269.2913385826773 1015.7480314960629 422.0472440944882 119.68503937007874 Marseille.

622.0472440944882 1119.6850393700788 513.3858267716536 127.55905511811024 3140
1033.0708661417323 1119.6850393700788 239.37007874015748 127.55905511811024 Vue
1170.0787401574803 1119.6850393700788 204.7244094488189 127.55905511811024 de
1272.4409448818897 1119.6850393700788 341.73228346456693 127.55905511811024 Nyons.
1511.8110236220473 1119.6850393700788 171.6535433070866 127.55905511811024 —
1581.1023622047244 1119.6850393700788 308.66141732283467 127.55905511811024 1.000
1751.1811023622047 1119.6850393700788 171.6535433070866 127.55905511811024 fr.

623.6220472440945 1211.023622047244 519.6850393700787 92.91338582677166 3141
1039.3700787401574 1211.023622047244 381.1023622047244 92.91338582677166 Marine.
1316.5354330708662 1211.023622047244 173.22834645669292 92.91338582677166 —
1385.8267716535433 1211.023622047244 242.51968503937007 92.91338582677166 500
1489.763779527559 1211.023622047244 173.22834645669292 92.91338582677166 fr.

625.1968503937007 1277.1653543307086 518.1102362204724 102.36220472440945 3142
1039.3700787401574 1277.1653543307086 379.5275590551181 102.36220472440945 Paysage
1314.9606299212599 1277.1653543307086 518.1102362204724 102.36220472440945 (Provence).
1729.1338582677165 1277.1653543307086 173.22834645669292 102.36220472440945 —
1798.4251968503936 1277.1653543307086 240.9448818897638 102.36220472440945 500
1900.7874015748032 1277.1653543307086 173.22834645669292 102.36220472440945 fr.

626.7716535433071 1355.9055118110236 508.66141732283467 130.70866141732284 3143
1034.6456692913387 1355.9055118110236 373.2283464566929 130.70866141732284 Paysage
1305.5118110236222 1355.9055118110236 508.66141732283467 130.70866141732284 (Provence).
1713.3858267716535 1355.9055118110236 170.07874015748033 130.70866141732284 —
1781.1023622047244 1355.9055118110236 237.79527559055117 130.70866141732284 500
1881.8897637795276 1355.9055118110236 170.07874015748033 130.70866141732284 fr.

401.5748031496063 1458.267716535433 363.7795275590551 185.82677165354332 MARTEL
656.6929133858267 1458.267716535433 363.7795275590551 185.82677165354332 (Jan),
910.2362204724409 1458.267716535433 218.89763779527559 185.82677165354332 né
1018.8976377952756 1458.267716535433 218.89763779527559 185.82677165354332 au
1129.1338582677165 1458.267716535433 363.7795275590551 185.82677165354332 Mollin
1382.6771653543308 1458.267716535433 472.4409448818898 185.82677165354332 (Vendée).
1746.4566929133857 1458.267716535433 181.10236220472441 185.82677165354332 —
1818.8976377952756 1458.267716535433 218.89763779527559 185.82677165354332 6,
1927.5590551181103 1458.267716535433 255.11811023622047 185.82677165354332 rue
2074.015748031496 1458.267716535433 472.4409448818898 185.82677165354332 Huyghens,
2401.5748031496064 1458.267716535433 218.89763779527559 185.82677165354332 14e.

626.7716535433071 1618.8976377952756 516.5354330708661 124.40944881889764 3144
1040.9448818897638 1618.8976377952756 206.29921259842519 124.40944881889764 Le
1144.8818897637796 1618.8976377952756 516.5354330708661 124.40944881889764 Familistère
1557.4803149606298 1618.8976377952756 448.81889763779526 124.40944881889764 (marbre),
1902.3622047244094 1618.8976377952756 483.46456692913387 124.40944881889764 bas-relief
2281.8897637795276 1618.8976377952756 206.29921259842519 124.40944881889764 du
2351.181102362205 1618.8976377952756 344.88188976377955 124.40944881889764 monument

976.3779527559055 1710.236220472441 255.11811023622047 94.48818897637796 aux
1121.259842519685 1710.236220472441 327.5590551181102 94.48818897637796 Morts
1340.1574803149606 1710.236220472441 218.89763779527559 94.48818897637796 du
1450.3937007874015 1710.236220472441 546.4566929133858 94.48818897637796 Familistère
1888.1889763779527 1710.236220472441 218.89763779527559 94.48818897637796 de
1960.6299212598426 1710.236220472441 291.33858267716533 94.48818897637796 Guise.

625.1968503937007 1757.4803149606298 485.03937007874015 157.48031496062993 3145
1014.1732283464567 1757.4803149606298 226.77165354330708 157.48031496062993 Les
1143.3070866141732 1757.4803149606298 387.40157480314963 157.48031496062993 boxeurs,
1434.6456692913387 1757.4803149606298 453.54330708661416 157.48031496062993 bas-relief
1790.5511811023623 1757.4803149606298 453.54330708661416 157.48031496062993 (plaquette
2146.4566929133857 1757.4803149606298 258.26771653543307 157.48031496062993 pour
2275.5905511811025 1757.4803149606298 420.4724409448819 157.48031496062993 challenge).

977.9527559055118 1858.267716535433 239.37007874015748 137.00787401574803 (En
1114.9606299212599 1858.267716535433 582.6771653543307 137.00787401574803 collaboration
1595.275590551181 1858.267716535433 274.01574803149606 137.00787401574803 avec
1766.9291338582677 1858.267716535433 274.01574803149606 137.00787401574803 Joël
1903.9370078740158 1858.267716535433 343.3070866141732 137.00787401574803 Martel.)

404.7244094488189 2007.8740157480315 352.755905511811 114.96062992125984 MARTEL
650.3937007874016 2007.8740157480315 387.40157480314963 114.96062992125984 (Joël),
932.2834645669292 2007.8740157480315 211.0236220472441 114.96062992125984 né
1037.7952755905512 2007.8740157480315 211.0236220472441 114.96062992125984 au
1143.3070866141732 2007.8740157480315 352.755905511811 114.96062992125984 Mollin
1390.5511811023623 2007.8740157480315 458.26771653543307 114.96062992125984 (Vendée).
1741.732283464567 2007.8740157480315 176.3779527559055 114.96062992125984 —
1812.5984251968505 2007.8740157480315 211.0236220472441 114.96062992125984 6,
1918.1102362204724 2007.8740157480315 247.24409448818898 114.96062992125984 rue
2059.8425196850394 2007.8740157480315 458.26771653543307 114.96062992125984 Huyghens,
2376.3779527559054 2007.8740157480315 211.0236220472441 114.96062992125984 14e.

623.6220472440945 2119.685039370079 535.4330708661417 143.30708661417322 3146
1053.5433070866143 2119.685039370079 250.39370078740157 143.30708661417322 Les
1195.275590551181 2119.685039370079 428.34645669291336 143.30708661417322 fondeurs
1516.5354330708662 2119.685039370079 464.56692913385825 143.30708661417322 (marbre),
1874.015748031496 2119.685039370079 500.78740157480314 143.30708661417322 bas-relief
2267.716535433071 2119.685039370079 214.17322834645668 143.30708661417322 du
2338.582677165354 2119.685039370079 357.4803149606299 143.30708661417322 monument

974.8031496062993 2206.299212598425 261.4173228346457 130.70866141732284 aux
1124.4094488188975 2206.299212598425 337.00787401574803 130.70866141732284 Morts
1349.6062992125985 2206.299212598425 225.1968503937008 130.70866141732284 du
1461.4173228346456 2206.299212598425 560.6299212598425 130.70866141732284 Familistère
1910.236220472441 2206.299212598425 225.1968503937008 130.70866141732284 de
2023.6220472440946 2206.299212598425 337.00787401574803 130.70866141732284 Guise
2209.448818897638 2206.299212598425 374.8031496062992 130.70866141732284 (Aisne).

625.1968503937007 2269.2913385826773 554.3307086614174 140.15748031496062 3147
1067.716535433071 2269.2913385826773 258.26771653543307 140.15748031496062 Vue
1215.748031496063 2269.2913385826773 518.1102362204724 140.15748031496062 d’ensemble
1622.0472440944882 2269.2913385826773 222.04724409448818 140.15748031496062 du
1733.8582677165355 2269.2913385826773 444.09448818897636 140.15748031496062 monument
2066.1417322834645 2269.2913385826773 258.26771653543307 140.15748031496062 aux
2214.1732283464567 2269.2913385826773 332.2834645669291 140.15748031496062 Morts
2436.220472440945 2269.2913385826773 222.04724409448818 140.15748031496062 du
2510.236220472441 2269.2913385826773 184.251968503937 140.15748031496062 Fa

976.3779527559055 2368.503937007874 445.6692913385827 108.66141732283465 milistère
1319.6850393700788 2368.503937007874 206.29921259842519 108.66141732283465 de
1422.0472440944882 2368.503937007874 308.66141732283467 108.66141732283465 Guise
1593.7007874015749 2368.503937007874 376.37795275590554 108.66141732283465 (dessin).

623.6220472440945 2404.7244094488187 537.007874015748 171.6535433070866 3148
1053.5433070866143 2404.7244094488187 500.78740157480314 171.6535433070866 Bas-relief
1447.244094488189 2404.7244094488187 464.56692913385825 171.6535433070866 (plâtre),
1804.724409448819 2404.7244094488187 429.9212598425197 171.6535433070866 fragment
2125.984251968504 2404.7244094488187 214.17322834645668 171.6535433070866 du
2234.6456692913384 2404.7244094488187 429.9212598425197 171.6535433070866 monument
2519.685039370079 2404.7244094488187 179.5275590551181 171.6535433070866 aux

979.5275590551181 2519.685039370079 337.00787401574803 133.85826771653544 Morts
1204.724409448819 2519.685039370079 225.1968503937008 133.85826771653544 de
1316.5354330708662 2519.685039370079 785.8267716535433 133.85826771653544 St-Gilles-sur-Vic
1952.755905511811 2519.685039370079 411.0236220472441 133.85826771653544 (Vendée).

400.0 2631.496062992126 451.9685039370079 170.07874015748033 MARTENNE
738.5826771653543 2631.496062992126 451.9685039370079 170.07874015748033 (Thérèse
1077.1653543307086 2631.496062992126 300.78740157480314 170.07874015748033 dé),
1264.5669291338584 2631.496062992126 262.99212598425197 170.07874015748033 née
1415.748031496063 2631.496062992126 187.4015748031496 170.07874015748033 à
1491.3385826771653 2631.496062992126 451.9685039370079 170.07874015748033 Pontoise
1829.9212598425197 2631.496062992126 752.7559055118111 170.07874015748033 (Seine-et-Oise).
2469.2913385826773 2631.496062992126 187.4015748031496 170.07874015748033 —
2507.0866141732286 2631.496062992126 187.4015748031496 170.07874015748033 16,

474.01574803149606 2777.952755905512 228.3464566929134 107.08661417322834 rue
604.7244094488188 2777.952755905512 196.8503937007874 107.08661417322834 de
703.9370078740158 2777.952755905512 196.8503937007874 107.08661417322834 la
801.5748031496063 2777.952755905512 491.33858267716533 107.08661417322834 Procession,
1160.6299212598426 2777.952755905512 196.8503937007874 107.08661417322834 15e.

623.6220472440945 2853.5433070866143 521.2598425196851 132.28346456692913 3149
1040.9448818897638 2853.5433070866143 348.0314960629921 132.28346456692913 Nature
1285.0393700787401 2853.5433070866143 348.0314960629921 132.28346456692913 morte.
1527.5590551181103 2853.5433070866143 173.22834645669292 132.28346456692913 —
1596.8503937007874 2853.5433070866143 244.09448818897638 132.28346456692913 250
1702.3622047244094 2853.5433070866143 173.22834645669292 132.28346456692913 fr.

628.3464566929134 2919.685039370079 518.1102362204724 138.58267716535434 3150
1042.5196850393702 2919.685039370079 242.51968503937007 138.58267716535434 Sur
1181.1023622047244 2919.685039370079 207.8740157480315 138.58267716535434 la
1285.0393700787401 2919.685039370079 310.23622047244095 138.58267716535434 route
1491.3385826771653 2919.685039370079 207.8740157480315 138.58267716535434 de
1595.275590551181 2919.685039370079 448.81889763779526 138.58267716535434 Massignac
1940.1574803149606 2919.685039370079 518.1102362204724 138.58267716535434 (Charente).
2355.9055118110236 2919.685039370079 173.22834645669292 138.58267716535434 —
2425.196850393701 2919.685039370079 242.51968503937007 138.58267716535434 200
2527.5590551181103 2919.685039370079 173.22834645669292 138.58267716535434 fr.

625.1968503937007 3012.5984251968503 527.5590551181102 127.55905511811024 3151
1045.6692913385828 3012.5984251968503 385.8267716535433 127.55905511811024 Paysâge
1327.5590551181103 3012.5984251968503 211.0236220472441 127.55905511811024 en
1433.0708661417323 3012.5984251968503 456.6929133858268 127.55905511811024 septembre
1784.251968503937 3012.5984251968503 456.6929133858268 127.55905511811024 (Morvan).
2135.433070866142 3012.5984251968503 176.3779527559055 127.55905511811024 —
2206.299212598425 3012.5984251968503 245.66929133858267 127.55905511811024 200
2310.236220472441 3012.5984251968503 176.3779527559055 127.55905511811024 fr.

403.1496062992126 3170.0787401574803 474.01574803149606 138.58267716535434 MARTILLY
759.0551181102362 3170.0787401574803 554.3307086614174 138.58267716535434 (Edouard),
1193.7007874015749 3170.0787401574803 237.79527559055117 138.58267716535434 né
1313.3858267716535 3170.0787401574803 198.4251968503937 138.58267716535434 à
1392.1259842519685 3170.0787401574803 474.01574803149606 138.58267716535434 Beauvais
1748.0314960629921 3170.0787401574803 434.6456692913386 138.58267716535434 (Oise).
2064.566929133858 3170.0787401574803 198.4251968503937 138.58267716535434 —
2143.3070866141734 3170.0787401574803 277.1653543307087 138.58267716535434 26,
2302.3622047244094 3170.0787401574803 395.2755905511811 138.58267716535434 avenue
2540.1574803149606 3170.0787401574803 157.48031496062993 138.58267716535434 de

481.8897637795276 3292.9133858267714 400.0 100.78740157480316 Breteuil,
759.0551181102362 3292.9133858267714 154.33070866141733 100.78740157480316 7e.

633.0708661417323 3346.4566929133857 590.5511811023622 168.50393700787401 3151<i>bis
1140.1574803149606 3346.4566929133857 281.8897637795276 168.50393700787401 a)
1337.007874015748 3346.4566929133857 281.8897637795276 168.50393700787401 Projet
1533.8582677165355 3346.4566929133857 393.7007874015748 168.50393700787401 d’affiche.
1842.5196850393702 3346.4566929133857 140.15748031496062 168.50393700787401 —
1899.2125984251968 3346.4566929133857 196.8503937007874 168.50393700787401 300
1984.251968503937 3346.4566929133857 140.15748031496062 168.50393700787401 fr.

1056.6929133858268 3439.3700787401576 366.92913385826773 124.40944881889764 b)
1338.5826771653544 3439.3700787401576 281.8897637795276 124.40944881889764 Projet
1535.4330708661416 3439.3700787401576 393.7007874015748 124.40944881889764 d’affiche.
1845.6692913385828 3439.3700787401576 140.15748031496062 124.40944881889764 —
1902.3622047244094 3439.3700787401576 196.8503937007874 124.40944881889764 300
1987.4015748031495 3439.3700787401576 140.15748031496062 124.40944881889764 fr.

1056.6929133858268 3494.488188976378 390.5511811023622 129.13385826771653 c)
1357.4803149606298 3494.488188976378 480.31496062992125 129.13385826771653 Saint-Tropez
1746.4566929133857 3494.488188976378 480.31496062992125 129.13385826771653 (aquarelle).
2137.0078740157483 3494.488188976378 149.60629921259843 129.13385826771653 —
2196.850393700787 3494.488188976378 209.4488188976378 129.13385826771653 150
2288.1889763779527 3494.488188976378 149.60629921259843 129.13385826771653 fr.

1055.1181102362204 3560.6299212598424 388.9763779527559 168.50393700787401 d)
1354.3307086614172 3560.6299212598424 269.29133858267716 168.50393700787401 Vieux
1533.8582677165355 3560.6299212598424 269.29133858267716 168.50393700787401 port,
1713.3858267716535 3560.6299212598424 388.9763779527559 168.50393700787401 Marseille
2014.1732283464567 3560.6299212598424 478.74015748031496 168.50393700787401 (aquarelle).
2403.149606299213 3560.6299212598424 149.60629921259843 168.50393700787401 —
2462.9921259842517 3560.6299212598424 209.4488188976378 168.50393700787401 300
2552.755905511811 3560.6299212598424 119.68503937007874 168.50393700787401 fr

404.7244094488189 3765.3543307086616 357.4803149606299 140.15748031496062 MARTIN
655.1181102362204 3765.3543307086616 644.0944881889764 140.15748031496062 (Claude-René),
1192.1259842519685 3765.3543307086616 214.17322834645668 140.15748031496062 né
1299.2125984251968 3765.3543307086616 179.5275590551181 140.15748031496062 à
1371.6535433070867 3765.3543307086616 357.4803149606299 140.15748031496062 Paris.
1622.0472440944882 3765.3543307086616 179.5275590551181 140.15748031496062 —
1692.9133858267717 3765.3543307086616 250.39370078740157 140.15748031496062 12,
1836.2204724409448 3765.3543307086616 250.39370078740157 140.15748031496062 rue
1979.5275590551182 3765.3543307086616 214.17322834645668 140.15748031496062 de
2086.6141732283463 3765.3543307086616 464.56692913385825 140.15748031496062 l’Abbaye,
2407.8740157480315 3765.3543307086616 179.5275590551181 140.15748031496062 6e.

631.496062992126 3872.4409448818897 439.37007874015745 130.70866141732284 3152
954.3307086614174 3872.4409448818897 321.25984251968504 130.70866141732284 Portrait.

628.3464566929134 3954.3307086614172 499.21259842519686 125.98425196850394 3153
1026.7716535433071 3954.3307086614172 299.21259842519686 125.98425196850394 Etude
1226.7716535433071 3954.3307086614172 365.3543307086614 125.98425196850394 figure.
1492.9133858267717 3954.3307086614172 166.9291338582677 125.98425196850394 —
1560.6299212598426 3954.3307086614172 299.21259842519686 125.98425196850394 2.000
1725.984251968504 3954.3307086614172 166.9291338582677 125.98425196850394 fr.

629.9212598425197 4033.0708661417325 489.76377952755905 160.62992125984252 3154
1022.0472440944882 4033.0708661417325 392.12598425196853 160.62992125984252 Paysage.
1316.5354330708662 4033.0708661417325 163.7795275590551 160.62992125984252 —
1382.6771653543308 4033.0708661417325 294.48818897637796 160.62992125984252 1.800
1544.8818897637796 4033.0708661417325 163.7795275590551 160.62992125984252 fr.
