2125 3053
391 390 1058 107 NECROLOGIE

417 582 266 119 <b>Marcel
621 582 287 119 SEMBAT</b>
846 582 287 119 (<i>Décédé
1071 582 123 119 le
1133 582 102 119 5
1174 582 266 119 Septembre
1358 582 225 119 1922</i>)

377 679 326 87 <b>Georgette
641 679 285 87 AGUTTE</b>
865 679 305 87 (<i>Décédée
1109 679 122 87 le
1170 679 102 87 6
1211 679 285 87 Septembrei
1414 679 224 87 1922</i>)

393 882 155 95 Un
471 882 232 95 grand
626 882 181 95 ami
729 882 181 95 des
832 882 465 95 «Indépendants»
1219 882 232 95 vient
1374 882 155 95 de
1426 882 232 95 mourir.

348 951 146 64 M.
421 951 243 64 Marcel
591 951 267 64 Sembat,
785 951 243 64 ancien
955 951 292 64 ministre
1174 951 170 64 des
1271 951 267 64 Travaux
1441 951 219 64 publics

346 995 263 77 (1914),
537 995 239 77 député
704 995 143 77 de
776 995 215 77 Paris
919 995 191 77 (18e
1038 995 430 77 arrondissement
1396 995 119 77 :
1420 995 239 77 Grandes-

349 1053 351 55 Carrières),
629 1053 234 55 depuis
793 1053 211 55 1893,
934 1053 211 55 avait
1074 1053 164 55 été
1168 1053 164 55 élu
1261 1053 234 55 Membre
1402 1053 257 55 d’honneur

345 1102 152 58 de,
432 1102 131 58 la
498 1102 239 58 Société
672 1102 152 58 des
759 1102 261 58 Artistes
954 1102 348 58 Indépendants
1237 1102 131 58 en
1281 1102 152 58 1910.

392 1159 133 63 Il
458 1159 244 63 n’avait
636 1159 311 63 d’ailleurs
880 1159 155 63 pas
968 1159 244 63 attendu
1146 1159 200 63 cette
1279 1159 177 63 date
1390 1159 177 63 pour
1479 1159 177 63 rendre

349 1196 315 79 effective
591 1196 146 79 la
664 1196 315 79 sympathie
907 1196 218 79 qu’il
1052 1196 121 79 a
1101 1196 291 79 toujours
1319 1196 315 79 témoignée
1538 1196 121 79 aux

351 1265 444 65 «Indépendants»:
724 1265 140 65 il
794 1265 163 65 fut
888 1265 140 65 un
958 1265 163 65 des
1051 1265 187 65 trop
1168 1265 210 65 rares
1284 1265 374 65 parlementaires

343 1300 156 72 qui
432 1300 223 72 eurent
588 1300 134 72 le
655 1300 268 72 courage,
855 1300 111 72 à
900 1300 134 72 la
967 1300 268 72 Chambre,
1168 1300 134 72 de
1234 1300 245 72 prendre
1413 1300 134 72 la
1457 1300 201 72 défense

344 1360 135 75 de
411 1360 202 75 l’Art
546 1360 135 75 et
613 1360 157 75 des
703 1360 269 75 Artistes
882 1360 337 75 Indépendants.

390 1412 215 72 C’est
533 1412 119 72 à
581 1412 167 72 son
677 1412 382 72 intervention
987 1412 191 72 unie
1106 1412 167 72 aux
1202 1412 263 72 efforts
1392 1412 143 72 de
1464 1412 143 72 M.
1512 1412 143 72 Léon

345 1455 234 66 Bérard
509 1455 141 66 et
579 1455 141 66 de
649 1455 141 66 M.
720 1455 187 66 Paul
837 1455 187 66 Léon
954 1455 164 66 que
1048 1455 187 66 nous
1165 1455 234 66 devons
1329 1455 141 66 la
1376 1455 281 66 concession

349 1513 140 80 du
419 1513 211 80 Grand
559 1513 234 80 Palais
723 1513 164 80 qui
817 1513 187 80 nous
934 1513 164 80 fut
1027 1513 304 80 accordée,
1261 1513 211 80 après
1402 1513 140 80 la
1448 1513 211 80 guerre,

339 1560 175 75 pour
448 1560 131 75 la
514 1560 240 75 reprise
689 1560 131 75 de
754 1560 153 75 nos
842 1560 393 75 manifestations
1148 1560 262 75 annuelles.

392 1612 131 73 Né
458 1612 131 73 le
523 1612 131 73 19
589 1612 241 73 octobre
764 1612 197 73 1862,
895 1612 219 73 avocat
1048 1612 306 73 d’origine,
1289 1612 175 73 mais
1377 1612 284 73 journaliste

345 1671 164 58 par
438 1671 374 58 inclination,
742 1671 140 58 M.
812 1671 234 58 Marcel
976 1671 234 58 Sembat
1140 1671 281 58 joignait
1350 1671 117 58 à
1397 1671 164 58 son
1467 1671 187 58 talent

346 1724 288 52 d’orateur
568 1724 155 52 une
656 1724 200 52 belle
790 1724 244 52 culture
967 1724 399 52 intellectuelle
1300 1724 155 52 qui
1389 1724 133 52 le
1433 1724 222 52 ramenait

344 1775 174 60 sans
453 1775 196 60 cesse
584 1775 131 60 de
649 1775 131 60 la
715 1775 283 60 politique
933 1775 153 60 aux
1020 1775 240 60 Lettres
1195 1775 131 60 et
1260 1775 153 60 aux
1325 1775 153 60 Arts.

388 1814 203 67 Parti
524 1814 113 67 à
569 1814 271 67 Chamonix
772 1814 181 67 pour
885 1814 135 67 se
953 1814 248 67 reposer
1134 1814 158 67 des
1224 1814 271 67 fatigues
1427 1814 135 67 de
1495 1814 135 67 la
1540 1814 113 67 vie

339 1880 339 51 parisienne,
611 1880 158 51 une
701 1880 317 51 hémorragie
950 1880 294 51 cérébrale
1176 1880 136 51 le
1244 1880 271 51 terrassa
1447 1880 136 51 en
1493 1880 158 51 quel-

342 1929 191 64 ques
461 1929 262 64 heures;
652 1929 143 64 il
724 1929 238 64 mourut
890 1929 143 64 le
962 1929 215 64 mardi
1105 1929 119 64 5
1153 1929 334 64 septembre,
1415 1929 119 64 à
1462 1929 191 64 midi
1558 1929 95 64 et

309 1973 182 62 demi.

385 2014 244 84 Madame
555 2014 268 84 Sembat,
750 2014 268 84 artiste
945 2014 512 84 peintre-sculpteur
1384 2014 195 84 (Mme
1481 2014 171 84 Geor-

341 2095 200 57 gette
474 2095 267 57 Agutte),
674 2095 156 57 qui
763 2095 200 57 était
897 2095 222 57 membre
1052 2095 133 57 de
1119 2095 133 57 la
1186 2095 245 57 Société
1364 2095 156 57 des
1431 2095 222 57 Artistes

341 2133 362 56 Indépendants
635 2133 226 56 depuis
793 2133 249 56 février
974 2133 203 56 1904,
1110 2133 136 56 ne
1177 2133 249 56 voulant
1358 2133 158 56 pas
1426 2133 226 56 survivre

341 2182 111 55 à
385 2182 155 55 son
474 2182 200 55 mari,
607 2182 133 55 se
673 2182 244 55 suicida
851 2182 200 55 douze
984 2182 222 55 heures
1117 2182 177 55 après.

386 2236 161 64 Que
478 2236 138 64 la
547 2236 253 64 famille
731 2236 207 64 ainsi
869 2236 161 64 que
961 2236 161 64 les
1052 2236 322 64 nombreuses
1305 2236 253 64 amitiés
1489 2236 161 64 que
1558 2236 92 64 le

340 2283 327 68 dévouement
597 2283 140 68 de
667 2283 164 68 nos
760 2283 187 68 deux
877 2283 187 68 amis
994 2283 210 68 avait
1135 2283 140 68 su
1205 2283 210 68 faire
1345 2283 234 68 naître
1485 2283 164 68 trou-

339 2342 188 62 vent
456 2342 188 62 dans
573 2342 164 62 ces
667 2342 281 62 quelques
878 2342 235 62 lignes
1042 2342 305 62 l’hommage
1277 2342 164 62 ému
1371 2342 141 62 de
1441 2342 164 62 nos
1511 2342 141 62 res-

342 2388 322 69 pectueuses
595 2388 368 69 condoléances
894 2388 207 69 ainsi
1033 2388 161 69 que
1125 2388 138 69 le
1194 2388 322 69 témoignage
1447 2388 138 69 du
1493 2388 161 69 meil-

342 2435 179 78 leur
453 2435 157 78 des
521 2435 268 78 souvenirs.
