3368.503937007874 5472.44094488189
1125.984251968504 634.6456692913385 357.4803149606299 171.6535433070866 —
1267.716535433071 634.6456692913385 357.4803149606299 171.6535433070866 7
1340.1574803149606 634.6456692913385 214.17322834645668 171.6535433070866 —

606.2992125984252 766.9291338582677 248.8188976377953 207.8740157480315 M.
730.7086614173228 766.9291338582677 332.2834645669291 207.8740157480315 GÉNY
938.5826771653543 766.9291338582677 623.6220472440945 207.8740157480315 (ALEXANRE),
1436.2204724409448 766.9291338582677 332.2834645669291 207.8740157480315 à
1603.1496062992126 766.9291338582677 497.6377952755906 207.8740157480315 Nancy

297.6377952755906 957.4803149606299 329.13385826771656 184.251968503937 70.
486.61417322834643 957.4803149606299 565.3543307086615 184.251968503937 Portrait
910.2362204724409 957.4803149606299 281.8897637795276 184.251968503937 de
1050.3937007874015 957.4803149606299 234.64566929133858 184.251968503937 M
1144.8818897637796 957.4803149606299 281.8897637795276 184.251968503937 le
1286.6141732283465 957.4803149606299 423.62204724409446 184.251968503937 baron
1568.5039370078741 957.4803149606299 658.2677165354331 184.251968503937 d’A.......
2039.3700787401574 957.4803149606299 376.37795275590554 184.251968503937 (aqua

647.2440944881889 1096.0629921259842 333.8582677165354 124.40944881889764 relle).

311.81102362204723 1204.724409448819 240.9448818897638 144.88188976377953 71.
448.81889763779526 1204.724409448819 514.9606299212599 144.88188976377953 Idem
861.4173228346457 1204.724409448819 206.29921259842519 144.88188976377953 de
965.3543307086615 1204.724409448819 308.66141732283467 144.88188976377953 Mlles
1137.007874015748 1204.724409448819 343.3070866141732 144.88188976377953 D.......

316.53543307086613 1325.984251968504 239.37007874015748 151.1811023622047 72.
453.54330708661416 1325.984251968504 511.81102362204723 151.1811023622047 Idem
862.992125984252 1325.984251968504 204.7244094488189 151.1811023622047 de
965.3543307086615 1325.984251968504 272.4409448818898 151.1811023622047 Mlle
1100.7874015748032 1325.984251968504 307.0866141732283 151.1811023622047 B......

349.6062992125984 1466.1417322834645 258.26771653543307 165.35433070866142 M.
478.74015748031496 1466.1417322834645 472.4409448818898 165.35433070866142 GEORGES
822.0472440944882 1466.1417322834645 559.0551181102362 165.35433070866142 (VICTOR),
1251.9685039370079 1466.1417322834645 429.9212598425197 165.35433070866142 rue
1552.755905511811 1466.1417322834645 817.3228346456693 165.35433070866142 Notre-Dame
2198.4251968503936 1466.1417322834645 171.6535433070866 165.35433070866142 9.

316.53543307086613 1754.3307086614172 280.31496062992125 165.35433070866142 73.
475.59055118110234 1754.3307086614172 519.6850393700787 165.35433070866142 Portraits
875.5905511811023 1754.3307086614172 239.37007874015748 165.35433070866142 de
996.8503937007874 1754.3307086614172 239.37007874015748 165.35433070866142 M.
1116.5354330708662 1754.3307086614172 239.37007874015748 165.35433070866142 et
1236.2204724409448 1754.3307086614172 319.68503937007875 165.35433070866142 Mlle
1436.2204724409448 1754.3307086614172 239.37007874015748 165.35433070866142 de
1516.5354330708662 1754.3307086614172 400.0 165.35433070866142 V.......

310.23622047244095 1874.015748031496 294.48818897637796 143.30708661417322 74.
478.74015748031496 1874.015748031496 503.93700787401576 143.30708661417322 Portrait
856.6929133858267 1874.015748031496 251.96850393700788 143.30708661417322 de
982.6771653543307 1874.015748031496 377.9527559055118 143.30708661417322 Henry
1234.6456692913387 1874.015748031496 251.96850393700788 143.30708661417322 de
1319.6850393700788 1874.015748031496 377.9527559055118 143.30708661417322 L......

310.23622047244095 1976.3779527559054 329.13385826771656 160.62992125984252 75.
499.21259842519686 1976.3779527559054 705.511811023622 160.62992125984252 L’Adoration
1062.992125984252 1976.3779527559054 329.13385826771656 160.62992125984252 des
1250.3937007874015 1976.3779527559054 469.29133858267716 160.62992125984252 Mages,
1579.5275590551182 1976.3779527559054 281.8897637795276 160.62992125984252 de
1719.6850393700788 1976.3779527559054 376.37795275590554 160.62992125984252 Paul
1908.6614173228347 1976.3779527559054 516.5354330708661 160.62992125984252 Véronèze,

614.1732283464567 2135.433070866142 462.99212598425197 140.15748031496062 d’après
951.1811023622047 2135.433070866142 294.48818897637796 140.15748031496062 une
1077.1653543307086 2135.433070866142 420.4724409448819 140.15748031496062 gravure.

659.8425196850394 2264.566929133858 247.24409448818898 149.60629921259843 M.
782.6771653543307 2264.566929133858 451.9685039370079 149.60629921259843 GÉRARD,
1111.8110236220473 2264.566929133858 411.0236220472441 149.60629921259843 rue
1400.0 2264.566929133858 247.24409448818898 149.60629921259843 de
1522.8346456692914 2264.566929133858 533.8582677165355 149.60629921259843 Metz
1892.9133858267717 2264.566929133858 204.7244094488189 149.60629921259843 22.

319.68503937007875 2414.1732283464567 280.31496062992125 162.20472440944883 76.
478.74015748031496 2414.1732283464567 480.31496062992125 162.20472440944883 Portrait
839.3700787401575 2414.1732283464567 239.37007874015748 162.20472440944883 de
959.0551181102362 2414.1732283464567 239.37007874015748 162.20472440944883 M.
1078.740157480315 2414.1732283464567 239.37007874015748 162.20472440944883 de
1159.0551181102362 2414.1732283464567 360.62992125984255 162.20472440944883 J......

319.68503937007875 2549.6062992125985 296.06299212598424 163.7795275590551 77.
489.76377952755905 2549.6062992125985 338.5826771653543 163.7795275590551 Sœur
700.7874015748032 2549.6062992125985 466.1417322834646 163.7795275590551 Urgueth
1040.9448818897638 2549.6062992125985 338.5826771653543 163.7795275590551 dite
1251.9685039370079 2549.6062992125985 508.66141732283467 163.7795275590551 Petelot,
1634.6456692913387 2549.6062992125985 381.1023622047244 163.7795275590551 scène
1845.6692913385828 2549.6062992125985 593.7007874015748 163.7795275590551 d’intérieur.

518.1102362204724 2722.834645669291 278.74015748031496 129.13385826771653 M.
656.6929133858267 2722.834645669291 278.74015748031496 129.13385826771653 DE
795.2755905511812 2722.834645669291 836.2204724409448 129.13385826771653 SAINT-GERMAIN,
1491.3385826771653 2722.834645669291 371.65354330708664 129.13385826771653 à
1677.1653543307086 2722.834645669291 557.4803149606299 129.13385826771653 Nancy

314.96062992125985 2842.51968503937 303.93700787401576 166.9291338582677 78.
489.76377952755905 2842.51968503937 434.6456692913386 166.9291338582677 Partie
793.7007874015748 2842.51968503937 607.8740157480315 166.9291338582677 supérieure
1270.8661417322835 2842.51968503937 259.84251968503935 166.9291338582677 du
1401.5748031496064 2842.51968503937 477.1653543307087 166.9291338582677 village
1748.0314960629921 2842.51968503937 259.84251968503935 166.9291338582677 de
1834.6456692913387 2842.51968503937 607.8740157480315 166.9291338582677 Lorèche

612.5984251968504 2996.850393700787 417.3228346456693 144.88188976377953 Bains,
905.511811023622 2996.850393700787 417.3228346456693 144.88188976377953 canton
1198.4251968503936 2996.850393700787 250.39370078740157 144.88188976377953 de
1324.4094488188975 2996.850393700787 417.3228346456693 144.88188976377953 Valais
1574.8031496062993 2996.850393700787 459.84251968503935 144.88188976377953 (Suisse).

680.3149606299213 3133.8582677165355 261.4173228346457 159.0551181102362 M.
811.0236220472441 3133.8582677165355 348.0314960629921 159.0551181102362 PAUL
1029.9212598425197 3133.8582677165355 478.74015748031496 159.0551181102362 GOMIEN,
1377.9527559055118 3133.8582677165355 348.0314960629921 159.0551181102362 à
1552.755905511811 3133.8582677165355 522.8346456692914 159.0551181102362 Paris

318.1102362204724 3296.0629921259842 299.21259842519686 152.75590551181102 79.
488.18897637795277 3296.0629921259842 513.3858267716536 152.75590551181102 Portrait
874.0157480314961 3296.0629921259842 256.6929133858268 152.75590551181102 de
1001.5748031496063 3296.0629921259842 299.21259842519686 152.75590551181102 Mme
1171.6535433070867 3296.0629921259842 384.251968503937 152.75590551181102 Maria
1428.3464566929133 3296.0629921259842 469.29133858267716 152.75590551181102 D......
1727.5590551181103 3296.0629921259842 598.4251968503937 152.75590551181102 (miniature).

330.70866141732284 3437.7952755905512 231.49606299212599 124.40944881889764 80.
462.99212598425197 3437.7952755905512 494.48818897637796 124.40944881889764 Idem
858.2677165354331 3437.7952755905512 198.4251968503937 124.40944881889764 de
957.4803149606299 3437.7952755905512 198.4251968503937 124.40944881889764 M.
1056.6929133858268 3437.7952755905512 198.4251968503937 124.40944881889764 le
1155.9055118110236 3437.7952755905512 362.20472440944883 124.40944881889764 vicomte
1418.8976377952756 3437.7952755905512 329.13385826771656 124.40944881889764 C.....
1617.3228346456692 3437.7952755905512 395.2755905511811 124.40944881889764 id

316.53543307086613 3560.6299212598424 319.68503937007875 144.88188976377953 81.
499.21259842519686 3560.6299212598424 686.6141732283464 144.88188976377953 Idem
1048.8188976377953 3560.6299212598424 274.01574803149606 144.88188976377953 de
1185.8267716535433 3560.6299212598424 319.68503937007875 144.88188976377953 Mme
1368.5039370078741 3560.6299212598424 274.01574803149606 144.88188976377953 C.
1505.5118110236222 3560.6299212598424 502.3622047244094 144.88188976377953 B......
1870.8661417322835 3560.6299212598424 640.9448818897638 144.88188976377953 (miniature
2329.1338582677167 3560.6299212598424 137.00787401574803 144.88188976377953 à

618.8976377952756 3670.8661417322833 401.5748031496063 151.1811023622047 l’huile).

524.4094488188977 3823.6220472440946 365.3543307086614 155.90551181102362 Mlle
752.7559055118111 3823.6220472440946 455.11811023622045 155.90551181102362 SOPHIE
1070.8661417322835 3823.6220472440946 592.1259842519685 155.90551181102362 GRIMBLOT,
1527.5590551181103 3823.6220472440946 365.3543307086614 155.90551181102362 à
1710.236220472441 3823.6220472440946 546.4566929133858 155.90551181102362 Nancy

886.6141732283464 3960.6299212598424 420.4724409448819 165.35433070866142 Elève
1201.5748031496064 3960.6299212598424 211.0236220472441 165.35433070866142 de
1307.0866141732283 3960.6299212598424 211.0236220472441 165.35433070866142 M.
1377.9527559055118 3960.6299212598424 525.9842519685039 165.35433070866142 Hussenot

851.9685039370079 4122.834645669292 100.78740157480316 122.83464566929133 82.
910.2362204724409 4122.834645669292 144.88188976377953 122.83464566929133 Judith
1011.0236220472441 4122.834645669292 86.61417322834646 122.83464566929133 et
1055.1181102362204 4122.834645669292 203.1496062992126 122.83464566929133 Holopherne
1214.1732283464567 4122.834645669292 174.8031496062992 122.83464566929133 (d'après
1344.8818897637796 4122.834645669292 86.61417322834646 122.83464566929133 le
1388.976377952756 4122.834645669292 159.0551181102362 122.83464566929133 tableau
1489.763779527559 4122.834645669292 58.267716535433074 122.83464566929133 de

809.4488188976378 4237.795275590551 222.04724409448818 157.48031496062993 M.
921.2598425196851 4237.795275590551 371.65354330708664 157.48031496062993 Horace
1143.3070866141732 4237.795275590551 371.65354330708664 157.48031496062993 Vernet).
