3333.8582677165355 5418.897637795276
1733.8582677165355 566.9291338582677 192.1259842519685 141.73228346456693 10

1288.1889763779527 724.4094488188977 242.51968503937007 171.6535433070866 M.
1409.4488188976377 724.4094488188977 486.61417322834643 171.6535433070866 MARMIER,
1774.8031496062993 724.4094488188977 365.3543307086614 171.6535433070866 de
1977.9527559055118 724.4094488188977 445.6692913385827 171.6535433070866 Metz

779.5275590551181 896.0629921259842 360.62992125984255 163.7795275590551 118.
1004.7244094488188 896.0629921259842 269.29133858267716 163.7795275590551 Un
1140.1574803149606 896.0629921259842 404.7244094488189 163.7795275590551 Pavot
1365.3543307086613 896.0629921259842 629.9212598425197 163.7795275590551 (aquarelle).

790.5511811023622 1039.3700787401574 270.86614173228344 143.30708661417322 119.
959.0551181102362 1039.3700787401574 507.0866141732283 143.30708661417322 Clochettes,
1330.708661417323 1039.3700787401574 474.01574803149606 143.30708661417322 idem

781.1023622047244 1160.6299212598426 316.53543307086613 124.40944881889764 120.
977.9527559055118 1160.6299212598426 236.2204724409449 124.40944881889764 La
1097.6377952755906 1160.6299212598426 316.53543307086613 124.40944881889764 Tour
1294.4881889763778 1160.6299212598426 513.3858267716536 124.40944881889764 d’Hermann
1689.763779527559 1160.6299212598426 316.53543307086613 124.40944881889764 (vue
1886.6141732283465 1160.6299212598426 236.2204724409449 124.40944881889764 de
2004.724409448819 1160.6299212598426 474.01574803149606 124.40944881889764 Suisse),
2321.259842519685 1160.6299212598426 552.7559055118111 124.40944881889764 idem

776.3779527559055 1296.0629921259842 352.755905511811 157.48031496062993 121.
996.8503937007874 1296.0629921259842 527.5590551181102 157.48031496062993 Environs
1392.1259842519685 1296.0629921259842 264.56692913385825 157.48031496062993 de
1524.4094488188975 1296.0629921259842 483.46456692913387 157.48031496062993 Handeek
1877.1653543307086 1296.0629921259842 571.6535433070866 157.48031496062993 (Suisse),
2272.4409448818897 1296.0629921259842 352.755905511811 157.48031496062993 sépia.

784.2519685039371 1425.1968503937007 291.33858267716533 176.3779527559055 122.
966.9291338582677 1425.1968503937007 291.33858267716533 176.3779527559055 Dans
1149.6062992125985 1425.1968503937007 218.89763779527559 176.3779527559055 la
1258.267716535433 1425.1968503937007 365.3543307086614 176.3779527559055 plaine
1513.3858267716535 1425.1968503937007 218.89763779527559 176.3779527559055 de
1623.6220472440946 1425.1968503937007 218.89763779527559 176.3779527559055 la
1732.283464566929 1425.1968503937007 291.33858267716533 176.3779527559055 Hart
1914.9606299212599 1425.1968503937007 474.01574803149606 176.3779527559055 (Alsace),
2244.0944881889764 1425.1968503937007 510.23622047244095 176.3779527559055 idem

1250.3937007874015 1568.5039370078741 239.37007874015748 177.95275590551182 M.
1370.0787401574803 1568.5039370078741 557.4803149606299 177.95275590551182 MENESSIER,
1807.8740157480315 1568.5039370078741 357.4803149606299 177.95275590551182 de
2006.2992125984251 1568.5039370078741 437.79527559055117 177.95275590551182 Metz

771.6535433070866 1729.1338582677165 385.8267716535433 144.88188976377953 123.
965.3543307086615 1729.1338582677165 773.2283464566929 144.88188976377953 L’Escarmouche.

776.3779527559055 1842.5196850393702 330.70866141732284 151.1811023622047 124.
982.6771653543307 1842.5196850393702 371.65354330708664 151.1811023622047 Effet
1229.9212598425197 1842.5196850393702 247.24409448818898 151.1811023622047 du
1354.3307086614172 1842.5196850393702 371.65354330708664 151.1811023622047 soir,
1601.5748031496064 1842.5196850393702 412.59842519685037 151.1811023622047 entrée
1891.3385826771653 1842.5196850393702 371.65354330708664 151.1811023622047 d’une
2097.6377952755906 1842.5196850393702 330.70866141732284 151.1811023622047 forêt.

774.8031496062993 1985.8267716535433 340.15748031496065 132.28346456692913 125.
987.4015748031496 1985.8267716535433 511.81102362204723 132.28346456692913 Souvenir
1371.6535433070867 1985.8267716535433 297.6377952755906 132.28346456692913 des
1541.732283464567 1985.8267716535433 382.6771653543307 132.28346456692913 bords
1796.8503937007874 1985.8267716535433 255.11811023622047 132.28346456692913 de
1924.4094488188975 1985.8267716535433 255.11811023622047 132.28346456692913 la
2009.4488188976377 1985.8267716535433 426.7716535433071 132.28346456692913 Moselle.

770.0787401574803 2110.236220472441 355.90551181102364 148.03149606299212 126.
992.1259842519685 2110.236220472441 489.76377952755905 148.03149606299212 Village
1348.0314960629921 2110.236220472441 311.81102362204723 148.03149606299212 aux
1527.5590551181103 2110.236220472441 533.8582677165355 148.03149606299212 environs
1883.4645669291338 2110.236220472441 355.90551181102364 148.03149606299212 d’Ems.

766.9291338582677 2256.6929133858266 374.8031496062992 141.73228346456693 127.
1001.5748031496063 2256.6929133858266 562.2047244094488 141.73228346456693 Paysage,
1376.3779527559054 2256.6929133858266 467.7165354330709 141.73228346456693 composé.

1196.8503937007874 2382.6771653543306 256.6929133858268 166.9291338582677 M.
1324.4094488188975 2382.6771653543306 596.8503937007874 166.9291338582677 MILGREDER,
1793.7007874015749 2382.6771653543306 341.73228346456693 166.9291338582677 à
1965.3543307086613 2382.6771653543306 511.81102362204723 166.9291338582677 Nancy

773.2283464566929 2537.0078740157483 352.755905511811 149.60629921259843 128.
993.7007874015748 2537.0078740157483 793.7007874015748 149.60629921259843 L’Annonciation
1655.1181102362204 2537.0078740157483 529.1338582677165 149.60629921259843 (d’après
2050.3937007874015 2537.0078740157483 308.66141732283467 149.60629921259843 une
2182.6771653543306 2537.0078740157483 485.03937007874015 149.60629921259843 gravure).

1162.2047244094488 2702.3622047244094 242.51968503937007 160.62992125984252 M.
1283.4645669291338 2702.3622047244094 242.51968503937007 160.62992125984252 DE
1404.724409448819 2702.3622047244094 485.03937007874015 160.62992125984252 MIRBECK,
1768.5039370078741 2702.3622047244094 322.8346456692913 160.62992125984252 à
1930.708661417323 2702.3622047244094 645.6692913385826 160.62992125984252 Saint

777.9527559055118 2829.9212598425197 340.15748031496065 133.85826771653544 129.
990.5511811023622 2829.9212598425197 255.11811023622047 133.85826771653544 Le
1118.1102362204724 2829.9212598425197 551.1811023622047 133.85826771653544 Viatique,
1541.732283464567 2829.9212598425197 382.6771653543307 133.85826771653544 sujet
1754.3307086614172 2829.9212598425197 593.7007874015748 133.85826771653544 d’intérieur.

1374.8031496062993 2977.952755905512 481.8897637795276 151.1811023622047 Mlle
1615.748031496063 2977.952755905512 661.4173228346457 151.1811023622047 MONTFORT.

773.2283464566929 3141.732283464567 294.48818897637796 151.1811023622047 129
941.7322834645669 3141.732283464567 337.00787401574803 151.1811023622047 bis.
1152.755905511811 3141.732283464567 505.51181102362204 151.1811023622047 Portrait
1530.708661417323 3141.732283464567 251.96850393700788 151.1811023622047 de
1656.6929133858268 3141.732283464567 251.96850393700788 151.1811023622047 M.
1741.732283464567 3141.732283464567 377.9527559055118 151.1811023622047 N......

768.503937007874 3291.3385826771655 318.1102362204724 182.6771653543307 Mlle
966.9291338582677 3291.3385826771655 237.79527559055117 182.6771653543307 J.
1086.6141732283465 3291.3385826771655 396.8503937007874 182.6771653543307 NEBEL,
1363.7795275590552 3291.3385826771655 516.5354330708661 182.6771653543307 petite
1760.6299212598426 3291.3385826771655 278.74015748031496 182.6771653543307 rue
1919.6850393700788 3291.3385826771655 278.74015748031496 182.6771653543307 des
2078.740157480315 3291.3385826771655 436.2204724409449 182.6771653543307 Carmes,
2396.850393700787 3291.3385826771655 198.4251968503937 182.6771653543307 à
2436.220472440945 3291.3385826771655 477.1653543307087 182.6771653543307 Nancy

768.503937007874 3458.267716535433 333.8582677165354 162.20472440944883 130.
977.9527559055118 3458.267716535433 500.78740157480314 162.20472440944883 Portrait
1354.3307086614172 3458.267716535433 250.39370078740157 162.20472440944883 de
1480.3149606299212 3458.267716535433 333.8582677165354 162.20472440944883 Mlle
1688.1889763779527 3458.267716535433 500.78740157480314 162.20472440944883 D......,
2023.6220472440946 3458.267716535433 500.78740157480314 162.20472440944883 aquarelle.

779.5275590551181 3593.700787401575 250.39370078740157 155.90551181102362 131.
935.4330708661417 3593.700787401575 467.7165354330709 155.90551181102362 Idem
1310.236220472441 3593.700787401575 187.4015748031496 155.90551181102362 de
1403.1496062992126 3593.700787401575 250.39370078740157 155.90551181102362 Mlle
1560.6299212598426 3593.700787401575 187.4015748031496 155.90551181102362 de
1653.5433070866143 3593.700787401575 343.3070866141732 155.90551181102362 V.....,
1872.4409448818897 3593.700787401575 436.2204724409449 155.90551181102362 idem

781.1023622047244 3749.6062992125985 233.0708661417323 132.28346456692913 M.
897.6377952755905 3749.6062992125985 464.56692913385825 132.28346456692913 OLIVIER,
1247.244094488189 3749.6062992125985 581.1023622047244 132.28346456692913 peintre,
1711.8110236220473 3749.6062992125985 310.23622047244095 132.28346456692913 quai
1905.5118110236222 3749.6062992125985 503.93700787401576 132.28346456692913 Voltaire,
2292.9133858267714 3749.6062992125985 233.0708661417323 132.28346456692913 5,
2409.448818897638 3749.6062992125985 193.70078740157481 132.28346456692913 à
2448.818897637795 3749.6062992125985 464.56692913385825 132.28346456692913 Paris

766.9291338582677 3924.4094488188975 340.15748031496065 132.28346456692913 132.
979.5275590551181 3924.4094488188975 508.66141732283467 132.28346456692913 Portrait
1360.6299212598426 3924.4094488188975 255.11811023622047 132.28346456692913 de
1488.1889763779527 3924.4094488188975 297.6377952755906 132.28346456692913 Mme
1658.267716535433 3924.4094488188975 425.1968503937008 132.28346456692913 F.....
1913.3858267716535 3924.4094488188975 593.7007874015748 132.28346456692913 (aquarelle).

779.5275590551181 4028.3464566929133 253.54330708661416 146.45669291338584 133.
937.007874015748 4028.3464566929133 474.01574803149606 146.45669291338584 Idem
1316.5354330708662 4028.3464566929133 188.9763779527559 146.45669291338584 de
1412.5984251968505 4028.3464566929133 188.9763779527559 146.45669291338584 M.
1507.0866141732283 4028.3464566929133 188.9763779527559 146.45669291338584 et
1601.5748031496064 4028.3464566929133 253.54330708661416 146.45669291338584 Mlle
1759.0551181102362 4028.3464566929133 285.03937007874015 146.45669291338584 B...,
1918.1102362204724 4028.3464566929133 442.5196850393701 146.45669291338584 idem

1149.6062992125985 4163.779527559055 409.4488188976378 182.6771653543307 (Les
1447.244094488189 4163.779527559055 559.0551181102362 182.6771653543307 accessoires
1894.4881889763778 4163.779527559055 297.6377952755906 182.6771653543307 sont
2080.314960629921 4163.779527559055 223.6220472440945 182.6771653543307 de
2192.1259842519685 4163.779527559055 223.6220472440945 182.6771653543307 M.
2266.1417322834645 4163.779527559055 559.0551181102362 182.6771653543307 Guérard)
