3292.9133858267714 5428.346456692913
1233.0708661417323 622.0472440944882 173.22834645669292 122.83464566929133 11

600.0 766.9291338582677 307.0866141732283 182.6771653543307 Mlle
790.5511811023622 766.9291338582677 382.6771653543307 182.6771653543307 PAIGNÉ
1058.267716535433 766.9291338582677 574.8031496062993 182.6771653543307 (OCTAViIe),
1518.1102362204724 766.9291338582677 307.0866141732283 182.6771653543307 à
1672.4409448818897 766.9291338582677 420.4724409448819 182.6771653543307 Metz

281.8897637795276 938.5826771653543 325.98425196850394 174.8031496062992 134.
485.03937007874015 938.5826771653543 406.2992125984252 174.8031496062992 Sainte
770.0787401574803 938.5826771653543 488.18897637795277 174.8031496062992 Brigitte
1096.0629921259842 938.5826771653543 447.244094488189 174.8031496062992 (pastel).

629.9212598425197 1086.6141732283465 371.65354330708664 152.75590551181102 (Un
889.7637795275591 1086.6141732283465 297.6377952755906 152.75590551181102 ange
1075.5905511811025 1086.6141732283465 481.8897637795276 152.75590551181102 travaille
1447.244094488189 1086.6141732283465 185.82677165354332 152.75590551181102 à
1521.259842519685 1086.6141732283465 222.04724409448818 152.75590551181102 sa
1633.0708661417323 1086.6141732283465 445.6692913385827 152.75590551181102 broderie
1930.708661417323 1086.6141732283465 481.8897637795276 152.75590551181102 pendant

746.4566929133858 1195.275590551181 440.9448818897638 144.88188976377953 qu’elle
1092.9133858267717 1195.275590551181 220.4724409448819 144.88188976377953 est
1218.8976377952756 1195.275590551181 188.9763779527559 144.88188976377953 en
1280.3149606299212 1195.275590551181 440.9448818897638 144.88188976377953 extase)

281.8897637795276 1307.0866141732283 324.40944881889766 141.73228346456693 135.
485.03937007874015 1307.0866141732283 242.51968503937007 141.73228346456693 La
606.2992125984252 1307.0866141732283 404.7244094488189 141.73228346456693 Petite
889.7637795275591 1307.0866141732283 363.7795275590551 141.73228346456693 Fille
1132.283464566929 1307.0866141732283 242.51968503937007 141.73228346456693 au
1253.5433070866143 1307.0866141732283 486.61417322834643 141.73228346456693 chapelet
1577.9527559055118 1307.0866141732283 445.6692913385827 141.73228346456693 (pastel).

620.4724409448819 1433.0708661417323 596.8503937007874 159.0551181102362 (Paysanne
1105.5118110236222 1433.0708661417323 223.6220472440945 159.0551181102362 de
1217.3228346456692 1433.0708661417323 223.6220472440945 159.0551181102362 la
1330.708661417323 1433.0708661417323 447.244094488189 159.0551181102362 Lorraine
1628.3464566929133 1433.0708661417323 634.6456692913385 159.0551181102362 allemande)

308.66141732283467 1581.1023622047244 344.88188976377955 138.58267716535434 136.
522.8346456692914 1581.1023622047244 258.26771653543307 138.58267716535434 La
651.9685039370079 1581.1023622047244 730.7086614173228 138.58267716535434 Moissonneuse,
1211.023622047244 1581.1023622047244 474.01574803149606 138.58267716535434 (pastel.)

620.4724409448819 1686.6141732283465 598.4251968503937 155.90551181102362 (Paysanne
1107.0866141732283 1686.6141732283465 223.6220472440945 155.90551181102362 de
1218.8976377952756 1686.6141732283465 223.6220472440945 155.90551181102362 la
1330.708661417323 1686.6141732283465 448.81889763779526 155.90551181102362 Lorraine
1629.9212598425197 1686.6141732283465 634.6456692913385 155.90551181102362 française)

746.4566929133858 1869.291338582677 239.37007874015748 148.03149606299212 M.
866.1417322834645 1869.291338582677 560.6299212598425 148.03149606299212 PELLETIER,
1305.5118110236222 1869.291338582677 360.62992125984255 148.03149606299212 de
1505.5118110236222 1869.291338582677 440.9448818897638 148.03149606299212 Metz

275.59055118110234 2012.5984251968505 340.15748031496065 122.83464566929133 137.
488.18897637795277 2012.5984251968505 551.1811023622047 122.83464566929133 Souvenirs
911.8110236220473 2012.5984251968505 297.6377952755906 122.83464566929133 des
1081.8897637795276 2012.5984251968505 423.62204724409446 122.83464566929133 Vosges
1337.007874015748 2012.5984251968505 593.7007874015748 122.83464566929133 (aquarelle).

280.31496062992125 2173.228346456693 300.78740157480314 111.81102362204724 138.
469.29133858267716 2173.228346456693 451.9685039370079 111.81102362204724 Souvenir
807.8740157480315 2173.228346456693 262.99212598425197 111.81102362204724 des
957.4803149606299 2173.228346456693 338.5826771653543 111.81102362204724 bords
1182.6771653543308 2173.228346456693 225.1968503937008 111.81102362204724 du
1296.0629921259842 2173.228346456693 338.5826771653543 111.81102362204724 Rhin,
1485.0393700787401 2173.228346456693 525.9842519685039 111.81102362204724 idem

288.18897637795277 2296.0629921259842 281.8897637795276 138.58267716535434 139.
462.99212598425197 2296.0629921259842 527.5590551181102 138.58267716535434 Idem
885.0393700787401 2296.0629921259842 245.66929133858267 138.58267716535434 des
1026.7716535433071 2296.0629921259842 316.53543307086613 138.58267716535434 bords
1237.7952755905512 2296.0629921259842 211.0236220472441 138.58267716535434 de
1343.3070866141732 2296.0629921259842 211.0236220472441 138.58267716535434 la
1448.8188976377953 2296.0629921259842 422.0472440944882 138.58267716535434 Moselle,
1765.3543307086613 2296.0629921259842 281.8897637795276 138.58267716535434 près
1941.732283464567 2296.0629921259842 211.0236220472441 138.58267716535434 de
2011.023622047244 2296.0629921259842 387.40157480314963 138.58267716535434 Coblentz,

525.9842519685039 2401.5748031496064 579.5275590551181 143.30708661417322 (aquarelle).

281.8897637795276 2525.984251968504 296.06299212598424 160.62992125984252 140.
466.1417322834646 2525.984251968504 258.26771653543307 160.62992125984252 Les
614.1732283464567 2525.984251968504 332.2834645669291 160.62992125984252 Bords
834.6456692913385 2525.984251968504 222.04724409448818 160.62992125984252 du
946.4566929133858 2525.984251968504 332.2834645669291 160.62992125984252 Rhin,
1130.708661417323 2525.984251968504 516.5354330708661 160.62992125984252 idem

274.01574803149606 2662.9921259842517 338.5826771653543 159.0551181102362 141.
486.61417322834643 2662.9921259842517 423.62204724409446 159.0551181102362 Etudes
782.6771653543307 2662.9921259842517 212.5984251968504 159.0551181102362 à
867.7165354330708 2662.9921259842517 253.54330708661416 159.0551181102362 la
952.7559055118111 2662.9921259842517 338.5826771653543 159.0551181102362 sépia.

280.31496062992125 2792.1259842519685 275.59055118110234 143.30708661417322 142.
453.54330708661416 2792.1259842519685 516.5354330708661 143.30708661417322 Idem
866.1417322834645 2792.1259842519685 206.29921259842519 143.30708661417322 au
935.4330708661417 2792.1259842519685 310.23622047244095 143.30708661417322 crayon.

278.74015748031496 2914.9606299212596 274.01574803149606 151.1811023622047 143.
450.3937007874016 2914.9606299212596 513.3858267716536 151.1811023622047 Idem
861.4173228346457 2914.9606299212596 171.6535433070866 151.1811023622047 à
930.7086614173228 2914.9606299212596 206.29921259842519 151.1811023622047 la
998.4251968503937 2914.9606299212596 274.01574803149606 151.1811023622047 plume.

984.2519685039371 3067.716535433071 363.7795275590551 138.58267716535434 M.
1105.5118110236222 3067.716535433071 546.4566929133858 138.58267716535434 PELTRE,

444.09448818897636 3174.803149606299 662.992125984252 163.7795275590551 Demeurant
982.6771653543307 3174.803149606299 207.8740157480315 163.7795275590551 à
1064.5669291338584 3174.803149606299 538.5826771653543 163.7795275590551 Chambrey,
1437.7952755905512 3174.803149606299 787.4015748031496 163.7795275590551 arrondissement

875.5905511811023 3303.9370078740158 294.48818897637796 162.20472440944883 de
1039.3700787401574 3303.9370078740158 688.1889763779527 162.20472440944883 Château

258.26771653543307 3458.267716535433 362.20472440944883 151.1811023622047 144.
485.03937007874015 3458.267716535433 453.54330708661416 151.1811023622047 Isaura
801.5748031496063 3458.267716535433 497.6377952755906 151.1811023622047 (épouse
1163.7795275590552 3458.267716535433 272.4409448818898 151.1811023622047 du
1300.7874015748032 3458.267716535433 407.87401574803147 151.1811023622047 comte
1571.6535433070867 3458.267716535433 272.4409448818898 151.1811023622047 de
1708.6614173228347 3458.267716535433 497.6377952755906 151.1811023622047 Modène,
2025.1968503937007 3458.267716535433 362.20472440944883 151.1811023622047 récla

593.7007874015748 3593.700787401575 325.98425196850394 129.13385826771653 mant
798.4251968503937 3593.700787401575 448.81889763779526 129.13385826771653 justice
1124.4094488188975 3593.700787401575 204.7244094488189 129.13385826771653 à
1206.2992125984251 3593.700787401575 571.6535433070866 129.13385826771653 l’empereur
1655.1181102362204 3593.700787401575 366.92913385826773 129.13385826771653 Othon
1899.2125984251968 3593.700787401575 325.98425196850394 129.13385826771653 III,
2103.9370078740158 3593.700787401575 244.09448818897638 129.13385826771653 en
2184.251968503937 3593.700787401575 204.7244094488189 129.13385826771653 lui

565.3543307086615 3725.984251968504 593.7007874015748 122.83464566929133 présentant
1031.4960629921259 3725.984251968504 253.54330708661416 122.83464566929133 la
1159.0551181102362 3725.984251968504 338.5826771653543 122.83464566929133 tête
1370.0787401574803 3725.984251968504 253.54330708661416 122.83464566929133 de
1497.6377952755906 3725.984251968504 296.06299212598424 122.83464566929133 son
1667.716535433071 3725.984251968504 423.62204724409446 122.83464566929133 époux,
1921.259842519685 3725.984251968504 466.1417322834646 122.83464566929133 assassiné

598.4251968503937 3861.417322834646 291.33858267716533 114.96062992125984 par
763.7795275590552 3861.417322834646 291.33858267716533 114.96062992125984 les
930.7086614173228 3861.417322834646 415.748031496063 114.96062992125984 ordres
1222.0472440944882 3861.417322834646 248.8188976377953 114.96062992125984 de
1346.4566929133857 3861.417322834646 582.6771653543307 114.96062992125984 l’empereur
1803.1496062992126 3861.417322834646 291.33858267716533 114.96062992125984 sur
1929.1338582677165 3861.417322834646 456.6929133858268 114.96062992125984 l’injuste

596.8503937007874 3973.228346456693 571.6535433070866 135.43307086614172 accusation
1045.6692913385828 3973.228346456693 244.09448818897638 135.43307086614172 de
1127.5590551181103 3973.228346456693 692.9133858267717 135.43307086614172 l’impératrice).

992.1259842519685 4124.4094488188975 346.45669291338584 125.98425196850394 M.
1108.6614173228347 4124.4094488188975 518.1102362204724 125.98425196850394 PICHOT.

261.4173228346457 4226.771653543307 344.88188976377955 174.8031496062992 145.
475.59055118110234 4226.771653543307 387.40157480314963 174.8031496062992 Diane
735.4330708661417 4226.771653543307 258.26771653543307 174.8031496062992 au
864.5669291338583 4226.771653543307 344.88188976377955 174.8031496062992 bain
1078.740157480315 4226.771653543307 474.01574803149606 174.8031496062992 (dessin
1423.6220472440946 4226.771653543307 474.01574803149606 174.8031496062992 d’après
1768.5039370078741 4226.771653543307 300.78740157480314 174.8031496062992 une
1897.6377952755906 4226.771653543307 474.01574803149606 174.8031496062992 gravure).
