3346.4566929133857 5428.346456692913
1190.5511811023623 1192.1259842519685 1366.9291338582677 176.3779527559055 OBSERVATIONS

937.007874015748 1360.6299212598426 275.59055118110234 166.9291338582677 Les
1094.4881889763778 1360.6299212598426 472.4409448818898 166.9291338582677 tableaux
1448.8188976377953 1360.6299212598426 196.8503937007874 166.9291338582677 à
1525.984251968504 1360.6299212598426 472.4409448818898 166.9291338582677 l’huile,
1880.3149606299212 1360.6299212598426 354.3307086614173 166.9291338582677 ainsi
2116.535433070866 1360.6299212598426 275.59055118110234 166.9291338582677 que
2274.015748031496 1360.6299212598426 275.59055118110234 166.9291338582677 les
2431.496062992126 1360.6299212598426 472.4409448818898 166.9291338582677 pastels,
2744.8818897637793 1360.6299212598426 236.2204724409449 166.9291338582677 sont

829.9212598425197 1492.9133858267717 418.8976377952756 146.45669291338584 placés
1124.4094488188975 1492.9133858267717 335.43307086614175 146.45669291338584 dans
1333.8582677165355 1492.9133858267717 251.96850393700788 146.45669291338584 la
1459.8425196850394 1492.9133858267717 502.3622047244094 146.45669291338584 première
1836.2204724409448 1492.9133858267717 418.8976377952756 146.45669291338584 salle,
2130.7086614173227 1492.9133858267717 251.96850393700788 146.45669291338584 en
2214.1732283464567 1492.9133858267717 418.8976377952756 146.45669291338584 entrantx

935.4330708661417 1612.5984251968505 308.66141732283467 168.50393700787401 Les
1111.8110236220473 1612.5984251968505 661.4173228346457 168.50393700787401 miniatures,
1640.9448818897638 1612.5984251968505 661.4173228346457 168.50393700787401 aquarelles,
2168.503937007874 1612.5984251968505 485.03937007874015 168.50393700787401 dessins
2521.259842519685 1612.5984251968505 220.4724409448819 168.50393700787401 à
2609.448818897638 1612.5984251968505 264.56692913385825 168.50393700787401 la
2697.6377952755906 1612.5984251968505 352.755905511811 168.50393700787401 plume-

829.9212598425197 1784.251968503937 247.24409448818898 127.55905511811024 au
952.7559055118111 1784.251968503937 455.11811023622045 127.55905511811024 crayon,
1283.4645669291338 1784.251968503937 371.65354330708664 127.55905511811024 etc.,
1532.283464566929 1784.251968503937 330.70866141732284 127.55905511811024 sont
1738.5826771653544 1784.251968503937 743.3070866141733 127.55905511811024 principalement
2357.48031496063 1784.251968503937 412.59842519685037 127.55905511811024 placés
2647.244094488189 1784.251968503937 289.76377952755905 127.55905511811024 sur
2771.6535433070867 1784.251968503937 206.29921259842519 127.55905511811024 les

823.6220472440945 1900.7874015748032 502.3622047244094 135.43307086614172 panneaux
1201.5748031496064 1900.7874015748032 251.96850393700788 135.43307086614172 du
1325.984251968504 1900.7874015748032 335.43307086614175 135.43307086614172 fond
1535.4330708661416 1900.7874015748032 251.96850393700788 135.43307086614172 de
1661.4173228346456 1900.7874015748032 376.37795275590554 135.43307086614172 cette
1913.3858267716535 1900.7874015748032 502.3622047244094 135.43307086614172 première
2247.244094488189 1900.7874015748032 335.43307086614175 135.43307086614172 salle.

922.8346456692914 2059.8425196850394 491.33858267716533 187.4015748031496 Nota
1321.259842519685 2059.8425196850394 184.251968503937 187.4015748031496 Le
1412.5984251968505 2059.8425196850394 245.66929133858267 187.4015748031496 (C).
1566.9291338582677 2059.8425196850394 275.59055118110234 187.4015748031496 placé
1751.1811023622047 2059.8425196850394 152.75590551181102 187.4015748031496 à
1812.5984251968505 2059.8425196850394 184.251968503937 187.4015748031496 la
1903.9370078740158 2059.8425196850394 275.59055118110234 187.4015748031496 suite
2088.1889763779527 2059.8425196850394 184.251968503937 187.4015748031496 de
2179.527559055118 2059.8425196850394 184.251968503937 187.4015748031496 la
2272.4409448818897 2059.8425196850394 459.84251968503935 187.4015748031496 désignation
2640.9448818897636 2059.8425196850394 337.00787401574803 187.4015748031496 indique
2855.1181102362207 2059.8425196850394 122.83464566929133 187.4015748031496 le

850.3937007874016 2214.1732283464567 151.1811023622047 118.11023622047244 mot
916.5354330708661 2214.1732283464567 324.40944881889766 118.11023622047244 copie

1703.9370078740158 2916.535433070866 390.5511811023622 137.00787401574803 AVIS.

925.9842519685039 3064.566929133858 242.51968503937007 113.38582677165354 Les
1064.5669291338584 3064.566929133858 451.9685039370079 113.38582677165354 personnes
1412.5984251968505 3064.566929133858 242.51968503937007 113.38582677165354 qui
1551.1811023622047 3064.566929133858 555.9055118110236 113.38582677165354 désireraient
2003.1496062992126 3064.566929133858 277.1653543307087 113.38582677165354 être
2176.3779527559054 3064.566929133858 207.8740157480315 113.38582677165354 de
2280.314960629921 3064.566929133858 207.8740157480315 113.38582677165354 la
2384.251968503937 3064.566929133858 382.6771653543307 113.38582677165354 Société
2626.771653543307 3064.566929133858 348.0314960629921 113.38582677165354 lorraine

842.5196850393701 3212.5984251968503 253.54330708661416 103.93700787401575 des
987.4015748031496 3212.5984251968503 289.76377952755905 103.93700787401575 amis
1168.5039370078741 3212.5984251968503 253.54330708661416 103.93700787401575 des
1313.3858267716535 3212.5984251968503 325.98425196850394 103.93700787401575 arts,
1532.283464566929 3212.5984251968503 217.3228346456693 103.93700787401575 et
1640.9448818897638 3212.5984251968503 617.3228346456693 103.93700787401575 conséquemment
2148.031496062992 3212.5984251968503 470.86614173228344 103.93700787401575 concourir
2511.8110236220473 3212.5984251968503 181.10236220472441 103.93700787401575 à
2548.031496062992 3212.5984251968503 434.6456692913386 103.93700787401575 l’acquisi-

840.9448818897638 3313.3858267716537 289.76377952755905 86.61417322834646 tion
1022.0472440944882 3313.3858267716537 217.3228346456693 86.61417322834646 de
1130.708661417323 3313.3858267716537 434.6456692913386 86.61417322834646 tableaux
1456.6929133858268 3313.3858267716537 217.3228346456693 86.61417322834646 et
1565.3543307086613 3313.3858267716537 362.20472440944883 86.61417322834646 autres
1818.8976377952756 3313.3858267716537 362.20472440944883 86.61417322834646 objets
2072.4409448818897 3313.3858267716537 362.20472440944883 86.61417322834646 d’arts
2325.984251968504 3313.3858267716537 398.4251968503937 86.61417322834646 faisant
2615.748031496063 3313.3858267716537 362.20472440944883 86.61417322834646 partie
2833.0708661417325 3313.3858267716537 144.88188976377953 86.61417322834646 de

840.9448818897638 3417.3228346456694 568.503937007874 129.13385826771653 l’exposition,
1308.6614173228347 3417.3228346456694 368.503937007874 129.13385826771653 peuvent
1576.3779527559054 3417.3228346456694 467.7165354330709 129.13385826771653 s’inscrire
1944.8818897637796 3417.3228346456694 234.64566929133858 129.13385826771653 sur
2078.740157480315 3417.3228346456694 200.0 129.13385826771653 le
2177.952755905512 3417.3228346456694 401.5748031496063 129.13385826771653 registre
2478.740157480315 3417.3228346456694 333.8582677165354 129.13385826771653 déposé
2713.3858267716537 3417.3228346456694 166.9291338582677 129.13385826771653 à
2746.4566929133857 3417.3228346456694 234.64566929133858 129.13385826771653 l’en-

848.8188976377953 3522.834645669291 262.99212598425197 105.51181102362204 trée
1012.5984251968504 3522.834645669291 229.92125984251967 105.51181102362204 des
1144.8818897637796 3522.834645669291 329.13385826771656 105.51181102362204 salles
1341.732283464567 3522.834645669291 492.9133858267717 105.51181102362204 d’exposition.

938.5826771653543 3636.220472440945 359.0551181102362 133.85826771653544 Chaque
1190.5511811023623 3636.220472440945 359.0551181102362 133.85826771653544 action
1440.9448818897638 3636.220472440945 251.96850393700788 133.85826771653544 est
1585.8267716535433 3636.220472440945 215.748031496063 133.85826771653544 de
1692.9133858267717 3636.220472440945 215.748031496063 133.85826771653544 10
1765.3543307086613 3636.220472440945 322.8346456692913 133.85826771653544 francs.

855.1181102362204 3777.952755905512 308.66141732283467 119.68503937007874 Les
1070.8661417322835 3777.952755905512 308.66141732283467 119.68503937007874 objets
1286.6141732283465 3777.952755905512 308.66141732283467 119.68503937007874 acquis
1502.3622047244094 3777.952755905512 308.66141732283467 119.68503937007874 seront
1718.1102362204724 3777.952755905512 338.5826771653543 119.68503937007874 ensuite
1965.3543307086613 3777.952755905512 277.1653543307087 119.68503937007874 tirés
2149.6062992125985 3777.952755905512 184.251968503937 119.68503937007874 au
2242.51968503937 3777.952755905512 245.66929133858267 119.68503937007874 sort
2395.2755905511813 3777.952755905512 277.1653543307087 119.68503937007874 entre
2581.1023622047246 3777.952755905512 245.66929133858267 119.68503937007874 tous
2703.9370078740158 3777.952755905512 277.1653543307087 119.68503937007874 les

1666.1417322834645 3910.236220472441 488.18897637795277 119.68503937007874 actionnaires
