3277.165354330709 5418.897637795276
379.5275590551181 674.0157480314961 1234.6456692913387 182.6771653543307 SOCIÉTÉ
1165.3543307086613 674.0157480314961 1122.8346456692914 182.6771653543307 LORRAINE

727.5590551181102 889.7637795275591 477.1653543307087 133.85826771653544 DES
1061.4173228346456 889.7637795275591 381.1023622047244 133.85826771653544 AMIS
1299.2125984251968 889.7637795275591 333.8582677165354 133.85826771653544 DES
1442.5196850393702 889.7637795275591 524.4094488188977 133.85826771653544 ARTS.

516.5354330708661 1203.1496062992126 1072.4409448818897 217.3228346456693 EXPOSITION
1400.0 1203.1496062992126 377.9527559055118 217.3228346456693 DE
1525.984251968504 1203.1496062992126 694.488188976378 217.3228346456693 1843.

1000.0 1629.9212598425197 529.1338582677165 174.8031496062992 Septième
1352.755905511811 1629.9212598425197 352.755905511811 174.8031496062992 Année.

299.21259842519686 2061.417322834646 250.39370078740157 148.03149606299212 M.
425.1968503937008 2061.417322834646 418.8976377952756 148.03149606299212 ANDRÉ,
718.1102362204724 2061.417322834646 628.3464566929134 148.03149606299212 peintre,
1220.4724409448818 2061.417322834646 292.9133858267717 148.03149606299212 rue
1387.4015748031495 2061.417322834646 292.9133858267717 148.03149606299212 des
1555.9055118110236 2061.417322834646 459.84251968503935 148.03149606299212 Carmes,
1889.763779527559 2061.417322834646 209.4488188976378 148.03149606299212 à
1932.283464566929 2061.417322834646 502.3622047244094 148.03149606299212 Nancy

357.4803149606299 2212.5984251968503 250.39370078740157 155.90551181102362 1.
483.46456692913387 2212.5984251968503 502.3622047244094 155.90551181102362 Portrait
859.8425196850394 2212.5984251968503 250.39370078740157 155.90551181102362 de
985.8267716535433 2212.5984251968503 250.39370078740157 155.90551181102362 M.
1110.236220472441 2212.5984251968503 250.39370078740157 155.90551181102362 D.
1236.2204724409448 2212.5984251968503 459.84251968503935 155.90551181102362 V......
1529.1338582677165 2212.5984251968503 459.84251968503935 155.90551181102362 (pastel).

365.3543307086614 2352.755905511811 181.10236220472441 157.48031496062993 2.
455.11811023622045 2352.755905511811 453.54330708661416 157.48031496062993 Idem
818.8976377952756 2352.755905511811 181.10236220472441 157.48031496062993 de
910.2362204724409 2352.755905511811 181.10236220472441 157.48031496062993 M.
1001.5748031496063 2352.755905511811 181.10236220472441 157.48031496062993 C.
1091.3385826771653 2352.755905511811 302.3622047244094 157.48031496062993 J....,
1274.015748031496 2352.755905511811 423.62204724409446 157.48031496062993 idem

360.62992125984255 2480.314960629921 212.5984251968504 129.13385826771653 3.
466.1417322834646 2480.314960629921 459.84251968503935 129.13385826771653 L’Aumône,
784.2519685039371 2480.314960629921 496.06299212598424 129.13385826771653 idem

365.3543307086614 2617.3228346456694 211.0236220472441 122.83464566929133 4.
470.86614173228344 2617.3228346456694 422.0472440944882 122.83464566929133 Portrait
785.8267716535433 2617.3228346456694 211.0236220472441 122.83464566929133 de
891.3385826771654 2617.3228346456694 211.0236220472441 122.83464566929133 M.
996.8503937007874 2617.3228346456694 351.18110236220474 122.83464566929133 C....,
1207.8740157480315 2617.3228346456694 491.33858267716533 122.83464566929133 idem

362.20472440944883 2718.1102362204724 195.2755905511811 170.07874015748033 5.
459.84251968503935 2718.1102362204724 489.76377952755905 170.07874015748033 Idem
851.9685039370079 2718.1102362204724 195.2755905511811 170.07874015748033 de
949.6062992125984 2718.1102362204724 195.2755905511811 170.07874015748033 M.
1048.8188976377953 2718.1102362204724 359.0551181102362 170.07874015748033 H.....,
1277.1653543307086 2718.1102362204724 456.6929133858268 170.07874015748033 idem

355.90551181102364 2861.417322834646 196.8503937007874 143.30708661417322 6.
455.11811023622045 2861.417322834646 196.8503937007874 143.30708661417322 La
552.7559055118111 2861.417322834646 426.7716535433071 143.30708661417322 Sorcière.
848.8188976377953 2861.417322834646 459.84251968503935 143.30708661417322 idem

409.4488188976378 2992.1259842519685 307.0866141732283 137.00787401574803 «Le
585.8267716535433 2992.1259842519685 307.0866141732283 137.00787401574803 roi
760.6299212598425 2992.1259842519685 262.99212598425197 137.00787401574803 de
892.9133858267717 2992.1259842519685 439.37007874015745 137.00787401574803 trèfle
1200.0 2992.1259842519685 351.18110236220474 137.00787401574803 vous
1418.8976377952756 2992.1259842519685 483.46456692913387 137.00787401574803 annonce
1770.0787401574803 2992.1259842519685 262.99212598425197 137.00787401574803 un
1902.3622047244094 2992.1259842519685 351.18110236220474 137.00787401574803 beau
2077.165354330709 2992.1259842519685 351.18110236220474 137.00787401574803 brun.»

348.0314960629921 3089.763779527559 253.54330708661416 166.9291338582677 7.
475.59055118110234 3089.763779527559 505.51181102362204 166.9291338582677 Portrait
853.5433070866142 3089.763779527559 253.54330708661416 166.9291338582677 de
981.1023622047244 3089.763779527559 505.51181102362204 166.9291338582677 M.......
1318.1102362204724 3089.763779527559 462.99212598425197 166.9291338582677 (pastel.)

859.8425196850394 3262.9921259842517 359.0551181102362 170.07874015748033 M.
1039.3700787401574 3262.9921259842517 537.007874015748 170.07874015748033 ANDRÉ
1338.5826771653544 3262.9921259842517 477.1653543307087 170.07874015748033 JEUNE,

297.6377952755906 3418.8976377952754 658.2677165354331 152.75590551181102 professeur
840.9448818897638 3418.8976377952754 233.0708661417323 152.75590551181102 de
957.4803149606299 3418.8976377952754 387.40157480314963 152.75590551181102 dessin
1228.3464566929133 3418.8976377952754 233.0708661417323 152.75590551181102 de
1344.8818897637796 3418.8976377952754 503.93700787401576 152.75590551181102 machines,
1732.283464566929 3418.8976377952754 270.86614173228344 152.75590551181102 11,
1886.6141732283465 3418.8976377952754 270.86614173228344 152.75590551181102 rue
2042.5196850393702 3418.8976377952754 233.0708661417323 152.75590551181102 de
2119.685039370079 3418.8976377952754 310.23622047244095 152.75590551181102 la

1119.6850393700788 3525.984251968504 497.6377952755906 129.13385826771653 Pépinière

352.755905511811 3645.6692913385828 253.54330708661416 155.90551181102362 8.
480.31496062992125 3645.6692913385828 590.5511811023622 155.90551181102362 Locomotive
944.8818897637796 3645.6692913385828 464.56692913385825 155.90551181102362 (dessin
1281.8897637795276 3645.6692913385828 253.54330708661416 155.90551181102362 au
1366.9291338582677 3645.6692913385828 379.5275590551181 155.90551181102362 lavis).

359.0551181102362 3782.6771653543306 203.1496062992126 141.73228346456693 9.
459.84251968503935 3782.6771653543306 406.2992125984252 141.73228346456693 Machine,
730.7086614173228 3782.6771653543306 472.4409448818898 141.73228346456693 idem

299.21259842519686 3914.9606299212596 316.53543307086613 137.00787401574803 10.
480.31496062992125 3914.9606299212596 360.62992125984255 137.00787401574803 Pont
705.511811023622 3914.9606299212596 270.86614173228344 137.00787401574803 de
796.8503937007874 3914.9606299212596 496.06299212598424 137.00787401574803 Suresnes.

300.78740157480314 4040.9448818897636 330.70866141732284 124.40944881889764 11.
489.76377952755905 4040.9448818897636 283.46456692913387 124.40944881889764 La
631.496062992126 4040.9448818897636 568.503937007874 124.40944881889764 Chapelle
1058.267716535433 4040.9448818897636 283.46456692913387 124.40944881889764 de
1200.0 4040.9448818897636 804.7244094488188 124.40944881889764 Notre-de-Dame
1861.4173228346456 4040.9448818897636 330.70866141732284 124.40944881889764 des
2004.724409448819 4040.9448818897636 425.1968503937008 124.40944881889764 flammes

588.9763779527559 4143.307086614173 544.8818897637796 130.70866141732284 (environs
1007.8740157480315 4143.307086614173 250.39370078740157 130.70866141732284 de
1133.8582677165355 4143.307086614173 459.84251968503935 130.70866141732284 Paris),
1469.291338582677 4143.307086614173 585.8267716535433 130.70866141732284 construite
1929.1338582677165 4143.307086614173 292.9133858267717 130.70866141732284 sur
2096.0629921259842 4143.307086614173 250.39370078740157 130.70866141732284 le
2181.1023622047246 4143.307086614173 250.39370078740157 130.70866141732284 lieu

585.8267716535433 4248.818897637795 368.503937007874 122.83464566929133 même
815.7480314960629 4248.818897637795 275.59055118110234 122.83464566929133 de
954.3307086614174 4248.818897637795 691.3385826771654 122.83464566929133 l’évènement
1507.0866141732283 4248.818897637795 275.59055118110234 122.83464566929133 du
1644.0944881889764 4248.818897637795 229.92125984251967 122.83464566929133 8
1691.3385826771653 4248.818897637795 275.59055118110234 122.83464566929133 mai.
