1304 2039
549 7 119 60 —
597 7 119 60 4
621 7 71 60 —

38 74 191 73 29514.
171 74 210 73 COURTIN
324 74 267 73 (Germain),
534 74 210 73 célèbre
686 74 229 73 médecin.
858 74 95 73 —
896 74 114 73 P.
953 74 133 73 s.,
1029 74 133 73 sur
1086 74 153 73 vélin;

196 130 156 74 26
274 130 287 74 juillet
483 130 234 74 1579,
639 130 130 74 1
691 130 156 74 p.
769 130 208 74 in-8
899 130 287 74 oblong.
1108 130 130 74 6
1134 130 104 74 »»

30 172 198 95 29515.
169 172 257 95 DELAVIGNE
367 172 277 95 (Casimir),
584 172 218 95 célèbre
742 172 178 95 poëte
861 172 297 95 dramatique,
1079 172 158 95 membre

213 219 106 65 de
266 219 195 65 l’Acad.
408 219 124 65 fr.
479 219 89 65 —
514 219 106 65 L.
567 219 106 65 a.
620 219 106 65 s.
674 219 89 65 à
709 219 159 65 Paul,
815 219 230 65 directeur
992 219 106 65 du
1045 219 195 65 théâtre
1169 219 71 65 de

206 263 216 74 Rouen;
357 263 216 74 Paris,
508 263 129 74 29
573 263 172 74 août
681 263 194 74 1829,
810 263 108 74 1
853 263 129 74 p.
918 263 151 74 1/2
1004 263 194 74 in-8.
1133 263 108 74 5
1155 263 86 74 »»

246 311 153 56 Relative
361 311 64 56 à
387 311 89 56 une
438 311 77 56 de
476 311 89 56 ses
514 311 115 56 pièces.

39 338 187 88 29516.
170 338 206 88 DUCASSE
320 338 225 88 (J.-B.),
488 338 112 88 un
545 338 131 88 des
619 338 150 88 plus
713 338 225 88 célèbres
881 338 187 88 marins
1012 338 112 88 du
1069 338 168 88 règne
1162 338 75 88 de

211 407 172 51 Louis
326 407 153 51 XIV.
421 407 96 51 —
460 407 115 51 L.
517 407 115 51 s.
574 407 96 51 à
613 407 364 51 Monseigneur...;
919 407 230 51 Leogane,
1091 407 115 51 29
1129 407 115 51 juin

189 444 378 64 1697,
441 444 210 64 8
525 444 252 64 p.
651 444 462 64 in-fol.
987 444 252 64 30
1071 444 168 64 »»

247 468 175 64 Important
381 468 162 64 document
503 468 189 64 historique
651 468 121 64 écrit
732 468 121 64 après
813 468 81 64 la
854 468 121 64 prise
935 468 81 64 de
975 468 202 64 Carthagène.
1124 468 121 64 Ducasse

223 519 90 52 qui
275 519 116 52 avait
352 519 193 52 vaillamment
506 519 141 52 coopéré
609 519 64 52 à
635 519 77 52 ce
673 519 103 52 beau
738 519 103 52 fait
802 519 154 52 d’armes,
918 519 77 52 se
956 519 129 52 plaint
1046 519 90 52 des
1085 519 154 52 injustices

219 543 78 53 et
258 543 91 53 des
310 543 143 53 mauvais
414 543 156 53 procédés
531 543 78 53 de
570 543 78 53 M.
609 543 78 53 de
648 543 156 53 Pointis,
764 543 182 53 commandant
907 543 78 53 de
946 543 182 53 l’escadre,
1089 543 78 53 et
1128 543 78 53 il
1154 543 91 53 donne

216 585 62 56 à
240 585 74 56 ce
277 585 111 56 sujet
351 585 86 56 les
401 585 99 56 plus
462 585 136 56 curieux
549 585 123 56 détails.

47 619 196 61 29517.
185 619 274 61 DUCHESNOIS
400 619 314 61 (Joséphine),
655 619 216 61 célèbre
812 619 235 61 actrice.
988 619 98 61 —
1027 619 118 61 L.
1086 619 118 61 a.
1145 619 118 61 s.
1184 619 59 61 à

213 667 140 62 M.
283 667 303 62 Duverger:
516 667 140 62 14
586 667 210 62 avril
726 667 210 62 1830,
866 667 117 62 1
912 667 140 62 p.
982 667 210 62 in-8.
1122 667 117 62 5
1146 667 93 62 »»

247 688 111 77 Elle
317 688 83 77 le
358 688 111 77 prie
428 688 83 77 de
469 688 97 77 lui
525 688 167 77 procurer
650 688 83 77 un
692 688 97 77 bon
747 688 194 77 engagement
900 688 111 77 pour
969 688 139 77 Rouen.
1066 688 111 77 Elle
1136 688 125 77 tient
1205 688 42 77 à

218 738 116 56 jouer
295 738 206 56 <i>Elisabeth
463 738 77 56 de
502 738 181 56 France</i>
644 738 77 56 de
682 738 142 56 Soumet,
786 738 103 56 «qui
850 738 103 56 fait
915 738 77 56 en
953 738 155 56 province
1069 738 77 56 le
1108 738 103 56 plus
1160 738 90 56 grand

203 788 129 44 effet».

43 813 199 68 29518.
183 813 259 68 ELISABETH
382 813 120 68 DE
442 813 259 68 BRUNSWICK
641 813 319 68 WOLFENBUTEL,
900 813 179 68 reine
1020 813 120 68 de
1060 813 179 68 Prusse,

218 858 229 68 première
390 858 172 68 femme
505 858 115 68 de
562 858 420 68 Frédéric-Guillaume
925 858 134 68 II,
1002 858 134 68 qui
1078 858 115 68 la
1116 858 134 68 répu-

212 914 150 55 dia.
306 914 94 55 —
343 914 112 55 L.
400 914 112 55 a.
456 914 131 55 s.,
531 914 112 55 en
587 914 243 55 français;
774 914 112 55 10
830 914 169 55 sept.
942 914 169 55 1802,
1055 914 131 55 3/4
1130 914 112 55 de
1167 914 75 55 p.

141 948 905 62 in-4.
643 948 603 62 15»»

251 967 101 69 Elle
315 967 152 69 s’étonne
429 967 114 69 qu’on
505 967 76 69 se
543 967 101 69 soit
606 967 139 69 souvenu
708 967 127 69 d’elle
797 967 63 69 à
822 967 178 69 l’occasion
961 967 76 69 du
999 967 165 69 testament
1126 967 76 69 du
1152 967 101 69 prince

207 1023 116 53 Henri.

46 1058 196 83 29519.
184 1058 216 83 EPERNON
341 1058 196 83 (J.-L.
478 1058 118 83 de
537 1058 118 83 LA
596 1058 235 83 VALETTE,
772 1058 137 83 duc
851 1058 157 83 d’),
949 1058 118 83 un
1008 1058 137 83 des
1066 1058 177 83 mignons

228 1104 114 67 de
285 1104 171 67 Henri
399 1104 152 67 III,
494 1104 265 67 gouverneur
702 1104 114 67 de
759 1104 228 67 Guyenne.
930 1104 95 67 —
968 1104 114 67 L.
1024 1104 133 67 s.,
1100 1104 152 67 avec
1176 1104 76 67 la

226 1147 265 63 souscript.
435 1147 171 63 aut.;
548 1147 171 63 Metz,
662 1147 114 63 11
719 1147 133 63 mai
795 1147 171 63 1618,
909 1147 133 63 3/4
985 1147 114 63 de
1041 1147 114 63 p.
1079 1147 171 63 in

191 1181 528 81 Belle
544 1181 587 81 pièce.
954 1181 294 81 6
1013 1181 235 81 »»

55 1239 186 74 29520.
185 1239 260 74 FLESSELLES
390 1239 241 74 (Philippe
575 1239 149 74 de),
668 1239 204 74 médecin
817 1239 130 74 des
891 1239 149 74 rois
984 1239 223 74 François
1133 1239 111 74 Ier,

229 1297 161 49 Henri
336 1297 125 49 II,
408 1297 215 49 François
569 1297 107 49 II
622 1297 107 49 et
676 1297 197 49 Charles
819 1297 125 49 IX.
891 1297 89 49 —
926 1297 107 49 P.
980 1297 125 49 s.,
1051 1297 125 49 sur
1105 1297 143 49 vélin;

223 1333 102 57 17
274 1333 153 57 avril
376 1333 153 57 1559,
479 1333 85 57 1
513 1333 102 57 p.
564 1333 188 57 in-fol.
700 1333 188 57 oblong.
837 1333 358 57 <i>Très-rare</i>.
1144 1333 102 57 12
1178 1333 68 57 »»

53 1395 184 60 29521.
182 1395 221 60 FOUCQUET
347 1395 258 60 (Nicolas),
550 1395 295 60 surintendant
789 1395 129 60 des
863 1395 239 60 finances,
1047 1395 184 60 fameux
1158 1395 92 60 par

224 1424 124 67 son
295 1424 159 67 faste
401 1424 106 67 et
455 1424 124 67 par
526 1424 106 67 sa
579 1424 230 67 disgrâce.
756 1424 89 67 —
791 1424 106 67 L.
844 1424 106 67 a.
898 1424 106 67 s.
951 1424 124 67 (AU
1022 1424 213 67 CARDINAL
1163 1424 89 67 MA-

226 1466 202 68 ZARIN);
372 1466 110 68 20
427 1466 147 68 mars
519 1466 165 68 1649,
629 1466 92 68 3
666 1466 110 68 p.
721 1466 165 68 in-4.
831 1466 110 68 Le
886 1466 183 68 second
1015 1466 220 68 feuillet
1161 1466 92 68 est

170 1506 863 66 remonté.
817 1506 432 66 35
961 1506 288 66 »»

263 1536 194 73 Intéressante
420 1536 121 73 lettre
505 1536 85 73 sur
553 1536 85 73 des
602 1536 157 73 questions
723 1536 73 73 de
759 1536 133 73 finance
856 1536 73 73 et
892 1536 73 73 de
916 1536 206 73 fortifications.

52 1606 182 61 29522.
179 1606 310 61 GARNIER-PAGÈS
434 1606 237 61 (Et.-Jos.
616 1606 146 61 L.),
708 1606 109 61 le
762 1606 146 61 chef
853 1606 109 61 du
908 1606 164 61 parti
1017 1606 200 61 radical
1145 1606 109 61 sous

228 1640 379 69 Louis-Philippe.
547 1640 100 69 —
587 1640 120 69 L.
646 1640 120 69 a.
706 1640 120 69 s.
766 1640 100 69 à
806 1640 219 69 Auguis;
965 1640 199 69 Paris,
1105 1640 120 69 15
1144 1640 120 69 juin

212 1686 361 64 1834,
453 1686 201 64 1
533 1686 241 64 p.
654 1686 281 64 1/2
814 1686 361 64 in-4.
1055 1686 201 64 6
1095 1686 161 64 »»

266 1709 216 73 Intéressante
441 1709 135 73 lettre
536 1709 81 73 où
576 1709 81 73 il
617 1709 81 73 le
657 1709 108 73 prie
725 1709 81 73 de
765 1709 162 73 soutenir
887 1709 81 73 sa
927 1709 203 73 candidature
1089 1709 68 73 à
1103 1709 149 73 Napoléon-

237 1753 139 57 Vendée,
338 1753 76 57 vu
376 1753 88 57 que
427 1753 88 57 ses
477 1753 139 57 chances
578 1753 101 57 sont
641 1753 101 57 plus
704 1753 88 57 que
755 1753 164 57 douteuses
881 1753 101 57 dans
944 1753 139 57 l’Isère
1045 1753 101 57 (qui
1108 1753 139 57 l’avait
1196 1753 63 57 élu

232 1803 92 51 en
262 1803 123 51 1831).

54 1815 187 85 29523.
185 1815 262 85 GRANDVILLE
392 1815 225 85 (J.-J.),
560 1815 112 85 le
617 1815 206 85 célèbre
767 1815 300 85 dessinateur.
1010 1815 94 85 —
1048 1815 112 85 L.
1104 1815 112 85 a.
1160 1815 112 85 s,
1198 1815 56 85 à

240 1881 235 69 l’éditeur
421 1881 109 69 Le
475 1881 253 69 Chevalier;
674 1881 127 69 (27
746 1881 163 69 sept.
855 1881 181 69 1845),
982 1881 90 69 3
1018 1881 109 69 p.
1072 1881 127 69 pl.
1126 1881 127 69 in

1135 1915 118 48 15
1175 1915 78 48 »»

271 1970 112 62 Toute
345 1970 150 62 relative
458 1970 62 62 à
483 1970 87 62 ses
520 1970 200 62 illustrations.
