1253 2076
532 21 139 68 —
588 21 139 68 3
616 21 83 68 —

8 87 186 75 29505.
138 87 241 75 CAVAIGNAC
324 87 241 75 (Eugène),
510 87 204 75 célèbre
658 87 223 75 général,
825 87 149 75 chef
918 87 111 75 du
974 87 204 75 pouvoir
1104 87 111 75 exé-

197 149 158 58 cutif
303 149 105 58 en
355 149 158 58 1848.
460 149 88 58 —
495 149 105 58 P.
548 149 105 58 a.
600 149 123 58 s.;
670 149 175 58 Alger,
793 149 105 58 19
845 149 158 58 avril
950 149 158 58 1848,
1055 149 88 58 1
1090 149 105 58 p.
1125 149 88 58 in-

163 183 312 54 4,
319 183 416 54 tête
579 183 468 54 impr.
892 183 312 54 10
996 183 208 54 »»

221 199 117 81 Ordre
299 199 78 81 du
338 199 104 81 jour
402 199 91 81 aux
454 199 168 81 habitants
584 199 78 81 de
622 199 129 81 l’Arba
713 199 104 81 pour
778 199 91 81 les
830 199 155 81 rassurer
946 199 91 81 sur
998 199 207 81 l’inquiétude
1153 199 65 81 que

191 259 98 53 leur
252 259 183 53 inspiraient
399 259 61 53 à
423 259 98 53 tort
484 259 86 53 les
521 259 110 53 Arabes.

18 280 178 73 29506.
143 280 143 73 CHAM
232 280 125 73 (A.
304 280 107 73 de
357 280 143 73 NOÉ,
447 280 161 73 dit),
554 280 107 73 le
607 280 232 73 spirituel
786 280 321 73 caricaturiste.
1053 280 89 73 —
1089 280 89 73 2
1107 280 107 73 des-

172 336 238 57 sins
321 336 149 57 à
381 336 179 57 la
470 336 298 57 plume,
678 336 149 57 1
738 336 179 57 p.
827 336 268 57 in-4.
1006 336 179 57 20
1065 336 149 57 »».

225 372 83 54 Ces
273 372 143 54 dessins,
380 372 143 54 inspirés
487 372 83 54 par
535 372 71 54 le
571 372 286 54 Vercingétorix
821 372 71 54 du
857 372 155 54 sculpteur
976 372 131 54 Millet,
1071 372 131 54 portent
1154 372 60 54 les

189 409 158 43 légendes
307 409 171 43 suivantes
439 409 66 43 :
465 409 237 43 «Vercingétorix
662 409 131 43 obligé
754 409 79 43 de
793 409 79 43 se
833 409 158 43 défendre
951 409 131 43 contre
1043 409 79 43 un
1069 409 145 43 chaudron-

190 450 105 41 nier
256 450 92 41 qui
308 450 105 41 veut
374 450 158 41 l’étamer
492 450 105 41 sous
558 450 158 41 prétexte
676 450 118 41 qu’il
755 450 92 41 est
808 450 79 41 de
847 450 105 41 même
913 450 118 41 métal
992 450 79 41 ni
1031 450 105 41 plus
1097 450 79 41 ni
1123 450 92 41 moins

194 478 88 52 que
245 478 88 52 ses
295 478 200 52 casseroles.»
458 478 63 52 —
483 478 63 52 «
508 478 88 52 Les
558 478 175 52 pâtissiers
695 478 150 52 adoptant
808 478 100 52 tous
871 478 75 52 le
908 478 213 52 Vercingétorix
1084 478 75 52 en
1109 478 100 52 cuivre

184 512 102 52 afin
248 512 77 52 de
286 512 128 52 sortir
376 512 77 52 de
414 512 89 52 ces
465 512 153 52 éternels
580 512 128 52 moules
669 512 166 52 consacrés
796 512 89 52 par
847 512 77 52 la
873 512 140 52 routine.»

7 532 201 62 29507.
148 532 261 62 CHEVALIER
349 532 261 62 (Michel),
550 532 121 62 le
610 532 221 62 célèbre
771 532 302 62 économiste,
1012 532 201 62 membre
1133 532 80 62 de

190 594 272 53 l’Institut.
408 594 91 53 —
444 594 109 53 L.
499 594 109 53 a.
553 594 109 53 s.
608 594 91 53 à
644 594 182 53 Mr...;
771 594 109 53 21
826 594 163 53 sept.
935 594 163 53 1843,
1044 594 91 53 7
1080 594 109 53 p.
1116 594 91 53 1/2

109 625 822 51 in-4.
657 625 548 51 15
840 625 365 51 »»

218 641 134 70 Lettre
311 641 80 70 du
351 641 107 70 plus
418 641 120 70 grand
498 641 147 70 intérêt
605 641 80 70 où
645 641 134 70 Michel
739 641 174 70 Chevalier
872 641 147 70 examine
979 641 120 70 quels
1059 641 134 70 seront
1139 641 67 70 les

185 685 163 75 résultats
311 685 163 75 probables
437 685 88 75 des
487 685 163 75 relations
613 685 88 75 qui
663 685 101 75 vont
726 685 101 75 être
789 685 151 75 ouvertes
902 685 101 75 avec
965 685 75 75 la
1003 685 126 75 Chine.
1078 685 126 75 Considé-

190 732 131 57 rations
286 732 96 57 fort
345 732 155 57 curieuses
465 732 60 57 à
489 732 72 57 ce
512 732 96 57 sujet.

10 751 173 78 29508.
131 751 225 78 CHODERLOS
304 751 104 78 DE
356 751 173 78 LACLOS
477 751 277 78 (P.-A.-Th.),
702 751 208 78 l’auteur
858 751 121 78 des
910 751 294 78 Liaisons

188 809 333 49 dangereuses
477 809 87 49 né
520 809 72 49 à
549 809 159 49 Amiens.
665 809 72 49 —
694 809 87 49 P.
737 809 101 49 s.,
795 809 116 49 sig.
867 809 130 49 aussi
954 809 101 49 par
998 809 202 49 Niou

183 843 270 69 Stévenot
410 843 85 69 et
453 843 256 69 Robert;
666 843 128 69 1792,
751 843 71 69 1
779 843 85 69 p.
822 843 156 69 in-fol.
935 843 227 69 Rare
1120 843 85 69 20
1148 843 57 69 »»

213 895 221 46 Procès-verbal
395 895 117 46 d’une
473 895 130 46 visite
564 895 104 46 dans
629 895 91 46 une
681 895 130 46 maison
759 895 143 46 suspecte.

8 909 195 79 29509.
144 909 371 79 CLERMONT-LODÈVE
456 909 449 79 (François-Guillaume
846 909 117 79 de
905 909 254 79 CASTELNAU
1080 909 117 79 de),

180 976 196 47 évêque
318 976 196 47 d’Agde
455 976 118 47 et
514 976 118 47 de
573 976 235 47 Valence,
749 976 275 47 archevêque
965 976 118 47 de
1004 976 196 47 Narbonne

181 1017 109 59 et
235 1017 200 59 d’Auch,
380 1017 236 59 cardinal,
562 1017 272 59 ambassadeur
780 1017 181 59 auprès
907 1017 109 59 de
961 1017 163 59 Jules
1070 1017 127 59 II,
1124 1017 73 59 un

181 1056 134 53 des
258 1056 153 53 plus
353 1056 211 53 habiles
507 1056 268 53 diplomates
718 1056 115 53 de
775 1056 134 53 son
852 1056 192 53 temps,
986 1056 115 53 m.
1044 1056 173 53 1540.
1139 1056 58 53 —

177 1090 108 57 L.
231 1090 108 57 a.
285 1090 108 57 s.
339 1090 108 57 au
394 1090 181 57 légat;
520 1090 162 57 Rome,
628 1090 108 57 20
682 1090 144 57 mai,
773 1090 90 57 1
809 1090 108 57 p.
863 1090 126 57 1/2
935 1090 217 57 in-fol.,
1080 1090 126 57 trace

171 1131 206 53 de
274 1131 378 53 cachet.
548 1131 550 53 Rare
995 1131 206 53 30
1064 1131 137 53 »»

215 1159 143 65 Superbe
319 1159 130 65 lettre
409 1159 91 65 sur
461 1159 91 65 les
513 1159 156 65 affaires
630 1159 78 65 du
669 1159 130 65 temps.
759 1159 78 65 Il
798 1159 117 65 mande
876 1159 91 65 que
928 1159 78 65 le
967 1159 117 65 vieux
1044 1159 143 65 général
1135 1159 65 65 des

179 1201 177 55 Cordeliers
318 1201 101 55 sera
381 1201 126 55 déposé
470 1201 88 55 par
520 1201 76 55 le
558 1201 101 55 Pape
621 1201 76 55 et
659 1201 88 55 que
710 1201 76 55 le
747 1201 151 55 cardinal
861 1201 76 55 de
899 1201 151 55 Volterre
1013 1201 88 55 est
1050 1201 114 55 malade.

11 1245 184 63 29510.
139 1245 184 63 CODURE
268 1245 276 63 (Philippe),
489 1245 184 63 savant
618 1245 276 63 hébraïsant,
838 1245 221 63 ministre
985 1245 221 63 protestant

180 1288 94 49 à
218 1288 189 49 Nîmes,
350 1288 132 49 qui
425 1288 113 49 se
482 1288 245 49 convertit
671 1288 113 49 au
727 1288 321 49 catholicisme,
991 1288 113 49 né
1048 1288 94 49 à
1067 1288 132 49 Anno-

185 1336 145 49 nay.
275 1336 91 49 —
312 1336 109 49 L.
366 1336 109 49 a.
420 1336 109 49 s.
475 1336 91 49 à
511 1336 181 49 Samuel
638 1336 181 49 Petit;
764 1336 181 49 Paris,
891 1336 109 49 31
945 1336 163 49 janv.
1054 1336 163 49 1642,
1145 1336 54 49 1

166 1363 200 65 p.
266 1363 300 65 in-4.
465 1363 366 65 Légères
732 1363 366 65 taches.
998 1363 200 65 10
1065 1363 133 65 »»

11 1398 204 79 29511.
153 1398 184 79 CONDÉ
276 1398 306 79 (Marie-Anne
521 1398 122 79 de
582 1398 367 79 BOURBON-CONTI,
888 1398 265 79 princesse
1072 1398 122 79 de),

180 1457 184 62 femme
302 1457 123 62 du
364 1457 143 62 duc
445 1457 123 62 de
507 1457 245 62 Bourbon,
691 1457 245 62 ministre
875 1457 123 62 de
936 1457 184 62 Louis
1059 1457 143 62 XV,
1120 1457 82 62 m.

178 1505 164 53 1720.
287 1505 91 53 —
323 1505 109 53 L.
378 1505 109 53 a.
433 1505 127 53 s.;
505 1505 182 53 Paris,
633 1505 109 53 15
687 1505 182 53 avril,
815 1505 127 53 3/4
888 1505 109 53 de
942 1505 109 53 p.
997 1505 164 53 in-4.
1088 1505 109 53 10»»

11 1544 183 53 29512.
139 1544 238 53 CONDORCET
322 1544 128 53 (le
395 1544 201 53 marquis
541 1544 146 53 de),
632 1544 219 53 illustre
797 1544 183 53 savant
925 1544 110 53 et
961 1544 238 53 convention-

176 1589 152 64 nel,
271 1589 114 64 de
328 1589 209 64 l’Acad.
479 1589 133 64 fr.
555 1589 95 64 —
593 1589 114 64 L.
650 1589 152 64 aut.
745 1589 95 64 à
783 1589 247 64 VOLTAIRE;
953 1589 247 64 (Ribemont),

171 1634 108 48 20
225 1634 253 48 septembre,
424 1634 90 48 3
460 1634 108 48 p.
514 1634 163 48 in-8.
623 1634 181 48 Légère
749 1634 235 48 déchirure
930 1634 127 48 par
1002 1634 108 48 la
1038 1634 163 48 rupture

138 1673 375 49 du
325 1673 688 49 cachet.
825 1673 375 49 25
950 1673 250 49 »»

209 1691 195 61 Intéressante
367 1691 122 61 épître
453 1691 85 61 sur
501 1691 85 61 une
550 1691 122 61 lettre
635 1691 110 61 qu’on
709 1691 122 61 impute
794 1691 61 61 à
818 1691 158 61 Voltaire.
940 1691 134 61 «Adieu,
1038 1691 85 61 mon
1074 1691 122 61 illustre

175 1735 151 50 maître.
285 1735 124 50 Vivez
368 1735 151 50 heureux
478 1735 82 50 et
519 1735 137 50 dormez
615 1735 137 50 malgré
711 1735 96 50 les
766 1735 192 50 calomnies.
917 1735 96 50 Que
972 1735 96 50 ces
1027 1735 165 50 monstres
1137 1735 55 50 ne

174 1777 139 49 nuisent
276 1777 89 49 pas
326 1777 101 49 plus
390 1777 63 49 à
415 1777 114 49 votre
491 1777 114 49 repos
567 1777 127 49 qu’ils
656 1777 114 49 n’ont
732 1777 89 49 nui
783 1777 63 49 à
808 1777 114 49 votre
871 1777 127 49 gloire.»

11 1804 180 49 29513.
137 1804 162 49 COROT
245 1804 252 49 (Camille),
443 1804 198 49 célèbre
587 1804 198 49 peintre
731 1804 108 49 de
785 1804 234 49 paysages.
965 1804 90 49 —
1001 1804 108 49 L.
1055 1804 108 49 a.
1109 1804 108 49 s.
1145 1804 54 49 à

172 1856 114 48 M.
229 1856 114 48 de
286 1856 322 48 Chennevières:
551 1856 341 48 Ville-d'Avray,
835 1856 114 48 22
892 1856 152 48 juin
987 1856 170 48 1857,
1100 1856 95 48 1
1119 1856 76 48 p.

173 1896 181 41 in-8,
294 1896 242 41 adresse.
475 1896 262 41 (Colt.
676 1896 242 41 Benjamin
858 1896 322 41 Fillon)
1099 1896 101 41 6»»

206 1932 76 47 Il
244 1932 76 47 le
282 1932 101 47 prie
346 1932 76 47 de
384 1932 114 47 faire
460 1932 139 47 pencher
561 1932 177 47 légèrement
701 1932 89 47 les
751 1932 152 47 tableaux
865 1932 139 47 exposés
967 1932 76 47 au
1005 1932 127 47 salon.
1094 1932 89 47 «On
1132 1932 63 47 les

175 1967 133 55 trouve
268 1967 213 55 généralement
441 1967 106 55 trop
494 1967 133 55 droits.»
