5866 9087
1256 1794 4976 2021 Nous mettons toujours le même scrupule à ne nous
1097 1990 4979 2225 présenter devant le public que lorsque nous avons à lui
1096 2200 4984 2434 offrir des pièces dignes de son attention. Pour être moins
1101 2392 4988 2629 nombreuse que celle dont nous avons fait la vente le
1100 2590 4995 2820 6 février dernier, la Collection dont nous publions au¬
1112 2788 4992 3023 jourd’hui le catalogue n’en est pas moins remplie de
1109 2986 4987 3217 noms illustres, de documents historiques et littéraires,
1104 3184 5001 3422 de curiosités qui méritent place dans le cabinet des vrais
1112 3445 2003 3579 connaisseurs.
1275 3580 4989 3819 On remarquera entre toutes les pièces qui la com-
1117 3879 1649 4021 posent:
1279 3982 4991 4205 Parmi les rois et reines de France, princes et prin¬
1118 4176 4994 4395 cesses: Louis XI, François Ier, Henri III, Henri IV,
1117 4372 5010 4591 Louis XIII, Louis XIV, Louis XV, Louis XVI, Louis XVIII
1125 4568 5009 4801 et Charles X; Loyse de Savoie; les reines Catherine et
1128 4770 5012 5007 Marie de Médicis, Marguerite de Valois et Marie Antoi¬
1131 4984 4030 5201 nette; l’Empereur Napoléon et sa famille.
1296 5190 3781 5399 Louis-Philippe Ier, roi des Français.
1312 5366 5028 5594 Parmi les souverains et princes étrangers, on distin¬
1135 5560 5019 5797 gue: l’empereur Charles-Quint, François II d’Autriche,
1136 5760 5030 5995 Charles Ier et Jacques II d’Angleterre; Henriette Marie de
1133 5956 5020 6187 France et Caroline de Brunswick, reines d’Angleterre;
1137 6158 5029 6389 Alexandre de Médicis et René d’Anjou (dit le Bon Roi);
1306 6354 5036 6585 Dans le clergé orthodoxe et hétérodoxe: les papes
1141 6550 5017 6771 Jean XXIII, Jules II et Pie VII; les cardinaux de Bel¬
1154 6750 5030 6967 larmin, de Bérulle, Lavalette, Pacca et Fesch, Bossuet,
1155 6963 4006 7179 le P. Joseph, l’abbé Lamennais et Calvin;
1325 7146 5033 7371 Parmi les ministres, hommes d’État, orateurs, guer¬
