5866 9016
2633 576 3280 708 —13—
1027 806 4853 957 83. <b>COLBERT</b> (Jean-Baptiste), ministre de Louis XIV,
1485 963 4853 1107 membre de l'Académie française. N. 1619. M. 1683.
1456 1113 4883 1237 L. aut. sig. à M. Le Bret. De Sceaux, 12 octobre 1681. demi-
1326 1239 1856 1350 page in 4.
1434 1349 4878 1461 Il lui donne ordre de vérifier les bois qui appartiennent au duc de Mor¬
1324 1449 3136 1561 temart, en Limousin et en Poitou, etc.
1033 1600 4855 1751 84. <b>COLIGNY</b> (Gaspard de), seign. de Chastillon, l’amiral.
2875 1754 4865 1877 N. 1517. M. assassiné en 1572.
1467 1903 4867 2029 Précieuse lettre adressée au comte de Reingeau, datée de Caen,
1352 2023 3577 2142 16 mars 1562. 1 page in-folio avec cachet.
1428 2141 4876 2271 On y remarque le passage suivant, écrit entièrement de la main de l’ami¬
1336 2237 4878 2353 ral, et signé (le commencement de la lettre étant d’un secrétaire). « Il me
1330 2339 4876 2451 « samble que vous ne scauries mieulx faire que de vous acheminer à Or¬
1329 2439 4884 2551 « leans, ou iespere que iaure le moien de vous veoir, et ce pendant asseures
1333 2537 4873 2647 « vous quil ne tiendra point en moy que nous nayons une paix, mais si on
1333 2635 4883 2763 « la peult faire aveques les articles que iay veus, l’on ne peut esperer que
1331 2733 4883 2849 « plus grans troubles en ce royaulme que jamais; car c’est trop grand pitie
1330 2833 4881 2945 « que de limiter ainssy certains lieux pour servir a Dieu, comme sil ne le
1336 2933 2969 3019 « vouloit estre eu tous endroicts. »
1042 3074 4878 3237 85. <b>CONCINI</b>, dit le maréchal d'<i>Ancre</i>, assassiné par
1494 3233 3596 3374 ordre du roi Louis XIII, en 1617.
1465 3381 4882 3505 Sa sig., 2 grandes lig. et le compliment aut. au bas d’une lettre,
1335 3501 4881 3627 à M. l’évêque de Luçon. (Richelieu.) Du Pont de Larche, 13 mars
1355 3623 3345 3741 1617. Sujet militaire. 1 page in-folio.
1044 3754 4875 3927 86. <b>CONDÉ</b> (Louis II do Bourbon, prince de), dil le <i>Grand</i>.
3674 3938 4874 4059 N. 1621. M. 1686.
1474 4063 4882 4205 L. aut. sig.. à M. de Pompone. ministre secrétaire d’État. De
1353 4205 3730 4326 Nancy, 6 février 1673. 2 grandes pages in-4.
1447 4319 4891 4433 Il lui donne avis qu’un secrétaire de l’ambassadeur d’Espagne, qui s’est
1343 4419 4887 4531 sauvé d’auprès de son maître, vient en France pour dire au roi des choses
1351 4519 4873 4643 importantes; il a vu cet homme à son passage et l’a beaucoup entretenu;
1355 4615 4883 4731 mais il y a des articles dont cet homme n’a pas voulu parler, disant qu’il
1356 4717 4885 4847 ne peut les dire qu’au roi. Il lui a donné de quoi continuer sa route jusqu’à
1352 4813 4878 4947 Paris, où il ne doit pas tarder à arriver. Cet homme, qui est Napolitain,
1354 4913 4888 5039 lui a conté fort naturellement les raisons qui l’ont obligé à sortir de Na¬
1344 5011 4892 5125 ples, entre autres, qu’il a mis dans un four une fille dont il n’était pas con¬
1355 5109 4892 5225 tent, et l’a fait brûler de peur qu’on ne trouvât son corps s’il l'eût fait
1351 5211 4891 5325 mourir d’une autre mort.... Il doit juger par là que c’est un méchant
1353 5311 4889 5437 homme, qu’on ne doit pas laisser approcher du roi, mais que, s’il a de
1353 5409 4883 5523 bons avis a donner, on peut les tirer de lui, et lui faire dire tout ce qu’il
1351 5509 2003 5602 sait, etc., etc.
1060 5660 4890 5815 87. <b>CONTI</b> (Armand de Bourbon, prince de), frère du grand
1518 5815 4884 5965 Condé, général des armées françaises en Catalogne,
1517 5971 4884 6111 gouverneur de la Guienne, etc. N. 1629. M. 1666.
1489 6115 4399 6242 L. aut. sig.. à M. de Chavigny. Paris, 2 novembre 1648.
1457 6233 4897 6349 Il le complimente sur sa sortie de prison. « .... Comme je prends plus de
1355 6337 4903 6453 « part que personne du monde à toutes les choses qui vous touchent, aussy
1356 6435 4203 6545 « personne n’a plus de ioye que moy de vostre liberté, etc. »
1066 6580 4904 6739 88. <b>COURT DE GEBELIN</b> (Antoine), écrivain et archéo¬
1538 6741 4896 6881 logue. N. 1725. M. 1784.
1499 6885 4894 7015 L. aut. sig., à M. Maret, secrétaire perpétuel de l’Académie de
1381 7007 3843 7133 Dijon. Du 19 sept. 1782.2 grandes pages in-4.
1469 7125 4071 7221 Détails intéressants relatifs aux travaux de l’Académie.
