5866 9016
2720 621 3305 740 —7—
1087 826 4844 1005 39. <b>BONAPARTE</b> (Louis), ex-roi de Hollande. N. 1778.
1520 977 4925 1135 L. aut. sig. au maréchal Berthier, ministre de la guerre. Paris,
1408 1115 3545 1250 13 messidor an XII. 2 grandes pages in-4.
1503 1213 4940 1355 Recommandation pleine d’intérêt en faveur de M. Lachasse Vérigny, aide
1398 1311 4935 1460 de camp du général Moreau et ancien officier de l’armée d’Italie, très-connu
1401 1449 2290 1560 de l’empereur, etc.
1107 1609 4936 1783 40. <b>BONAPARTE</b> (Hortense Beauharnais), reine de Hol¬
1559 1761 4928 1912 lande. N. 1783. M. 1837.
1532 1907 4943 2063 L. aut. sig. à son frère, le prince Lucien. Augsbourg, 16 fé¬
1418 2037 4519 2186 vrier 1823. Jolie lettre d'une page in-8, avec encadrement.
1503 2147 4944 2289 Elle le complimente sur l’heureux accouchement de sa femme... « Cer¬
1408 2242 4949 2390 « tainement, dit elle, elle ne veut pas laisser périr le nom, et s’en trouve le
1405 2343 4944 2490 « plus ferme soutien.... Malgré le froid, nous nous portons bien ici; Louis
1406 2440 4949 2590 « travaille bien, et voilà ma plus douce occupation que de m’occuper de
1405 2583 1916 2682 « lui, etc. »
1111 2738 4952 2923 41. <b>BONAPARTE</b> (dit le prince Louis), fils de Louis et
1557 2901 4308 3067 d’Hortense, prisonnier au château de Ham.
1540 3037 4951 3197 Trois lettres ou billets aut. sig. de son paraphe, à M. Lombard;
1416 3192 2699 3316 ensemble, 5 pages in-8.
1521 3272 4954 3433 Dans la lettre du 5 octobre 1839, il lui dit qu’autant qu’il aime à donner
1414 3370 4957 3520 des éloges à M. Ch. Durand quand il se livre a son talent, autant il croit de
1417 3468 4954 3620 son devoir de lui exprimer sa désapprobation quand il lit dans un journal
1418 3570 4961 3716 auquel il s’intéresse des articles aussi inconvenants que celui qui y était
1419 3668 4962 3812 inséré dans le n° du 2 octobre.... « Comment <i>le Capitole</i>, qui se fait l’or¬
1416 3766 4963 3918 « gane du napoléonisme et du système impérial, va-t-il prêcher le système
1417 3864 4964 4016 « des cochons à l’engrais!.... Comment souffre-t-il un article qui traîne le
1418 3964 4963 4132 « journal dans celte ornière des partisans de la constitution anglaise, dont
1421 4066 4960 4222 «le grand principe est cette guerre de synonymes LE ROI RÈGNE ET NE
1428 4160 4961 4310 « GOUVERNE PAS. Enfin, comment un journal qui se dit napoléoniste va-t-il
1421 4262 4964 4412 « dire que l’armée sert plutôt à opprimer le peuple en temps de paix qu’à le
1426 4385 3553 4510 « défendre en temps de guerre!.... etc., etc. »
1138 4567 4344 4739 42. <b>BONAPARTE</b> (Jérôme), roi de Westphalie.
1570 4708 4967 4864 L. aut. sig. à son frère, le prince Lucien. Trieste, 19 août 1814.
1447 4863 2458 4990 1 grande page in-4.
1536 4944 4974 5105 Il lui fait part de son désir d’aller s’établir à Rome. Le prince de Metter¬
1432 5044 4974 5194 nich lui écrit que l'Empereur d’Autriche a fait demander ses passe-ports au
1435 5142 4976 5298 saint-père « Je dois croire que cela est, mais je préfère que vous les deman¬
1424 5242 4977 5388 « diez directement vous-même au pape et me les envoyiez.... J’espère, mon
1431 5338 4980 5490 « cher Lucien, que vous éprouverez quelque plaisir à me revoir après tant
1436 5438 4981 5590 « d’années de séparation; quant à moi, cette idée me fait oublier mes mal¬
1435 5575 2094 5676 « heurs, etc. »
1141 5732 4982 5919 43. <b>BONAPARTE</b> (Catherine de Wurtemberg), ex-reine
1596 5886 4976 6066 de Westphalie, femme de Jérôme. N. 1783.
1574 6040 4991 6195 L. aut. sig. à son frère, le prince Lucien Bonaparte. De Sche¬
1451 6180 3667 6320 neau, 25 janvier 1818, 2 pages petit in-4.
1563 6274 4988 6423 « .... Vous ne doutés pas , mon cher frère, de la satisfaction que nous
1450 6372 4987 6524 « éprouverions d’être réunis; il n’est pas douteux que le meilleur seroit aux
1443 6472 4986 6622 « États-Unis. Dites à ma belle-sœur que je serois heureuse de faire sa con¬
1446 6568 4989 6736 « naissance ainsi que celle de vos enfants; quant à vous, mon cher frère,
1441 6668 4988 6818 « Jérome m’entretien si souvent de l’amitié qu’il vous porte, que j’envisage
1444 6789 3957 6914 « cette réunion comme un véritable bonheur, etc ... »
1152 6946 4989 7157 44. <b>BONAPARTE</b> (Élisa), grande-duchesse de Toscane,
1612 7116 4981 7304 sœur de Napoléon. N. 1777. M. 1820.
