5866 9000
2683 572 3302 670 — IV —
1079 771 4887 933 riers et célébrités diverses: Sully, les cardinaux de Ri¬
1077 967 4891 1135 chelieu, Mazarin et Dubois, Colbert, le prince de Tal¬
1087 1163 4885 1327 leyrand; Pitt et Fox; Coligny, La Noue, dit Bras de Fer,
1075 1355 4893 1523 Guise le Balafré, le grand Mayenne, Turenne, le grand
1081 1551 4895 1717 Condé, Fabert et le maréchal de Saxe; puis Galéas Sforza
1077 1747 4887 1911 et Catherine Sforza, Juan de Mauriquez, César Borgia,
1075 1941 4895 2111 Alphonse d’Est, duc de Ferrare, le duc d’Albe, le comte
1079 2137 4893 2303 de Horn et Nelson; mesdames de la Fayette, de l’Espi¬
1081 2333 4899 2499 nasse, de Montpensier et de Simiane. La princesse des
1081 2527 3649 2693 Ursins et la marquise de Pompadour;
1245 2723 4893 2869 Parmi les littérateurs, les savants, etc.: J. Racine, La
1077 2919 4899 3085 Fontaine, Boileau Despréaux, J.-J. Rousseau, Voltaire
1083 3111 4891 3269 et Crébillon; Piron, Grimm, Diderot, Saint-Évremond,
1081 3307 4899 3473 M.-J. Chénier, Parny et Walter Scott: De Thou
1085 3501 4895 3667 l’historien, Guichardin, Luigi Pulci, Philelphe, Goethe,
1083 3697 4905 3863 Kant, Niebuhr, Scarpa et Spalanzani; G. Cuvier et
1085 3893 4907 4057 H. Davy; Euler, Berzélius, Franklin, Jenner, Pallas et
1077 4089 4899 4253 Wil. Herschel; Rubens, Mignard, Canova, et Joseph,
1083 4287 2661 4407 Carie et Horace Vernet.
1255 4475 4909 4641 Cette Collection est surtout remarquable par l’intérêt
1087 4665 3395 4831 et la belle conservation des pièces.
3975 5073 4521 5177 CHARON.
1333 5409 2493 5525 Paris, 25 mars 1845.
