5866 9075
2668 667 3279 787 —9—
1362 882 4894 994 d'un nomme Huard, qui est au moment d'être poursuivi comme déser
1374 992 2680 1097 teur, etc. Détails à ce sujet.
1070 1158 4942 1301 51. <b>BOUILLON</b> (Emm.-Théod. de la Tour-d’Auvergne,
1530 1312 4948 1463 cardinal de), grand aumônier de France et ambassa¬
1542 1464 4942 1587 deur à Rome. N. 1644. M. 1715.
1510 1614 4954 1741 L. aut. sig. à M. le prince de Turenne. De Tournus, le 8 juin
1392 1742 4768 1860 1683. Lettre d’amitié très-affectueuse. 1 belle page in-4. Cachet.
1073 1926 4663 2072 52. <b>BREWSTER</b> (David), célèbre physicien écossais.
1507 2076 4953 2207 L. aut. sig. (en anglais), à M. Biot, de l’Institut. Édimbourg,
1399 2206 2997 2323 13 juillet, 1815, 2 pages in-4.
1481 2316 4951 2409 Relative à son admission comme membre associé de l’Institut de France.
1085 2518 4957 2663 53. <b>BRILLAT-SAVARIN</b>, député aux états généraux, con¬
1535 2660 4957 2813 seiller à la Cour de cassation et auteur de la <i>Physio¬</i>
1547 2822 4945 3003 <i>logie du goût</i>. N. 1755. M. 1826.
1517 2974 4653 3098 L. aut. sig. à M. Dumolin. Paris, 28 juillet. 3 pages in-4.
1489 3090 4959 3215 Il vient de la cour, et lui donne les nouvelles qu'il en a apprises relative¬
1388 3192 4957 3305 ment au concile et à la question des institutions canoniques des évêques
1390 3288 4960 3403 et des cardinaux, que l’on doit soumettre au pape. Il lui parle du départ
1390 3386 4960 3515 d'une armée de quarante mille hommes pour Naples, commandée par le
1390 3496 4560 3602 maréchal Pérignon, et d’autres détails politiques fort intéressants.
1094 3668 4968 3813 54. <b>BRUNSWICK-LUNEBOURG</b> ( Charles-Guillaume-
1564 3818 4958 3963 Ferdinand, duc de). N. 1735, tué en 1806.
1534 3968 4972 4101 L. aut. sig. (en allemand), à Son Altesse le prince.... Datée de
1404 4100 4000 4218 Breslau, le 27 décembre 1801. 1 belle page in-4.
1102 4284 4980 4435 55. <b>CABANIS</b> (Jean-Pierre-George), médecin, philosophe
1565 4442 4968 4559 et littérateur. N. 1737. M. 1808.
1535 4590 4973 4713 L. aut. sig. au citoyen Lucien Bonaparte. Auteuil, 17 floréal
1415 4716 3227 4831 an XI. 1 page in-4, avec vignette.
1507 4830 4983 4941 Il lui envoie pour son discours quelques notes sur Condorcet, et lui ga¬
1407 4930 4983 5041 rantit l’exactitude des faits. Les jugements portés sur les ouvrages de cet
1397 5030 3589 5142 homme célèbre lui ont paru raisonnables, etc.
1109 5198 4985 5349 56. <b>CALVIN</b> (Jean), célèbre réformateur. N. 1509. M. 1564.
1545 5352 4985 5477 L. aut. sig. en latin à.... Décembre 1557, une demi-page petit in-
1409 5472 3267 5591 folio, d’une parfaite conservation.
1513 5594 4999 5715 La personne qu’il lui envoie n’a pas besoin de recommandation. Depuis
1419 5692 4993 5803 longtemps elle lui est connue et lui a donné des preuves de sa modestie et
1414 5790 4987 5903 de sa piété.... S’il a hésité longtemps à lui confier l’emploi qu’elle remplit,
1412 5892 4992 6019 c’est qu'il attendait la voix intérieure de l'Esprit-Saint, qui doit régler et di¬
1414 5992 4994 6111 riger toutes ses actions...., « Elle a parlé, et j’ai agi.... Nous marchons tou¬
1416 6073 4999 6205 « jours au but désiré; l’Écriture dit : QUE CEUX-LA SEULS RÈGNENT QUI EN
1414 6194 5000 6305 « SONT DIGNES (Isaïe). Nous comptons aujourd’hui parmi nos disciples des
1416 6294 4996 6405 « personnes du plus haut rang et des savants du premier mérite; que Dieu
1420 6392 3646 6500 « en soit béni, etc. » On y a joint la traduction.
1126 6550 4998 6699 57. <b>CAMPAN</b> (Jeanne Genet, dame), directrice de la mai¬
1586 6682 4998 6853 son impériale d’Écouen. N. 1752. M. 1822.
1560 6848 5002 6981 L. aut. sig. à M. Boin de l’Institut. Écouen, 5 novembre 1808.
1434 6982 2128 7094 3 pages in-4.
1523 7100 5018 7217 Relative à l’envoi par le Jardin des Plantes de diverses plantes et arbustes
1427 7202 5009 7305 pouvant servir à l'éducation de ses élèves, en leur faisant connaître les
1433 7302 4011 7408 noms, les qualités et la propriété de ces arbustes, etc.
