5866 8958
1975 987 3921 1119 ORDRE DES VACATIONS.
1211 1701 4681 1831 Première Vacation. . . — Mercredi 14 mai 1845.
3121 1905 4045 2023 Du n° 1 à 94.
1215 2121 4053 2243 Deuxième Vacation. . . — Jeudi 15 mai.
3123 2317 4247 2435 Du n° 95 à 190.
1217 2533 4307 2657 Troisième Vacation. . . — Vendredi 16 mai.
3147 2735 4323 2853 Du n° 191 à 283.
1223 2951 4233 3113 Quatrième Vacation. . — Samedi 17 mai.
3119 3140 4309 3280 Du n° 284 à 378.
1191 3833 4851 3967 Il y aura chaque jour de vente, d’une heure à trois, exposition
1063 3987 3243 4121 des pièces qui seront vendues le soir.
1189 4235 4855 4371 On aura huit jours pour la vérification des pièces; passé ce délai,
1059 4391 3135 4497 aucune réclamation ne sera admise.
1191 4639 4851 4771 Les acquéreurs paieront 5 p. 100 en sus du prix d’adjudication
1059 4799 2273 4931 applicables aux frais.
1195 5483 4853 5617 M. CHARON, chargé de la vente, recevra les commissions qui lui
1065 5639 4857 5775 seront adressées. (<i>Les lettres doivent être adressées franc de port</i>.)
1186 5904 4802 5954 N. B. <i>Les vacations commenceront à</i> 7 HEURES TRÈS-PRÉCISES.
1621 7205 4301 7301 DE L'IMPRIMERIE DE CRAPELET, RUE DE VAUGIRARD, N° 9.
