1736.2204724409448 2725.984251968504
742.9133858267717 283.46456692913387 145.2755905511811 96.85039370078741 —
800.7874015748032 283.46456692913387 173.6220472440945 96.85039370078741 95
858.6614173228346 283.46456692913387 87.4015748031496 96.85039370078741 —

551.5748031496063 402.755905511811 367.3228346456693 87.4015748031496 CASSAGNE
797.2440944881889 402.755905511811 336.61417322834643 87.4015748031496 (Armand),

667.3228346456693 494.88188976377955 105.11811023622047 57.874015748031496 Né
720.4724409448819 494.88188976377955 105.11811023622047 57.874015748031496 au
772.4409448818898 494.88188976377955 174.8031496062992 57.874015748031496 Landin
877.5590551181102 494.88188976377955 157.08661417322836 57.874015748031496 (Eure).

530.3149606299213 548.0314960629921 210.23622047244095 64.96062992125984 Médailles
692.1259842519685 548.0314960629921 210.23622047244095 64.96062992125984 d’argent,
853.9370078740158 548.0314960629921 161.81102362204723 64.96062992125984 Rouen,
950.7874015748032 548.0314960629921 225.59055118110237 64.96062992125984 Montpellier.

650.7874015748032 598.8188976377953 120.4724409448819 69.68503937007874 Rue
720.4724409448819 598.8188976377953 102.75590551181102 69.68503937007874 du
771.2598425196851 598.8188976377953 137.00787401574803 69.68503937007874 Bac,
857.4803149606299 598.8188976377953 120.4724409448819 69.68503937007874 12,
909.4488188976378 598.8188976377953 137.00787401574803 69.68503937007874 Paris.

333.07086614173227 653.1496062992126 168.89763779527559 81.49606299212599 417.
439.37007874015745 653.1496062992126 190.15748031496062 81.49606299212599 Sites
565.7480314960629 653.1496062992126 338.9763779527559 81.49606299212599 pittoresques
840.9448818897638 653.1496062992126 127.55905511811024 81.49606299212599 de
904.7244094488188 653.1496062992126 127.55905511811024 81.49606299212599 la
968.503937007874 653.1496062992126 190.15748031496062 81.49606299212599 forêt
1094.8818897637796 653.1496062992126 127.55905511811024 81.49606299212599 de
1137.4015748031495 653.1496062992126 232.6771653543307 81.49606299212599 Fontaine

498.4251968503937 716.9291338582677 197.24409448818898 68.50393700787401 bleau.
616.5354330708661 716.9291338582677 295.2755905511811 68.50393700787401 (Aquarelles.)

331.8897637795276 773.6220472440945 168.89763779527559 89.76377952755905 418.
438.18897637795277 773.6220472440945 127.55905511811024 89.76377952755905 La
500.78740157480314 773.6220472440945 190.15748031496062 89.76377952755905 forêt
628.3464566929134 773.6220472440945 147.63779527559055 89.76377952755905 des
713.3858267716536 773.6220472440945 232.6771653543307 89.76377952755905 Sapins,
882.2834645669292 773.6220472440945 190.15748031496062 89.76377952755905 effet
1008.6614173228346 773.6220472440945 127.55905511811024 89.76377952755905 du
1072.4409448818897 773.6220472440945 211.41732283464566 89.76377952755905 matin.
1200.0 773.6220472440945 168.89763779527559 89.76377952755905 (Aqua

475.98425196850394 824.4094488188977 173.6220472440945 62.59842519685039 relle.)

331.8897637795276 871.6535433070866 170.07874015748033 86.22047244094489 419.
438.18897637795277 871.6535433070866 148.8188976377953 86.22047244094489 Les
523.2283464566929 871.6535433070866 212.5984251968504 86.22047244094489 Chênes
672.0472440944882 871.6535433070866 127.55905511811024 86.22047244094489 du
735.8267716535433 871.6535433070866 170.07874015748033 86.22047244094489 bois
842.1259842519685 871.6535433070866 127.55905511811024 86.22047244094489 de
904.7244094488188 871.6535433070866 255.11811023622047 86.22047244094489 Boulogne
1074.8031496062993 871.6535433070866 297.6377952755906 86.22047244094489 (Aquarelle.)

942.5196850393701 947.2440944881889 159.4488188976378 92.1259842519685 (Voir
1061.8110236220473 947.2440944881889 66.14173228346456 92.1259842519685 à
1088.976377952756 947.2440944881889 80.31496062992126 92.1259842519685 la
1114.9606299212599 947.2440944881889 212.5984251968504 92.1259842519685 peinture)

493.7007874015748 1100.7874015748032 455.90551181102364 108.66141732283465 CHARPENTIER
827.9527559055118 1100.7874015748032 364.96062992125985 108.66141732283465 (Édouard),

499.6062992125984 1197.6377952755906 92.1259842519685 66.14173228346456 Né
545.6692913385826 1197.6377952755906 76.77165354330708 66.14173228346456 à
576.3779527559055 1197.6377952755906 153.54330708661416 66.14173228346456 Rouen,
683.8582677165355 1197.6377952755906 184.251968503937 66.14173228346456 élève
822.0472440944882 1197.6377952755906 92.1259842519685 66.14173228346456 de
869.2913385826772 1197.6377952755906 92.1259842519685 66.14173228346456 M.
915.3543307086615 1197.6377952755906 168.89763779527559 66.14173228346456 Gustave
1022.8346456692914 1197.6377952755906 184.251968503937 66.14173228346456 Morin

597.6377952755905 1253.1496062992126 131.10236220472441 75.59055118110236 Rue
672.0472440944882 1253.1496062992126 279.9212598425197 75.59055118110236 Pemme-d'Or,
896.4566929133858 1253.1496062992126 131.10236220472441 75.59055118110236 23,
953.1496062992126 1253.1496062992126 148.8188976377953 75.59055118110236 Rouen.

333.07086614173227 1306.2992125984251 168.89763779527559 79.13385826771653 420.
438.18897637795277 1306.2992125984251 190.15748031496062 79.13385826771653 Forêt
564.5669291338583 1306.2992125984251 190.15748031496062 79.13385826771653 verte
690.9448818897638 1306.2992125984251 231.49606299212599 79.13385826771653 (Dessin
859.8425196850394 1306.2992125984251 126.37795275590551 79.13385826771653 au
902.3622047244095 1306.2992125984251 210.23622047244095 79.13385826771653 crayon.)

333.07086614173227 1377.1653543307086 171.25984251968504 81.49606299212599 421.
440.5511811023622 1377.1653543307086 192.51968503937007 81.49606299212599 Etude
568.1102362204724 1377.1653543307086 342.5196850393701 81.49606299212599 d’intérieur.
825.5905511811023 1377.1653543307086 107.48031496062993 81.49606299212599 de.

324.8031496062992 1439.763779527559 233.85826771653544 75.59055118110236 422.
471.25984251968504 1439.763779527559 175.98425196850394 75.59055118110236 La
558.6614173228346 1439.763779527559 350.78740157480314 75.59055118110236 Veillée.
792.5196850393701 1439.763779527559 146.45669291338584 75.59055118110236 de.

452.3622047244094 1602.755905511811 334.251968503937 87.4015748031496 COURAYE
695.6692913385826 1602.755905511811 181.88976377952756 87.4015748031496 DU
786.6141732283464 1602.755905511811 243.30708661417322 87.4015748031496 PARC
908.2677165354331 1602.755905511811 334.251968503937 87.4015748031496 (Léonor),

497.244094488189 1685.4330708661416 88.58267716535433 63.77952755905512 Né
540.9448818897638 1685.4330708661416 73.22834645669292 63.77952755905512 à
570.4724409448819 1685.4330708661416 177.16535433070865 63.77952755905512 Saint-Lô
702.7559055118111 1685.4330708661416 191.33858267716536 63.77952755905512 (Manche),
850.3937007874016 1685.4330708661416 177.16535433070865 63.77952755905512 élève
982.6771653543307 1685.4330708661416 88.58267716535433 63.77952755905512 de
1026.3779527559054 1685.4330708661416 88.58267716535433 63.77952755905512 M.
1055.9055118110236 1685.4330708661416 161.81102362204723 63.77952755905512 Huet

395.6692913385827 1736.2204724409448 219.68503937007873 63.77952755905512 Médailles
564.5669291338583 1736.2204724409448 219.68503937007873 63.77952755905512 d’argent,
733.4645669291339 1736.2204724409448 152.36220472440945 63.77952755905512 Caen,
835.0393700787401 1736.2204724409448 152.36220472440945 63.77952755905512 1862;
935.4330708661417 1736.2204724409448 152.36220472440945 63.77952755905512 d’or,
1037.007874015748 1736.2204724409448 219.68503937007873 63.77952755905512 Saint-Lô,
1189.3700787401574 1736.2204724409448 118.11023622047244 63.77952755905512 1866.

525.5905511811023 1791.732283464567 105.11811023622047 69.68503937007874 Au
578.7401574803149 1791.732283464567 139.37007874015748 69.68503937007874 Tot,
666.1417322834645 1791.732283464567 192.51968503937007 69.68503937007874 commune
805.511811023622 1791.732283464567 262.20472440944883 69.68503937007874 d’Annoville
998.0314960629921 1791.732283464567 192.51968503937007 69.68503937007874 (Manche).

335.43307086614175 1848.4251968503936 192.51968503937007 86.22047244094489 423.
454.7244094488189 1848.4251968503936 264.56692913385825 86.22047244094489 Rochers
647.2440944881889 1848.4251968503936 144.09448818897638 86.22047244094489 du
719.2913385826772 1848.4251968503936 457.0866141732283 86.22047244094489 Mont-St-Michel,
1104.3307086614172 1848.4251968503936 192.51968503937007 86.22047244094489 côté
1201.1811023622047 1848.4251968503936 168.89763779527559 86.22047244094489 nord.

475.98425196850394 1909.8425196850394 229.13385826771653 66.14173228346456 (Fusain)

338.9763779527559 1953.5433070866143 175.98425196850394 82.67716535433071 424.
448.81889763779526 1953.5433070866143 263.38582677165357 82.67716535433071 Chapelle
647.2440944881889 1953.5433070866143 132.28346456692913 82.67716535433071 de
712.2047244094488 1953.5433070866143 307.0866141732283 82.67716535433071 St-Aubert,
954.3307086614174 1953.5433070866143 132.28346456692913 82.67716535433071 au
998.0314960629921 1953.5433070866143 373.2283464566929 82.67716535433071 Mont

483.07086614173227 2019.6850393700788 229.13385826771653 69.68503937007874 (Fusain.)

340.15748031496065 2076.3779527559054 165.35433070866142 81.49606299212599 425.
444.09448818897636 2076.3779527559054 227.95275590551182 81.49606299212599 Roches,
609.4488188976378 2076.3779527559054 145.2755905511811 81.49606299212599 vue
692.1259842519685 2076.3779527559054 186.61417322834646 81.49606299212599 prise
816.1417322834645 2076.3779527559054 103.93700787401575 81.49606299212599 à
857.4803149606299 2076.3779527559054 248.03149606299212 81.49606299212599 Mortain.
1022.8346456692914 2076.3779527559054 227.95275590551182 81.49606299212599 (Fusain.)
