1736.2204724409448 2725.984251968504
369.68503937007875 500.78740157480314 439.37007874015745 72.04724409448819 ARRÈTÉ
633.0708661417323 500.78740157480314 659.0551181102362 72.04724409448819 RÉGLEMENTAIRE

625.9842519685039 566.9291338582677 133.46456692913387 134.64566929133858 DU
693.3070866141733 566.9291338582677 133.46456692913387 134.64566929133858 16
759.4488188976378 566.9291338582677 244.48818897637796 134.64566929133858 JANVIER
914.1732283464567 566.9291338582677 155.90551181102362 134.64566929133858 1869.

389.76377952755905 928.3464566929134 232.6771653543307 86.22047244094489 Nous,
563.3858267716536 928.3464566929134 174.8031496062992 86.22047244094489 Maire
680.3149606299213 928.3464566929134 116.92913385826772 86.22047244094489 de
719.2913385826772 928.3464566929134 232.6771653543307 86.22047244094489 Rouen

379.13385826771656 1088.976377952756 126.37795275590551 99.21259842519684 Vu
442.9133858267717 1088.976377952756 188.9763779527559 99.21259842519684 notre
568.1102362204724 1088.976377952756 231.49606299212599 99.21259842519684 arrêté,
737.007874015748 1088.976377952756 126.37795275590551 99.21259842519684 en
799.6062992125984 1088.976377952756 167.71653543307087 99.21259842519684 date
904.7244094488188 1088.976377952756 126.37795275590551 99.21259842519684 du
967.3228346456693 1088.976377952756 105.11811023622047 99.21259842519684 4
1009.8425196850394 1088.976377952756 231.49606299212599 99.21259842519684 janvier
1156.2992125984251 1088.976377952756 210.23622047244095 99.21259842519684 courant,

334.251968503937 1169.291338582677 211.41732283464566 68.50393700787401 fixant,
487.79527559055117 1169.291338582677 114.56692913385827 68.50393700787401 au
544.488188976378 1169.291338582677 95.66929133858268 68.50393700787401 8
583.4645669291339 1169.291338582677 172.44094488188978 68.50393700787401 avril
698.0314960629921 1169.291338582677 249.21259842519686 68.50393700787401 prochain,
890.5511811023622 1169.291338582677 288.18897637795277 68.50393700787401 l’ouverture
1120.8661417322835 1169.291338582677 114.56692913385827 68.50393700787401 de
1158.6614173228347 1169.291338582677 211.41732283464566 68.50393700787401 l’Exposi-

334.251968503937 1238.976377952756 161.81102362204723 67.32283464566929 tion
435.8267716535433 1238.976377952756 284.6456692913386 67.32283464566929 municipale
659.0551181102362 1238.976377952756 141.73228346456693 67.32283464566929 des
739.3700787401575 1238.976377952756 304.7244094488189 67.32283464566929 Beaux-Arts,
983.8582677165355 1238.976377952756 161.81102362204723 67.32283464566929 pour
1084.251968503937 1238.976377952756 223.22834645669292 67.32283464566929 l’année
1227.1653543307086 1238.976377952756 141.73228346456693 67.32283464566929 1869;

381.496062992126 1296.8503937007874 116.92913385826772 88.58267716535433 Vu
439.37007874015745 1296.8503937007874 116.92913385826772 88.58267716535433 le
497.244094488189 1296.8503937007874 194.88188976377953 88.58267716535433 budget
634.2519685039371 1296.8503937007874 116.92913385826772 88.58267716535433 de
692.1259842519685 1296.8503937007874 116.92913385826772 88.58267716535433 la
750.0 1296.8503937007874 194.88188976377953 88.58267716535433 Ville,
887.007874015748 1296.8503937007874 155.90551181102362 88.58267716535433 pour
983.8582677165355 1296.8503937007874 271.65354330708664 88.58267716535433 l’exercice
1197.6377952755906 1296.8503937007874 174.8031496062992 88.58267716535433 1869,
1294.4881889763778 1296.8503937007874 77.95275590551181 88.58267716535433 et

335.43307086614175 1367.716535433071 120.4724409448819 103.93700787401575 la
395.6692913385827 1367.716535433071 320.0787401574803 103.93700787401575 délibération
655.511811023622 1367.716535433071 120.4724409448819 103.93700787401575 du
715.7480314960629 1367.716535433071 219.68503937007873 103.93700787401575 Conseil
875.1968503937007 1367.716535433071 279.9212598425197 103.93700787401575 municipal,
1094.8818897637796 1367.716535433071 120.4724409448819 103.93700787401575 du
1155.1181102362204 1367.716535433071 120.4724409448819 103.93700787401575 15
1195.275590551181 1367.716535433071 179.5275590551181 103.93700787401575 janvier

309.4488188976378 1435.0393700787401 222.04724409448818 61.41732283464567 courant;

379.13385826771656 1457.4803149606298 331.8897637795276 100.39370078740157 Considérant
644.8818897637796 1457.4803149606298 154.7244094488189 100.39370078740157 que
733.4645669291339 1457.4803149606298 132.28346456692913 100.39370078740157 le
799.6062992125984 1457.4803149606298 243.30708661417322 100.39370078740157 Conseil
976.7716535433071 1457.4803149606298 309.4488188976378 100.39370078740157 municipal,
1220.0787401574803 1457.4803149606298 154.7244094488189 100.39370078740157 par
1286.2204724409448 1457.4803149606298 88.58267716535433 100.39370078740157 sa

334.251968503937 1550.7874015748032 325.98425196850394 75.59055118110236 délibération
598.8188976377953 1550.7874015748032 122.83464566929133 75.59055118110236 du
660.2362204724409 1550.7874015748032 122.83464566929133 75.59055118110236 15
721.6535433070866 1550.7874015748032 244.48818897637796 75.59055118110236 janvier,
904.7244094488188 1550.7874015748032 101.5748031496063 75.59055118110236 a
946.0629921259842 1550.7874015748032 244.48818897637796 75.59055118110236 augmenté
1109.0551181102362 1550.7874015748032 264.56692913385825 75.59055118110236 notablement

337.79527559055117 1608.6614173228347 132.28346456692913 67.32283464566929 les
413.38582677165357 1608.6614173228347 264.56692913385825 67.32283464566929 ressources
621.2598425196851 1608.6614173228347 245.66929133858267 67.32283464566929 affectées
810.2362204724409 1608.6614173228347 94.48818897637796 67.32283464566929 à
848.0314960629921 1608.6614173228347 302.3622047244094 67.32283464566929 l’Exposition
1093.7007874015749 1608.6614173228347 264.56692913385825 67.32283464566929 municipale
1282.6771653543308 1608.6614173228347 94.48818897637796 67.32283464566929 des

337.79527559055117 1672.4409448818897 287.00787401574803 74.40944881889764 Beaux-Arts,
566.9291338582677 1672.4409448818897 114.56692913385827 74.40944881889764 et
624.8031496062993 1672.4409448818897 210.23622047244095 74.40944881889764 décidé:
778.3464566929134 1672.4409448818897 191.33858267716536 74.40944881889764 qu’une
911.8110236220473 1672.4409448818897 268.1102362204724 74.40944881889764 allocation
1122.0472440944882 1672.4409448818897 114.56692913385827 74.40944881889764 de
1179.9212598425197 1672.4409448818897 172.44094488188978 74.40944881889764 1,500
1275.5905511811025 1672.4409448818897 95.66929133858268 74.40944881889764 fr.

335.43307086614175 1732.6771653543308 199.60629921259843 75.59055118110236 serait
475.98425196850394 1732.6771653543308 239.76377952755905 75.59055118110236 accordée
655.511811023622 1732.6771653543308 100.39370078740157 75.59055118110236 à
695.6692913385826 1732.6771653543308 120.4724409448819 75.59055118110236 la
755.9055118110236 1732.6771653543308 219.68503937007873 75.59055118110236 Société
915.3543307086615 1732.6771653543308 140.5511811023622 75.59055118110236 des
995.6692913385826 1732.6771653543308 160.62992125984252 75.59055118110236 Amis
1096.0629921259842 1732.6771653543308 140.5511811023622 75.59055118110236 des
1176.3779527559054 1732.6771653543308 179.5275590551181 75.59055118110236 Arts,
1275.5905511811025 1732.6771653543308 100.39370078740157 75.59055118110236 les

337.79527559055117 1794.0944881889764 153.54330708661416 69.68503937007874 deux
433.46456692913387 1794.0944881889764 173.6220472440945 69.68503937007874 tiers
549.2125984251968 1794.0944881889764 95.66929133858268 69.68503937007874 à
587.007874015748 1794.0944881889764 173.6220472440945 69.68503937007874 titre
702.7559055118111 1794.0944881889764 230.31496062992127 69.68503937007874 purement
876.3779527559055 1794.0944881889764 230.31496062992127 69.68503937007874 gratuit,
1048.8188976377953 1794.0944881889764 115.74803149606299 69.68503937007874 le
1106.6929133858268 1794.0944881889764 211.41732283464566 69.68503937007874 dernier
1241.3385826771653 1794.0944881889764 134.64566929133858 69.68503937007874 tiers

336.61417322834643 1862.5984251968505 294.09448818897636 62.59842519685039 moyennant
562.2047244094488 1862.5984251968505 135.82677165354332 62.59842519685039 la
630.7086614173228 1862.5984251968505 226.77165354330708 62.59842519685039 remise
788.9763779527559 1862.5984251968505 180.70866141732284 62.59842519685039 d’un
902.3622047244095 1862.5984251968505 226.77165354330708 62.59842519685039 nombre
1038.1889763779527 1862.5984251968505 338.9763779527559 62.59842519685039 correspondant

336.61417322834643 1926.3779527559054 119.29133858267717 63.77952755905512 de
396.8503937007874 1926.3779527559054 218.50393700787401 63.77952755905512 billets
556.2992125984252 1926.3779527559054 119.29133858267717 63.77952755905512 de
615.3543307086615 1926.3779527559054 119.29133858267717 63.77952755905512 sa
675.5905511811023 1926.3779527559054 238.58267716535434 63.77952755905512 loterie;
855.1181102362204 1926.3779527559054 199.60629921259843 63.77952755905512 qu’une
994.488188976378 1926.3779527559054 179.5275590551181 63.77952755905512 somme
1113.7795275590552 1926.3779527559054 119.29133858267717 63.77952755905512 de
1172.8346456692914 1926.3779527559054 179.5275590551181 63.77952755905512 1,500
1273.2283464566929 1926.3779527559054 99.21259842519684 63.77952755905512 fr.

338.9763779527559 1979.5275590551182 185.43307086614172 63.77952755905512 serait
468.8976377952756 1979.5275590551182 222.04724409448818 63.77952755905512 affectée
635.4330708661417 1979.5275590551182 92.1259842519685 63.77952755905512 à
672.0472440944882 1979.5275590551182 111.02362204724409 63.77952755905512 la
727.5590551181102 1979.5275590551182 296.45669291338584 63.77952755905512 distribution
968.503937007874 1979.5275590551182 129.92125984251967 63.77952755905512 des
1042.9133858267717 1979.5275590551182 258.66141732283467 63.77952755905512 médailles,
1246.0629921259842 1979.5275590551182 111.02362204724409 63.77952755905512 et
1283.8582677165355 1979.5275590551182 92.1259842519685 63.77952755905512 en-

337.79527559055117 2042.1259842519685 175.98425196850394 81.49606299212599 fin,
448.81889763779526 2042.1259842519685 220.86614173228347 81.49606299212599 qu’une
602.3622047244095 2042.1259842519685 198.4251968503937 81.49606299212599 somme
734.6456692913385 2042.1259842519685 132.28346456692913 81.49606299212599 de
800.7874015748032 2042.1259842519685 198.4251968503937 81.49606299212599 4,500
934.2519685039371 2042.1259842519685 154.7244094488189 81.49606299212599 fr.
1021.6535433070866 2042.1259842519685 132.28346456692913 81.49606299212599 et
1087.7952755905512 2042.1259842519685 132.28346456692913 81.49606299212599 la
1153.9370078740158 2042.1259842519685 220.86614173228347 81.49606299212599 moitié
1286.2204724409448 2042.1259842519685 88.58267716535433 81.49606299212599 du
