1743.3070866141732 2770.8661417322833
682.6771653543307 310.62992125984255 135.82677165354332 76.77165354330708 —
737.007874015748 310.62992125984255 190.15748031496062 76.77165354330708 108
818.503937007874 310.62992125984255 81.49606299212599 76.77165354330708 —

383.8582677165354 422.8346456692913 334.251968503937 93.30708661417323 DELAUNEY
607.0866141732283 422.8346456692913 584.6456692913385 93.30708661417323 (Alexandre

590.5511811023622 498.4251968503937 101.5748031496063 70.86614173228347 Né
641.3385826771654 498.4251968503937 85.03937007874016 70.86614173228347 à
674.4094488188977 498.4251968503937 203.1496062992126 70.86614173228347 Gouville
810.2362204724409 498.4251968503937 186.61417322834646 70.86614173228347 (Manche).

550.3937007874016 555.1181102362204 135.82677165354332 56.69291338582677 Rue
627.1653543307086 555.1181102362204 116.92913385826772 56.69291338582677 de
686.2204724409448 555.1181102362204 194.88188976377953 56.69291338582677 Seine,
822.0472440944882 555.1181102362204 135.82677165354332 56.69291338582677 39,
879.9212598425197 555.1181102362204 155.90551181102362 56.69291338582677 Paris.

268.1102362204724 585.8267716535433 166.53543307086613 113.38582677165354 503.
373.2283464566929 585.8267716535433 146.45669291338584 113.38582677165354 Dix
455.90551181102364 585.8267716535433 166.53543307086613 113.38582677165354 vues
561.0236220472441 585.8267716535433 125.19685039370079 113.38582677165354 de
623.6220472440945 585.8267716535433 187.79527559055117 113.38582677165354 Paris
748.8188976377953 585.8267716535433 125.19685039370079 113.38582677165354 et
811.4173228346457 585.8267716535433 146.45669291338584 113.38582677165354 une
895.2755905511812 585.8267716535433 146.45669291338584 113.38582677165354 vue
977.9527559055118 585.8267716535433 125.19685039370079 113.38582677165354 de
1040.5511811023623 585.8267716535433 291.73228346456693 113.38582677165354 St-Pierre,
1249.6062992125985 585.8267716535433 62.59842519685039 113.38582677165354 à

414.56692913385825 661.4173228346457 165.35433070866142 74.40944881889764 Caen.

446.45669291338584 798.4251968503937 337.79527559055117 89.76377952755905 FRANÇOIS
672.0472440944882 798.4251968503937 450.0 89.76377952755905 (Henry

331.8897637795276 874.0157480314961 87.4015748031496 72.04724409448819 Né
375.59055118110234 874.0157480314961 73.22834645669292 72.04724409448819 à
405.11811023622045 874.0157480314961 249.21259842519686 72.04724409448819 Vers-le-Petit
609.4488188976378 874.0157480314961 292.9133858267717 72.04724409448819 (Seine-et-Oise),
858.6614173228346 874.0157480314961 175.98425196850394 72.04724409448819 élève
990.9448818897638 874.0157480314961 87.4015748031496 72.04724409448819 de
1034.6456692913387 874.0157480314961 102.75590551181102 72.04724409448819 MM.
1078.3464566929133 874.0157480314961 175.98425196850394 72.04724409448819 Bonnat

698.0314960629921 933.0708661417323 100.39370078740157 61.41732283464567 et
753.5433070866142 933.0708661417323 133.46456692913387 61.41732283464567 Chapu

510.23622047244095 964.9606299212599 192.51968503937007 73.22834645669292 Médaille
654.3307086614174 964.9606299212599 207.8740157480315 73.22834645669292 d'argent,
814.9606299212599 964.9606299212599 95.66929133858268 73.22834645669292 le
863.3858267716536 964.9606299212599 160.62992125984252 73.22834645669292 Havre,
959.0551181102362 964.9606299212599 112.20472440944881 73.22834645669292 1868.

475.98425196850394 1022.8346456692914 133.46456692913387 76.77165354330708 Rue
551.5748031496063 1022.8346456692914 133.46456692913387 76.77165354330708 des
628.3464566929134 1022.8346456692914 323.62204724409446 76.77165354330708 Trois-Frères,
895.2755905511812 1022.8346456692914 133.46456692913387 76.77165354330708 39,
951.9685039370079 1022.8346456692914 152.36220472440945 76.77165354330708 Paiis.

390.9448818897638 1079.5275590551182 223.22834645669292 86.22047244094489 «Vénus
546.8503937007874 1079.5275590551182 223.22834645669292 86.22047244094489 venant
703.9370078740158 1079.5275590551182 133.46456692913387 86.22047244094489 de
770.0787401574803 1079.5275590551182 268.1102362204724 86.22047244094489 désarmer
972.0472440944882 1079.5275590551182 268.1102362204724 86.22047244094489 l’Amour.
1150.3937007874015 1079.5275590551182 155.90551181102362 86.22047244094489 (Gra-

585.8267716535433 1144.4881889763778 160.62992125984252 76.77165354330708 vuré
686.2204724409448 1144.4881889763778 140.5511811023622 76.77165354330708 sur
766.5354330708661 1144.4881889763778 220.86614173228347 76.77165354330708 pierres
907.0866141732283 1144.4881889763778 160.62992125984252 76.77165354330708 fines)

439.37007874015745 1197.6377952755906 137.00787401574803 106.2992125984252 S.
507.87401574803147 1197.6377952755906 183.0708661417323 106.2992125984252 Exc.
621.2598425196851 1197.6377952755906 137.00787401574803 106.2992125984252 le
689.7637795275591 1197.6377952755906 159.4488188976378 106.2992125984252 duc
781.8897637795276 1197.6377952755906 137.00787401574803 106.2992125984252 de
850.3937007874016 1197.6377952755906 227.95275590551182 106.2992125984252 Morny.
1009.8425196850394 1197.6377952755906 274.01574803149606 106.2992125984252 (Gravure
1191.732283464567 1197.6377952755906 114.56692913385827 106.2992125984252 sur

584.6456692913385 1268.5039370078741 211.41732283464566 75.59055118110236 pierres
719.2913385826772 1268.5039370078741 172.44094488188978 75.59055118110236 fines.)

440.5511811023622 1320.4724409448818 133.46456692913387 79.13385826771653 Le
507.87401574803147 1320.4724409448818 243.30708661417322 79.13385826771653 Départ,
685.0393700787401 1320.4724409448818 243.30708661417322 79.13385826771653 d'après
862.2047244094488 1320.4724409448818 310.62992125984255 79.13385826771653 Gerometti.
1083.0708661417323 1320.4724409448818 222.04724409448818 79.13385826771653 (Gravure

388.5826771653543 1388.976377952756 128.74015748031496 92.1259842519685 V
440.5511811023622 1388.976377952756 180.70866141732284 92.1259842519685 sur
543.3070866141733 1388.976377952756 283.46456692913387 92.1259842519685 pierres
724.0157480314961 1388.976377952756 231.49606299212599 92.1259842519685 fines.)

537.4015748031496 1520.0787401574803 264.56692913385825 101.5748031496063 HAMEL
685.0393700787401 1520.0787401574803 323.62204724409446 101.5748031496063 (Victor),

433.46456692913387 1612.2047244094488 98.03149606299213 72.04724409448819 Né
483.07086614173227 1612.2047244094488 81.49606299212599 72.04724409448819 à
514.9606299212599 1612.2047244094488 179.5275590551181 72.04724409448819 Fécamp,
646.0629921259842 1612.2047244094488 196.06299212598427 72.04724409448819 élève
792.5196850393701 1612.2047244094488 98.03149606299213 72.04724409448819 de
840.9448818897638 1612.2047244094488 98.03149606299213 72.04724409448819 P.
874.0157480314961 1612.2047244094488 244.48818897637796 72.04724409448819 Vasselin

510.23622047244095 1671.259842519685 186.61417322834646 62.59842519685039 Mention
644.8818897637796 1671.259842519685 237.4015748031496 62.59842519685039 honcrable,
831.496062992126 1671.259842519685 168.89763779527559 62.59842519685039 Rouen,
933.0708661417323 1671.259842519685 118.11023622047244 62.59842519685039 1862.

477.1653543307087 1716.1417322834645 148.8188976377953 73.22834645669292 Quai
570.4724409448819 1716.1417322834645 129.92125984251967 73.22834645669292 des
644.8818897637796 1716.1417322834645 223.22834645669292 73.22834645669292 Pilotes,
812.5984251968504 1716.1417322834645 129.92125984251967 73.22834645669292 54,
887.007874015748 1716.1417322834645 93.30708661417323 73.22834645669292 à
905.9055118110236 1716.1417322834645 167.71653543307087 73.22834645669292 Fécamp.

253.93700787401573 1766.9291338582677 173.6220472440945 68.50393700787401 505.
361.4173228346457 1766.9291338582677 238.58267716535434 68.50393700787401 Vieille
535.0393700787401 1766.9291338582677 238.58267716535434 68.50393700787401 Fileuse
708.6614173228346 1766.9291338582677 282.2834645669291 68.50393700787401 normande.
925.9842519685039 1766.9291338582677 259.84251968503935 68.50393700787401 (Gravure
1120.8661417322835 1766.9291338582677 108.66141732283465 68.50393700787401 à
1142.1259842519685 1766.9291338582677 152.36220472440945 68.50393700787401 l’eau

424.01574803149606 1830.708661417323 147.63779527559055 76.77165354330708 forte
523.2283464566929 1830.708661417323 131.10236220472441 76.77165354330708 pour
604.7244094488188 1830.708661417323 344.88188976377955 76.77165354330708 l'Illustration
883.4645669291339 1830.708661417323 263.38582677165357 76.77165354330708 nouvelle).

253.93700787401573 1894.4881889763778 167.71653543307087 73.22834645669292 506.
359.0551181102362 1894.4881889763778 125.19685039370079 73.22834645669292 Le
421.65354330708664 1894.4881889763778 187.79527559055117 73.22834645669292 Singe
546.8503937007874 1894.4881889763778 334.251968503937 73.22834645669292 photographe.
818.503937007874 1894.4881889763778 250.39370078740157 73.22834645669292 (gravure
1006.2992125984252 1894.4881889763778 103.93700787401575 73.22834645669292 à
1027.5590551181103 1894.4881889763778 271.65354330708664 73.22834645669292 l’eau

416.92913385826773 1954.724409448819 230.31496062992127 80.31496062992126 d’après
584.6456692913385 1954.724409448819 125.19685039370079 80.31496062992126 le
647.2440944881889 1954.724409448819 230.31496062992127 80.31496062992126 tableau
814.9606299212599 1954.724409448819 125.19685039370079 80.31496062992126 de
877.5590551181102 1954.724409448819 146.45669291338584 80.31496062992126 Ph.
940.1574803149606 1954.724409448819 250.39370078740157 80.31496062992126 Rousseau.)

251.5748031496063 2009.0551181102362 173.6220472440945 112.20472440944881 507.
359.0551181102362 2009.0551181102362 259.84251968503935 112.20472440944881 Pêcheurs
555.1181102362204 2009.0551181102362 303.54330708661416 112.20472440944881 d’Etretat.
793.7007874015748 2009.0551181102362 259.84251968503935 112.20472440944881 (Gravure
988.5826771653543 2009.0551181102362 108.66141732283465 112.20472440944881 à
1009.8425196850394 2009.0551181102362 282.2834645669291 112.20472440944881 l’eau

415.748031496063 2079.9212598425197 229.13385826771653 92.1259842519685 d’après
582.2834645669292 2079.9212598425197 125.19685039370079 92.1259842519685 Le
624.8031496062993 2079.9212598425197 249.21259842519686 92.1259842519685 Poitevin.)
