1736.2204724409448 2725.984251968504
753.5433070866142 252.75590551181102 139.37007874015748 81.49606299212599 —
781.8897637795276 252.75590551181102 139.37007874015748 81.49606299212599 109

583.4645669291339 364.96062992125985 268.1102362204724 94.48818897637796 JACOTT
745.2755905511812 364.96062992125985 402.755905511811 94.48818897637796 (Jean

532.6771653543307 460.62992125984255 86.22047244094489 72.04724409448819 Né
575.1968503937007 460.62992125984255 72.04724409448819 72.04724409448819 à
604.7244094488188 460.62992125984255 115.74803149606299 72.04724409448819 Metz
676.7716535433071 460.62992125984255 201.96850393700788 72.04724409448819 (Moselle),
835.0393700787401 460.62992125984255 173.6220472440945 72.04724409448819 élève
964.9606299212599 460.62992125984255 86.22047244094489 72.04724409448819 de
994.488188976378 460.62992125984255 216.14173228346456 72.04724409448819 Maréchal

623.6220472440945 524.4094488188977 113.38582677165354 70.86614173228347 Rue
688.5826771653543 524.4094488188977 193.70078740157481 70.86614173228347 Bellini,
833.8582677165355 524.4094488188977 129.92125984251967 70.86614173228347 1er,
898.8188976377953 524.4094488188977 210.23622047244095 70.86614173228347 Passy

349.6062992125984 572.8346456692914 179.5275590551181 92.1259842519685 508.
461.81102362204723 572.8346456692914 134.64566929133858 92.1259842519685 La
529.1338582677165 572.8346456692914 246.8503937007874 92.1259842519685 Luxure,
709.8425196850394 572.8346456692914 360.23622047244095 92.1259842519685 lithographie
1001.5748031496063 572.8346456692914 246.8503937007874 92.1259842519685 d’après
1182.283464566929 572.8346456692914 134.64566929133858 92.1259842519685 A.
1227.1653543307086 572.8346456692914 157.08661417322836 92.1259842519685 Yvon,

519.6850393700787 651.9685039370079 184.251968503937 66.14173228346456 (tiré
642.5196850393701 651.9685039370079 122.83464566929133 66.14173228346456 de
703.9370078740158 651.9685039370079 225.59055118110237 66.14173228346456 l’enfer
866.9291338582677 651.9685039370079 122.83464566929133 66.14173228346456 de
908.2677165354331 651.9685039370079 184.251968503937 66.14173228346456 Dante.)

336.61417322834643 705.1181102362204 298.81889763779526 88.58267716535433 509.
523.2283464566929 705.1181102362204 523.2283464566929 88.58267716535433 L’Orgueil,
934.2519685039371 705.1181102362204 261.0236220472441 88.58267716535433 de.
1046.4566929133857 705.1181102362204 186.61417322834646 88.58267716535433 de.

581.1023622047244 980.3149606299213 412.20472440944883 96.85039370078741 JACQUEMART
875.1968503937007 980.3149606299213 294.09448818897636 96.85039370078741 (Jules),

634.2519685039371 1058.267716535433 109.84251968503936 80.31496062992126 Né
689.7637795275591 1058.267716535433 92.1259842519685 80.31496062992126 à
726.3779527559055 1058.267716535433 183.0708661417323 80.31496062992126 Paris;
855.1181102362204 1058.267716535433 146.45669291338584 80.31496062992126 hors
928.3464566929134 1058.267716535433 201.96850393700788 80.31496062992126 concours.

673.2283464566929 1126.7716535433071 111.02362204724409 64.96062992125984 Rue
735.8267716535433 1126.7716535433071 222.04724409448818 64.96062992125984 Pergolèse,
910.6299212598425 1126.7716535433071 127.55905511811024 64.96062992125984 1er,
974.4094488188977 1126.7716535433071 127.55905511811024 64.96062992125984 Paris.

367.3228346456693 1184.6456692913387 145.2755905511811 77.95275590551181 510.
458.26771653543307 1184.6456692913387 218.50393700787401 77.95275590551181 Gravures
621.2598425196851 1184.6456692913387 90.94488188976378 77.95275590551181 à
657.8740157480315 1184.6456692913387 272.8346456692913 77.95275590551181 l’eau-forte
876.3779527559055 1184.6456692913387 164.17322834645668 77.95275590551181 (pour
986.2204724409448 1184.6456692913387 236.2204724409449 77.95275590551181 l’ouvrage
1168.1102362204724 1184.6456692913387 90.94488188976378 77.95275590551181 «
1185.8267716535433 1184.6456692913387 218.50393700787401 77.95275590551181 les

533.8582677165355 1253.1496062992126 250.39370078740157 77.95275590551181 gemmes
726.3779527559055 1253.1496062992126 115.74803149606299 77.95275590551181 et
784.2519685039371 1253.1496062992126 192.51968503937007 77.95275590551181 joyaux
918.8976377952756 1253.1496062992126 115.74803149606299 77.95275590551181 de
977.9527559055118 1253.1496062992126 115.74803149606299 77.95275590551181 la
1035.8267716535433 1253.1496062992126 347.244094488189 77.95275590551181 Couronne»
1305.1181102362204 1253.1496062992126 96.85039370078741 77.95275590551181 par

530.3149606299213 1318.1102362204724 118.11023622047244 76.77165354330708 M
577.5590551181102 1318.1102362204724 235.03937007874015 76.77165354330708 Barbet
742.9133858267717 1318.1102362204724 141.73228346456693 76.77165354330708 de
788.9763779527559 1318.1102362204724 188.9763779527559 76.77165354330708 Jouy).

368.503937007874 1377.1653543307086 165.35433070866142 94.48818897637796 511.
472.4409448818898 1377.1653543307086 269.29133858267716 94.48818897637796 Portrait,
680.3149606299213 1377.1653543307086 227.95275590551182 94.48818897637796 d’après
845.6692913385826 1377.1653543307086 186.61417322834646 94.48818897637796 Franz
949.6062992125984 1377.1653543307086 124.01574803149606 94.48818897637796 Hals

603.5433070866142 1646.4566929133857 343.7007874015748 100.39370078740157 LALANNE
822.0472440944882 1646.4566929133857 343.7007874015748 100.39370078740157 (Maxime),

605.9055118110236 1743.3070866141732 87.4015748031496 62.59842519685039 Né
649.6062992125984 1743.3070866141732 73.22834645669292 62.59842519685039 à
677.9527559055118 1743.3070866141732 188.9763779527559 62.59842519685039 Bordeaux,
824.4094488188977 1743.3070866141732 174.8031496062992 62.59842519685039 élève
955.511811023622 1743.3070866141732 87.4015748031496 62.59842519685039 de
985.0393700787401 1743.3070866141732 188.9763779527559 62.59842519685039 Gigoux

413.38582677165357 1785.8267716535433 198.4251968503937 94.48818897637796 Médaille
562.2047244094488 1785.8267716535433 82.67716535433071 94.48818897637796 à
595.2755905511812 1785.8267716535433 165.35433070866142 94.48818897637796 Paris,
711.0236220472441 1785.8267716535433 148.8188976377953 94.48818897637796 1866;
810.2362204724409 1785.8267716535433 214.96062992125985 94.48818897637796 Chevalier
976.7716535433071 1785.8267716535433 115.74803149606299 94.48818897637796 des
1042.9133858267717 1785.8267716535433 165.35433070866142 94.48818897637796 ordres
1158.6614173228347 1785.8267716535433 99.21259842519684 94.48818897637796 du
1208.267716535433 1785.8267716535433 165.35433070866142 94.48818897637796 Christ
1307.4803149606298 1785.8267716535433 66.14173228346456 94.48818897637796 de

457.0866141732283 1843.7007874015749 200.78740157480314 75.59055118110236 Portugal
607.0866141732283 1843.7007874015749 100.39370078740157 75.59055118110236 et
657.8740157480315 1843.7007874015749 100.39370078740157 75.59055118110236 de
707.4803149606299 1843.7007874015749 451.18110236220474 75.59055118110236 Saint-Grégoire-le-Grand
1107.8740157480315 1843.7007874015749 100.39370078740157 75.59055118110236 de
1158.6614173228347 1843.7007874015749 150.0 75.59055118110236 Rome.
1241.3385826771653 1843.7007874015749 83.85826771653544 75.59055118110236 Ex.

624.8031496062993 1899.2125984251968 219.68503937007873 79.13385826771653 Boulevard
793.7007874015748 1899.2125984251968 252.75590551181102 79.13385826771653 Montmartre,
995.6692913385826 1899.2125984251968 101.5748031496063 79.13385826771653 5,
1029.9212598425197 1899.2125984251968 134.64566929133858 79.13385826771653 Paris.

374.40944881889766 1965.3543307086613 167.71653543307087 100.39370078740157 512.
479.5275590551181 1965.3543307086613 230.31496062992127 100.39370078740157 Animaux
647.2440944881889 1965.3543307086613 125.19685039370079 100.39370078740157 au
709.8425196850394 1965.3543307086613 272.8346456692913 100.39370078740157 pâturage.
898.8188976377953 1965.3543307086613 292.9133858267717 100.39370078740157 (Eau

1005.1181102362204 2032.6771653543308 161.81102362204723 82.67716535433071 (Voir
1125.5905511811025 2032.6771653543308 94.48818897637796 82.67716535433071 aux
1166.9291338582677 2032.6771653543308 201.96850393700788 82.67716535433071 dessins)
