1707.8740157480315 2735.433070866142
803.1496062992126 296.45669291338584 158.26771653543307 75.59055118110236 —
866.9291338582677 296.45669291338584 158.26771653543307 75.59055118110236 6
898.8188976377953 296.45669291338584 94.48818897637796 75.59055118110236 —

382.6771653543307 422.8346456692913 232.6771653543307 83.85826771653544 produit
551.5748031496063 422.8346456692913 147.63779527559055 83.85826771653544 des
636.6141732283464 422.8346456692913 211.41732283464566 83.85826771653544 droits
784.2519685039371 422.8346456692913 253.93700787401573 83.85826771653544 d’entrée
974.4094488188977 422.8346456692913 253.93700787401573 83.85826771653544 seraient
1164.5669291338584 422.8346456692913 275.1968503937008 83.85826771653544 employées
1354.724409448819 422.8346456692913 63.77952755905512 83.85826771653544 à

382.6771653543307 480.70866141732284 222.04724409448818 76.77165354330708 l’achat
543.3070866141733 480.70866141732284 120.4724409448819 76.77165354330708 de
604.7244094488188 480.70866141732284 242.1259842519685 76.77165354330708 tableaux
785.4330708661417 480.70866141732284 160.62992125984252 76.77165354330708 pour
885.8267716535433 480.70866141732284 120.4724409448819 76.77165354330708 le
927.1653543307086 480.70866141732284 160.62992125984252 76.77165354330708 Musée;

429.9212598425197 542.1259842519685 296.45669291338584 64.96062992125984 Considérant
667.3228346456693 542.1259842519685 178.3464566929134 64.96062992125984 qu’il
786.6141732283464 542.1259842519685 99.21259842519684 64.96062992125984 y
825.5905511811023 542.1259842519685 99.21259842519684 64.96062992125984 a
865.7480314960629 542.1259842519685 158.26771653543307 64.96062992125984 lieu
964.9606299212599 542.1259842519685 119.29133858267717 64.96062992125984 de
1024.015748031496 542.1259842519685 277.5590551181102 64.96062992125984 déterminer
1241.3385826771653 542.1259842519685 138.18897637795277 64.96062992125984 les
1300.3937007874015 542.1259842519685 119.29133858267717 64.96062992125984 con-

381.496062992126 608.2677165354331 219.68503937007873 59.05511811023622 ditions
540.9448818897638 608.2677165354331 300.0 59.05511811023622 d’admission
781.8897637795276 608.2677165354331 139.37007874015748 59.05511811023622 des
861.0236220472441 608.2677165354331 239.76377952755905 59.05511811023622 artistes
1040.5511811023623 608.2677165354331 120.4724409448819 59.05511811023622 et
1100.7874015748032 608.2677165354331 239.76377952755905 59.05511811023622 d’entrée
1281.4960629921259 608.2677165354331 120.4724409448819 59.05511811023622 du
1320.4724409448818 608.2677165354331 100.39370078740157 59.05511811023622 pu-

380.31496062992125 661.4173228346457 151.1811023622047 64.96062992125984 blic
474.8031496062992 661.4173228346457 94.48818897637796 64.96062992125984 à
512.5984251968504 661.4173228346457 170.07874015748033 64.96062992125984 cette
625.9842519685039 661.4173228346457 283.46456692913387 64.96062992125984 exhibition,
852.7559055118111 661.4173228346457 170.07874015748033 64.96062992125984 ainsi
967.3228346456693 661.4173228346457 132.28346456692913 64.96062992125984 que
1042.9133858267717 661.4173228346457 132.28346456692913 64.96062992125984 les
1118.5039370078741 661.4173228346457 207.8740157480315 64.96062992125984 mesures
1250.7874015748032 661.4173228346457 170.07874015748033 64.96062992125984 propres

379.13385826771656 731.1023622047244 108.66141732283465 76.77165354330708 à
421.65354330708664 731.1023622047244 108.66141732283465 76.77165354330708 y
465.3543307086614 731.1023622047244 281.1023622047244 76.77165354330708 maintenir
681.496062992126 731.1023622047244 151.1811023622047 76.77165354330708 une
768.8976377952756 731.1023622047244 216.14173228346456 76.77165354330708 exacte
920.0787401574803 731.1023622047244 346.06299212598424 76.77165354330708 surveillance
1202.3622047244094 731.1023622047244 129.92125984251967 76.77165354330708 et
1267.3228346456692 731.1023622047244 129.92125984251967 76.77165354330708 le
1309.8425196850394 731.1023622047244 108.66141732283465 76.77165354330708 bon

355.51181102362204 787.7952755905512 179.5275590551181 68.50393700787401 ordre;

467.7165354330709 927.1653543307086 268.1102362204724 100.39370078740157 AVONS
616.5354330708661 927.1653543307086 268.1102362204724 100.39370078740157 ARRÉTÉ:

777.1653543307086 1064.1732283464567 198.4251968503937 88.58267716535433 TITRE
888.1889763779527 1064.1732283464567 132.28346456692913 88.58267716535433 Ier.

582.2834645669292 1183.4645669291338 310.62992125984255 85.03937007874016 Ouverture
833.8582677165355 1183.4645669291338 116.92913385826772 85.03937007874016 de
872.8346456692914 1183.4645669291338 349.6062992125984 85.03937007874016 l’Exposition

431.1023622047244 1281.4960629921259 164.17322834645668 94.48818897637796 ART.
533.8582677165355 1281.4960629921259 164.17322834645668 94.48818897637796 1er.
636.6141732283464 1281.4960629921259 102.75590551181102 94.48818897637796 —
677.9527559055118 1281.4960629921259 124.01574803149606 94.48818897637796 La
739.3700787401575 1281.4960629921259 185.43307086614172 94.48818897637796 XXIIe
863.3858267716536 1281.4960629921259 288.18897637795277 94.48818897637796 Exposition
1088.976377952756 1281.4960629921259 246.8503937007874 94.48818897637796 d’œuvres
1254.3307086614172 1281.4960629921259 164.17322834645668 94.48818897637796 d’art,

382.6771653543307 1340.5511811023623 275.1968503937008 82.67716535433071 organisée
594.0944881889764 1340.5511811023623 148.8188976377953 82.67716535433071 par
679.1338582677165 1340.5511811023623 127.55905511811024 82.67716535433071 la
742.9133858267717 1340.5511811023623 190.15748031496062 82.67716535433071 Ville
870.4724409448819 1340.5511811023623 127.55905511811024 82.67716535433071 de
933.0708661417323 1340.5511811023623 211.41732283464566 82.67716535433071 Rouen,
1081.8897637795276 1340.5511811023623 170.07874015748033 82.67716535433071 sera
1188.1889763779527 1340.5511811023623 232.6771653543307 82.67716535433071 ouverte
1335.8267716535433 1340.5511811023623 85.03937007874016 82.67716535433071 le

383.8582677165354 1411.4173228346456 96.85039370078741 67.32283464566929 8
421.65354330708664 1411.4173228346456 174.8031496062992 67.32283464566929 avril
538.5826771653543 1411.4173228346456 252.75590551181102 67.32283464566929 prochain,
733.4645669291339 1411.4173228346456 116.92913385826772 67.32283464566929 et
791.3385826771654 1411.4173228346456 174.8031496062992 67.32283464566929 close
908.2677165354331 1411.4173228346456 116.92913385826772 67.32283464566929 le
967.3228346456693 1411.4173228346456 116.92913385826772 67.32283464566929 23
1025.1968503937007 1411.4173228346456 135.82677165354332 67.32283464566929 mai
1083.0708661417323 1411.4173228346456 194.88188976377953 67.32283464566929 suivant.

429.9212598425197 1461.023622047244 168.89763779527559 85.03937007874016 ART.
535.0393700787401 1461.023622047244 126.37795275590551 85.03937007874016 2.
598.8188976377953 1461.023622047244 105.11811023622047 85.03937007874016 —
640.1574803149606 1461.023622047244 188.9763779527559 85.03937007874016 Cette
766.5354330708661 1461.023622047244 295.2755905511811 85.03937007874016 exhibition
998.0314960629921 1461.023622047244 168.89763779527559 85.03937007874016 sera
1104.3307086614172 1461.023622047244 274.01574803149606 85.03937007874016 installée
1293.3070866141732 1461.023622047244 126.37795275590551 85.03937007874016 dans

385.03937007874015 1534.251968503937 147.63779527559055 76.77165354330708 les
470.0787401574803 1534.251968503937 211.41732283464566 76.77165354330708 salons
617.7165354330708 1534.251968503937 126.37795275590551 76.77165354330708 et
681.496062992126 1534.251968503937 168.89763779527559 76.77165354330708 dans
786.6141732283464 1534.251968503937 126.37795275590551 76.77165354330708 la
850.3937007874016 1534.251968503937 211.41732283464566 76.77165354330708 grande
998.0314960629921 1534.251968503937 232.6771653543307 76.77165354330708 galerie
1166.9291338582677 1534.251968503937 126.37795275590551 76.77165354330708 du
1230.708661417323 1534.251968503937 211.41732283464566 76.77165354330708 Musée,
1357.0866141732283 1534.251968503937 63.77952755905512 76.77165354330708 à

367.3228346456693 1594.4881889763778 357.87401574803147 88.58267716535433 l’Hôtel

778.3464566929134 1687.7952755905512 216.14173228346456 85.03937007874016 TITRE
897.6377952755905 1687.7952755905512 120.4724409448819 85.03937007874016 II.

411.0236220472441 1762.2047244094488 336.61417322834643 119.29133858267717 Conditions
688.5826771653543 1762.2047244094488 375.59055118110234 119.29133858267717 d’admissibilité
1005.1181102362204 1762.2047244094488 119.29133858267717 119.29133858267717 et
1044.0944881889764 1762.2047244094488 356.6929133858268 119.29133858267717 dispositions

646.0629921259842 1854.3307086614172 282.2834645669291 88.58267716535433 relatives
876.3779527559055 1854.3307086614172 124.01574803149606 88.58267716535433 aux
928.3464566929134 1854.3307086614172 230.31496062992127 88.58267716535433 envois

434.6456692913386 1939.3700787401574 164.17322834645668 66.14173228346456 ART.
536.2204724409448 1939.3700787401574 122.83464566929133 66.14173228346456 3.
598.8188976377953 1939.3700787401574 102.75590551181102 66.14173228346456 —
638.9763779527559 1939.3700787401574 144.09448818897638 66.14173228346456 Les
721.6535433070866 1939.3700787401574 205.51181102362204 66.14173228346456 œuvres
864.5669291338583 1939.3700787401574 205.51181102362204 66.14173228346456 d’art,
1008.6614173228346 1939.3700787401574 287.00787401574803 66.14173228346456 peintures,
1212.992125984252 1939.3700787401574 205.51181102362204 66.14173228346456 dessins,

383.8582677165354 2005.5118110236222 290.5511811023622 73.22834645669292 sculptures
612.992125984252 2005.5118110236222 124.01574803149606 73.22834645669292 et
674.4094488188977 2005.5118110236222 249.21259842519686 73.22834645669292 gravures
861.0236220472441 2005.5118110236222 207.8740157480315 73.22834645669292 seront
1006.2992125984252 2005.5118110236222 227.95275590551182 73.22834645669292 admises
1171.6535433070867 2005.5118110236222 103.93700787401575 73.22834645669292 à
1192.9133858267717 2005.5118110236222 227.95275590551182 73.22834645669292 l’Exposi-

388.5826771653543 2076.3779527559054 168.89763779527559 69.68503937007874 tion,
501.9685039370079 2076.3779527559054 187.79527559055117 69.68503937007874 quelle
633.0708661417323 2076.3779527559054 132.28346456692913 69.68503937007874 que
708.6614173228346 2076.3779527559054 151.1811023622047 69.68503937007874 soit
803.1496062992126 2076.3779527559054 244.48818897637796 69.68503937007874 l’origine
990.9448818897638 2076.3779527559054 113.38582677165354 69.68503937007874 de
1047.6377952755906 2076.3779527559054 168.89763779527559 69.68503937007874 leurs
1142.1259842519685 2076.3779527559054 187.79527559055117 69.68503937007874 auteurs.
