1736.2204724409448 2725.984251968504
329.5275590551181 364.96062992125985 133.46456692913387 76.77165354330708 Les
405.11811023622045 364.96062992125985 229.13385826771653 76.77165354330708 artistes
577.5590551181102 364.96062992125985 114.56692913385827 76.77165354330708 ne
634.2519685039371 364.96062992125985 229.13385826771653 76.77165354330708 pourront
806.6929133858267 364.96062992125985 210.23622047244095 76.77165354330708 exposer
959.0551181102362 364.96062992125985 133.46456692913387 76.77165354330708 que
1035.8267716535433 364.96062992125985 171.25984251968504 76.77165354330708 trois
1130.3149606299212 364.96062992125985 191.33858267716536 76.77165354330708 ouvrages

281.1023622047244 440.5511811023622 121.65354330708661 61.41732283464567 de
341.33858267716533 440.5511811023622 203.1496062992126 61.41732283464567 chacun
484.251968503937 440.5511811023622 142.91338582677164 61.41732283464567 des
565.7480314960629 440.5511811023622 203.1496062992126 61.41732283464567 genres
708.6614173228346 440.5511811023622 244.48818897637796 61.41732283464567 indiqués
870.4724409448819 440.5511811023622 244.48818897637796 61.41732283464567 ci

333.07086614173227 507.87401574803147 161.81102362204723 60.23622047244095 ART.
434.6456692913386 507.87401574803147 121.65354330708661 60.23622047244095 4.
494.88188976377955 507.87401574803147 101.5748031496063 60.23622047244095 —
536.2204724409448 507.87401574803147 141.73228346456693 60.23622047244095 Les
616.5354330708661 507.87401574803147 203.1496062992126 60.23622047244095 œuvres
758.2677165354331 507.87401574803147 141.73228346456693 60.23622047244095 des
839.7637795275591 507.87401574803147 243.30708661417322 60.23622047244095 artistes
1022.8346456692914 507.87401574803147 223.22834645669292 60.23622047244095 invités
1184.6456692913387 507.87401574803147 141.73228346456693 60.23622047244095 par
1244.8818897637796 507.87401574803147 81.49606299212599 60.23622047244095 la

289.37007874015745 566.9291338582677 168.89763779527559 68.50393700787401 Ville
401.5748031496063 566.9291338582677 186.61417322834646 68.50393700787401 seront
532.6771653543307 566.9291338582677 186.61417322834646 68.50393700787401 seules
663.7795275590552 566.9291338582677 300.0 68.50393700787401 transportées
907.0866141732283 566.9291338582677 93.30708661417323 68.50393700787401 à
944.8818897637796 566.9291338582677 131.10236220472441 68.50393700787401 ses
1000.3937007874016 566.9291338582677 150.0 68.50393700787401 frais.

330.70866141732284 616.5354330708661 139.37007874015748 82.67716535433071 La
400.3937007874016 616.5354330708661 209.0551181102362 82.67716535433071 Ville
539.7637795275591 616.5354330708661 139.37007874015748 82.67716535433071 ne
609.4488188976378 616.5354330708661 185.43307086614172 82.67716535433071 sera
725.1968503937007 616.5354330708661 301.18110236220474 82.67716535433071 nullement
956.6929133858267 616.5354330708661 347.244094488189 82.67716535433071 responsable
1211.8110236220473 616.5354330708661 115.74803149606299 82.67716535433071 des

285.8267716535433 683.8582677165355 220.86614173228347 83.85826771653544 avaries
446.45669291338584 683.8582677165355 140.5511811023622 83.85826771653544 que
526.7716535433071 683.8582677165355 220.86614173228347 83.85826771653544 lesdits
686.2204724409448 683.8582677165355 200.78740157480314 83.85826771653544 objets
826.7716535433071 683.8582677165355 279.9212598425197 83.85826771653544 pourraient
1047.6377952755906 683.8582677165355 180.70866141732284 83.85826771653544 subir
1166.9291338582677 683.8582677165355 160.62992125984252 83.85826771653544 dans
1247.244094488189 683.8582677165355 80.31496062992126 83.85826771653544 le

288.18897637795277 745.2755905511812 275.1968503937008 76.77165354330708 transport,
504.3307086614173 745.2755905511812 137.00787401574803 76.77165354330708 qui
583.4645669291339 745.2755905511812 255.11811023622047 76.77165354330708 s’opèrera
779.5275590551181 745.2755905511812 137.00787401574803 76.77165354330708 aux
858.6614173228346 745.2755905511812 216.14173228346456 76.77165354330708 risques
1015.7480314960629 745.2755905511812 137.00787401574803 76.77165354330708 des
1074.8031496062993 745.2755905511812 255.11811023622047 76.77165354330708 expéditeurs

289.37007874015745 814.9606299212599 120.4724409448819 69.68503937007874 et
349.6062992125984 814.9606299212599 160.62992125984252 69.68503937007874 dont
450.0 814.9606299212599 160.62992125984252 69.68503937007874 elle
550.3937007874016 814.9606299212599 200.78740157480314 69.68503937007874 entend
689.7637795275591 814.9606299212599 259.84251968503935 69.68503937007874 seulement
890.5511811023622 814.9606299212599 180.70866141732284 69.68503937007874 payer
1011.0236220472441 814.9606299212599 140.5511811023622 69.68503937007874 les
1090.1574803149606 814.9606299212599 200.78740157480314 69.68503937007874 frais;
1210.6299212598426 814.9606299212599 120.4724409448819 69.68503937007874 mais

290.5511811023622 878.7401574803149 137.00787401574803 70.86614173228347 les
369.68503937007875 878.7401574803149 334.251968503937 70.86614173228347 propriétaires
644.8818897637796 878.7401574803149 137.00787401574803 70.86614173228347 des
722.8346456692914 878.7401574803149 196.06299212598427 70.86614173228347 œuvres
861.0236220472441 878.7401574803149 295.2755905511811 70.86614173228347 détériorées
1096.0629921259842 878.7401574803149 196.06299212598427 70.86614173228347 auront
1214.1732283464567 878.7401574803149 118.11023622047244 70.86614173228347 leur

289.37007874015745 937.7952755905512 217.3228346456693 76.77165354330708 recours
447.6377952755906 937.7952755905512 99.21259842519684 76.77165354330708 à
486.61417322834643 937.7952755905512 217.3228346456693 76.77165354330708 exercer
644.8818897637796 937.7952755905512 197.24409448818898 76.77165354330708 contre
783.0708661417323 937.7952755905512 138.18897637795277 76.77165354330708 les
862.2047244094488 937.7952755905512 335.43307086614175 76.77165354330708 entrepreneurs
1138.5826771653544 937.7952755905512 118.11023622047244 76.77165354330708 de
1177.5590551181103 937.7952755905512 158.26771653543307 76.77165354330708 trans

265.748031496063 1008.6614173228346 168.89763779527559 79.13385826771653 ports.

342.5196850393701 1047.6377952755906 168.89763779527559 101.5748031496063 ART.
448.81889763779526 1047.6377952755906 126.37795275590551 101.5748031496063 5.
511.4173228346457 1047.6377952755906 105.11811023622047 101.5748031496063 —
553.9370078740158 1047.6377952755906 168.89763779527559 101.5748031496063 Pour
659.0551181102362 1047.6377952755906 190.15748031496062 101.5748031496063 jouir
786.6141732283464 1047.6377952755906 126.37795275590551 101.5748031496063 du
850.3937007874016 1047.6377952755906 275.1968503937008 101.5748031496063 transport
1060.6299212598426 1047.6377952755906 253.93700787401573 101.5748031496063 gratuit,
1230.708661417323 1047.6377952755906 105.11811023622047 101.5748031496063 les

292.9133858267717 1131.4960629921259 261.0236220472441 75.59055118110236 tableaux
488.9763779527559 1131.4960629921259 131.10236220472441 75.59055118110236 ne
553.9370078740158 1131.4960629921259 239.76377952755905 75.59055118110236 devront
727.5590551181102 1131.4960629921259 152.36220472440945 75.59055118110236 pas
814.9606299212599 1131.4960629921259 239.76377952755905 75.59055118110236 excéder
989.7637795275591 1131.4960629921259 131.10236220472441 75.59055118110236 la
1054.724409448819 1131.4960629921259 283.46456692913387 75.59055118110236 dimension
1250.7874015748032 1131.4960629921259 87.4015748031496 75.59055118110236 de

291.73228346456693 1203.5433070866143 177.16535433070865 66.14173228346456 deux
402.755905511811 1203.5433070866143 222.04724409448818 66.14173228346456 mêtres
558.6614173228346 1203.5433070866143 288.18897637795277 66.14173228346456 cinquante
780.7086614173228 1203.5433070866143 333.07086614173227 66.14173228346456 centimètres
1047.6377952755906 1203.5433070866143 155.90551181102362 66.14173228346456 sur
1136.2204724409448 1203.5433070866143 133.46456692913387 66.14173228346456 le
1179.9212598425197 1203.5433070866143 155.90551181102362 66.14173228346456 grand

295.2755905511811 1268.5039370078741 175.98425196850394 69.68503937007874 côté,
413.38582677165357 1268.5039370078741 116.92913385826772 69.68503937007874 le
472.4409448818898 1268.5039370078741 175.98425196850394 69.68503937007874 cadre
569.2913385826772 1268.5039370078741 196.06299212598427 69.68503937007874 compris.

343.7007874015748 1324.015748031496 116.92913385826772 76.77165354330708 En
402.755905511811 1324.015748031496 196.06299212598427 76.77165354330708 outre,
539.7637795275591 1324.015748031496 137.00787401574803 76.77165354330708 ces
618.8976377952756 1324.015748031496 235.03937007874015 76.77165354330708 tableaux
794.8818897637796 1324.015748031496 214.96062992125985 76.77165354330708 devront
950.7874015748032 1324.015748031496 157.08661417322836 76.77165354330708 être
1048.8188976377953 1324.015748031496 214.96062992125985 76.77165354330708 déposés
1185.8267716535433 1324.015748031496 157.08661417322836 76.77165354330708 direc-

298.81889763779526 1390.1574803149606 192.51968503937007 72.04724409448819 tement
433.46456692913387 1390.1574803149606 153.54330708661416 72.04724409448819 dans
529.1338582677165 1390.1574803149606 134.64566929133858 72.04724409448819 les
605.9055118110236 1390.1574803149606 211.41732283464566 72.04724409448819 bureaux
760.6299212598425 1390.1574803149606 115.74803149606299 72.04724409448819 du
817.3228346456693 1390.1574803149606 288.18897637795277 72.04724409448819 <i>Moniteur
1048.8188976377953 1390.1574803149606 134.64566929133858 72.04724409448819 des
1106.6929133858268 1390.1574803149606 230.31496062992127 72.04724409448819 Arts,</i>

297.6377952755906 1455.1181102362204 140.5511811023622 69.68503937007874 rue
377.9527559055118 1455.1181102362204 361.4173228346457 69.68503937007874 Saint-Georges,
679.1338582677165 1455.1181102362204 140.5511811023622 69.68503937007874 43,
759.4488188976378 1455.1181102362204 100.39370078740157 69.68503937007874 à
799.6062992125984 1455.1181102362204 200.78740157480314 69.68503937007874 Paris,
940.1574803149606 1455.1181102362204 120.4724409448819 69.68503937007874 du
1000.3937007874016 1455.1181102362204 120.4724409448819 69.68503937007874 18
1060.6299212598426 1455.1181102362204 120.4724409448819 69.68503937007874 au
1120.8661417322835 1455.1181102362204 120.4724409448819 69.68503937007874 28
1161.023622047244 1455.1181102362204 180.70866141732284 69.68503937007874 février

298.81889763779526 1515.3543307086613 263.38582677165357 82.67716535433071 prochain,
500.78740157480314 1515.3543307086613 121.65354330708661 82.67716535433071 de
562.2047244094488 1515.3543307086613 141.73228346456693 82.67716535433071 dix
642.5196850393701 1515.3543307086613 203.1496062992126 82.67716535433071 heures
784.2519685039371 1515.3543307086613 101.5748031496063 82.67716535433071 à
825.5905511811023 1515.3543307086613 203.1496062992126 82.67716535433071 quatre
947.2440944881889 1515.3543307086613 181.88976377952756 82.67716535433071 heures.

344.88188976377955 1573.2283464566929 148.8188976377953 74.40944881889764 Les
429.9212598425197 1573.2283464566929 255.11811023622047 74.40944881889764 artistes
621.2598425196851 1573.2283464566929 255.11811023622047 74.40944881889764 habitant
812.5984251968504 1573.2283464566929 127.55905511811024 74.40944881889764 la
875.1968503937007 1573.2283464566929 191.33858267716536 74.40944881889764 ville
1002.7559055118111 1573.2283464566929 127.55905511811024 74.40944881889764 de
1066.5354330708662 1573.2283464566929 191.33858267716536 74.40944881889764 Rouen
1172.8346456692914 1573.2283464566929 170.07874015748033 74.40944881889764 auront

294.09448818897636 1634.6456692913387 250.39370078740157 83.85826771653544 jusqu’au
481.8897637795276 1634.6456692913387 209.0551181102362 83.85826771653544 samedi
628.3464566929134 1634.6456692913387 103.93700787401575 83.85826771653544 6
669.6850393700787 1634.6456692913387 166.53543307086613 83.85826771653544 mars
774.8031496062993 1634.6456692913387 166.53543307086613 83.85826771653544 pour
878.7401574803149 1634.6456692913387 229.13385826771653 83.85826771653544 déposer
1046.4566929133857 1634.6456692913387 187.79527559055117 83.85826771653544 leurs
1150.3937007874015 1634.6456692913387 187.79527559055117 83.85826771653544 œuvres.

348.4251968503937 1698.4251968503936 175.98425196850394 86.22047244094489 ART.
459.4488188976378 1698.4251968503936 109.84251968503936 86.22047244094489 6
503.1496062992126 1698.4251968503936 109.84251968503936 86.22047244094489 —
546.8503937007874 1698.4251968503936 153.54330708661416 86.22047244094489 Les
635.4330708661417 1698.4251968503936 264.56692913385825 86.22047244094489 tableaux
832.6771653543307 1698.4251968503936 198.4251968503937 86.22047244094489 remis
964.9606299212599 1698.4251968503936 109.84251968503936 86.22047244094489 à
1008.6614173228346 1698.4251968503936 132.28346456692913 86.22047244094489 M.
1053.5433070866143 1698.4251968503936 285.8267716535433 86.22047244094489 Fillonneau,

304.7244094488189 1758.6614173228347 250.39370078740157 88.58267716535433 Directeur
497.244094488189 1758.6614173228347 115.74803149606299 88.58267716535433 du
555.1181102362204 1758.6614173228347 289.37007874015745 88.58267716535433 <i>Moniteur
785.4330708661417 1758.6614173228347 134.64566929133858 88.58267716535433 des
862.2047244094488 1758.6614173228347 250.39370078740157 88.58267716535433 Arts</i>
1054.724409448819 1758.6614173228347 115.74803149606299 88.58267716535433 ne
1112.5984251968505 1758.6614173228347 211.41732283464566 88.58267716535433 devront
1247.244094488189 1758.6614173228347 96.85039370078741 88.58267716535433 pas

301.18110236220474 1818.8976377952756 164.17322834645668 88.58267716535433 être
402.755905511811 1818.8976377952756 285.8267716535433 88.58267716535433 ençaissés;
628.3464566929134 1818.8976377952756 164.17322834645668 88.58267716535433 mais
729.9212598425197 1818.8976377952756 142.91338582677164 88.58267716535433 les
812.5984251968504 1818.8976377952756 184.251968503937 88.58267716535433 coins
935.4330708661417 1818.8976377952756 142.91338582677164 88.58267716535433 des
1016.9291338582677 1818.8976377952756 245.66929133858267 88.58267716535433 bordures
1179.9212598425197 1818.8976377952756 164.17322834645668 88.58267716535433 seront

304.7244094488189 1895.6692913385828 192.51968503937007 69.68503937007874 garnis
439.37007874015745 1895.6692913385828 115.74803149606299 69.68503937007874 de
497.244094488189 1895.6692913385828 231.49606299212599 69.68503937007874 fascines
669.6850393700787 1895.6692913385828 115.74803149606299 69.68503937007874 en
727.5590551181102 1895.6692913385828 211.41732283464566 69.68503937007874 papier.
882.2834645669292 1895.6692913385828 134.64566929133858 69.68503937007874 Les
959.0551181102362 1895.6692913385828 192.51968503937007 69.68503937007874 toiles
1093.7007874015749 1895.6692913385828 211.41732283464566 69.68503937007874 devront
1228.3464566929133 1895.6692913385828 115.74803149606299 69.68503937007874 être

305.90551181102364 1960.6299212598426 155.90551181102362 89.76377952755905 bien
402.755905511811 1960.6299212598426 194.88188976377953 89.76377952755905 fixées
539.7637795275591 1960.6299212598426 155.90551181102362 89.76377952755905 dans
636.6141732283464 1960.6299212598426 175.98425196850394 89.76377952755905 leurs
734.6456692913385 1960.6299212598426 175.98425196850394 89.76377952755905 cadres.

348.4251968503937 2032.6771653543308 180.70866141732284 73.22834645669292 ART.
461.81102362204723 2032.6771653543308 135.82677165354332 73.22834645669292 7.
529.1338582677165 2032.6771653543308 113.38582677165354 73.22834645669292 —
575.1968503937007 2032.6771653543308 158.26771653543307 73.22834645669292 Ils
664.9606299212599 2032.6771653543308 226.77165354330708 73.22834645669292 seront
824.4094488188977 2032.6771653543308 340.15748031496065 73.22834645669292 accompagnés
1096.0629921259842 2032.6771653543308 204.33070866141733 73.22834645669292 d’une
1209.4488188976377 2032.6771653543308 135.82677165354332 73.22834645669292 note
