1470 2308
279 309 113 65 Les
343 309 194 65 artistes
489 309 97 65 ne
537 309 194 65 pourront
683 309 178 65 exposer
812 309 113 65 que
877 309 145 65 trois
957 309 162 65 ouvrages

238 373 103 52 de
289 373 172 52 chacun
410 373 121 52 des
479 373 172 52 genres
600 373 207 52 indiqués
737 373 207 52 ci

282 430 137 51 ART.
368 430 103 51 4.
419 430 86 51 —
454 430 120 51 Les
522 430 172 51 œuvres
642 430 120 51 des
711 430 206 51 artistes
866 430 189 51 invités
1003 430 120 51 par
1054 430 69 51 la

245 480 143 58 Ville
340 480 158 58 seront
451 480 158 58 seules
562 480 254 58 transportées
768 480 79 58 à
800 480 111 58 ses
847 480 127 58 frais.

280 522 118 70 La
339 522 177 70 Ville
457 522 118 70 ne
516 522 157 70 sera
614 522 255 70 nullement
810 522 294 70 responsable
1026 522 98 70 des

242 579 187 71 avaries
378 579 119 71 que
446 579 187 71 lesdits
581 579 170 71 objets
700 579 237 71 pourraient
887 579 153 71 subir
988 579 136 71 dans
1056 579 68 71 le

244 631 233 65 transport,
427 631 116 65 qui
494 631 216 65 s’opèrera
660 631 116 65 aux
727 631 183 65 risques
860 631 116 65 des
910 631 216 65 expéditeurs

245 690 102 59 et
296 690 136 59 dont
381 690 136 59 elle
466 690 170 59 entend
584 690 220 59 seulement
754 690 153 59 payer
856 690 119 59 les
923 690 170 59 frais;
1025 690 102 59 mais

246 744 116 60 les
313 744 283 60 propriétaires
546 744 116 60 des
612 744 166 60 œuvres
729 744 250 60 détériorées
928 744 166 60 auront
1028 744 100 60 leur

245 794 184 65 recours
379 794 84 65 à
412 794 184 65 exercer
546 794 167 65 contre
663 794 117 65 les
730 794 284 65 entrepreneurs
964 794 100 65 de
997 794 134 65 trans

225 854 143 67 ports.

290 887 143 86 ART.
380 887 107 86 5.
433 887 89 86 —
469 887 143 86 Pour
558 887 161 86 jouir
666 887 107 86 du
720 887 233 86 transport
898 887 215 86 gratuit,
1042 887 89 86 les

248 958 221 64 tableaux
414 958 111 64 ne
469 958 203 64 devront
616 958 129 64 pas
690 958 203 64 excéder
838 958 111 64 la
893 958 240 64 dimension
1059 958 74 64 de

247 1019 150 56 deux
341 1019 188 56 mêtres
473 1019 244 56 cinquante
661 1019 282 56 centimètres
887 1019 132 56 sur
962 1019 113 56 le
999 1019 132 56 grand

250 1074 149 59 côté,
350 1074 99 59 le
400 1074 149 59 cadre
482 1074 166 59 compris.

291 1121 99 65 En
341 1121 166 65 outre,
457 1121 116 65 ces
524 1121 199 65 tableaux
673 1121 182 65 devront
805 1121 133 65 être
888 1121 182 65 déposés
1004 1121 133 65 direc-

253 1177 163 61 tement
367 1177 130 61 dans
448 1177 114 61 les
513 1177 179 61 bureaux
644 1177 98 61 du
692 1177 244 61 <i>Moniteur
888 1177 114 61 des
937 1177 195 61 Arts,</i>,

252 1232 119 59 rue
320 1232 306 59 Saint-Georges,
575 1232 119 59 43,
643 1232 85 59 à
677 1232 170 59 Paris,
796 1232 102 59 du
847 1232 102 59 18
898 1232 102 59 au
949 1232 102 59 28
983 1232 153 59 février

253 1283 223 70 prochain,
424 1283 103 70 de
476 1283 120 70 dix
544 1283 172 70 heures
664 1283 86 70 à
699 1283 172 70 quatre
802 1283 154 70 heures.

292 1332 126 63 Les
364 1332 216 63 artistes
526 1332 216 63 habitant
688 1332 108 63 la
741 1332 162 63 ville
849 1332 108 63 de
903 1332 162 63 Rouen
993 1332 144 63 auront

249 1384 212 71 jusqu’au
408 1384 177 71 samedi
532 1384 88 71 6
567 1384 141 71 mars
656 1384 141 71 pour
744 1384 194 71 déposer
886 1384 159 71 leurs
974 1384 159 71 œuvres.

295 1438 149 73 ART.
389 1438 93 73 6
426 1438 93 73 —
463 1438 130 73 Les
538 1438 224 73 tableaux
705 1438 168 73 remis
817 1438 93 73 à
854 1438 112 73 M.
892 1438 242 73 Fillonneau,

258 1489 212 75 Directeur
421 1489 98 75 du
470 1489 245 75 <i>Moniteur
665 1489 114 75 des
730 1489 212 75 Arts</i>,
893 1489 98 75 ne
942 1489 179 75 devront
1056 1489 82 75 pas

255 1540 139 75 être
341 1540 242 75 ençaissés;
532 1540 139 75 mais
618 1540 121 75 les
688 1540 156 75 coins
792 1540 121 75 des
861 1540 208 75 bordures
999 1540 139 75 seront

258 1605 163 59 garnis
372 1605 98 59 de
421 1605 196 59 fascines
567 1605 98 59 en
616 1605 179 59 papier.
747 1605 114 59 Les
812 1605 163 59 toiles
926 1605 179 59 devront
1040 1605 98 59 être

259 1660 132 76 bien
341 1660 165 76 fixées
457 1660 132 76 dans
539 1660 149 76 leurs
622 1660 149 76 cadres.

295 1721 153 62 ART.
391 1721 115 62 7.
448 1721 96 62 —
487 1721 134 62 Ils
563 1721 192 62 seront
698 1721 288 62 accompagnés
928 1721 173 62 d’une
1024 1721 115 62 note
