1446 2316
359 311 177 79 signée
483 311 106 79 de
536 311 229 79 l’auteur,
712 311 229 79 indiquant
889 311 124 79 ses
960 311 141 79 nom,
1048 311 194 79 prénoms
1171 311 71 79 et

358 365 212 78 domicile,
521 365 98 78 le
570 365 130 78 lieu
651 365 98 78 de
700 365 98 78 sa
749 365 228 78 naissance,
928 365 98 78 la
977 365 179 78 mention
1108 365 114 78 des
1156 365 82 78 ré-

354 414 230 72 compenses
531 414 159 72 qu’il
638 414 89 72 a
673 414 230 72 obtenues,
850 414 283 72 l’indication
1063 414 177 72 sommaire

355 462 106 99 du
408 462 159 99 sujet
514 462 106 99 et
567 462 106 99 le
620 462 141 99 prix
709 462 106 99 de
762 462 177 99 chaque
886 462 212 99 ouvrage,
1045 462 141 99 s’il
1133 462 124 99 est
1186 462 53 99 à

333 521 170 70 vendre.

390 578 150 77 ART.
484 578 112 77 8.
540 578 94 77 —
578 578 131 77 Les
652 578 225 77 tableaux
821 578 131 77 mis
896 578 112 77 en
952 578 206 77 caisse,
1083 578 150 77 venant

353 625 94 87 de
400 625 141 87 Paris
495 625 94 87 et
542 625 189 87 adressés
683 625 314 87 particulièrement
950 625 110 87 par
1013 625 110 87 les
1060 625 173 87 artistes,

350 685 202 76 devront
497 685 147 76 être
589 685 221 76 expédiés
754 685 276 76 directement
975 685 110 76 au
1031 685 184 76 Musée,
1141 685 92 76 aux

351 733 149 87 frais
451 733 100 87 et
501 733 183 87 risques
634 733 116 87 des
700 733 232 87 exposants,
882 733 149 87 avant
982 733 100 87 le
1032 733 83 87 6
1065 733 133 87 mars
1131 733 100 87 pro

328 787 148 63 chain.

390 837 125 87 Ils
462 837 179 87 seront
587 837 215 87 renvoyés
748 837 125 87 aux
820 837 215 87 artistes
981 837 161 87 aussi
1089 837 90 87 à
1107 837 125 87 leurs

347 892 144 82 frais
443 892 96 82 et
475 892 160 82 risques.

387 958 146 68 ART.
478 958 110 68 9.
533 958 92 68 —
570 958 128 68 Les
643 958 220 68 tableaux
808 958 183 68 venant
936 958 220 68 d’autres
1083 958 146 68 villes

347 1016 123 66 que
418 1016 158 66 Paris
523 1016 194 66 devront
664 1016 141 66 être
752 1016 194 66 envoyés
893 1016 123 66 par
963 1016 123 66 les
1033 1016 194 66 chemins
1157 1016 70 66 de

350 1060 111 82 fer
414 1060 175 82 (petite
541 1060 207 82 vitesse),
700 1060 96 82 ou
748 1060 111 82 par
812 1060 96 82 le
860 1060 175 82 roulage
987 1060 223 82 ordinaire,
1146 1060 80 82 aux

346 1117 187 66 risques
482 1117 119 66 des
550 1117 271 66 expéditeurs,
770 1117 102 66 la
821 1117 153 66 Ville
923 1117 254 66 n’entendant
1109 1117 119 66 payer

345 1162 115 70 que
410 1162 115 70 les
476 1162 148 70 frais
575 1162 99 70 de
608 1162 197 70 transport.

386 1226 146 70 ART.
477 1226 128 70 10.
550 1226 91 70 —
586 1226 109 70 Il
641 1226 109 70 en
696 1226 146 70 sera
787 1226 109 70 de
841 1226 146 70 même
932 1226 146 70 pour
1024 1226 128 70 les
1078 1226 146 70 œuvres

343 1275 106 80 de
396 1275 247 80 sculpture,
590 1275 141 80 dont
678 1275 106 80 le
731 1275 159 80 poids
837 1275 106 80 ne
889 1275 159 80 devra
995 1275 123 80 pas
1048 1275 176 80 dépasser

345 1327 112 80 200
409 1327 160 80 kilog.
521 1327 96 80 En
569 1327 160 80 raison
680 1327 96 80 de
728 1327 96 80 la
776 1327 208 80 fragilité
936 1327 96 80 de
984 1327 112 80 ces
1047 1327 176 80 œuvres,
1159 1327 64 80 la

344 1378 158 70 Ville
450 1378 175 70 entend
572 1378 175 70 n’être
695 1378 263 70 responsable
905 1378 193 70 d’aucun
1045 1378 123 70 des
1097 1378 123 70 acci-

342 1437 144 76 dents
438 1437 112 76 qui
502 1437 223 76 pourraient
677 1437 207 76 résulter,
836 1437 128 76 soit
916 1437 96 76 du
964 1437 223 76 transport,
1123 1437 96 76 soit

338 1488 109 67 du
374 1488 254 67 réemballage.

381 1551 156 73 ART.
478 1551 136 73 11.
556 1551 97 73 —
595 1551 136 73 Les
672 1551 233 73 tableaux
847 1551 195 73 seront
984 1551 233 73 renvoyés
1139 1551 78 73 au

342 1609 141 60 siège
436 1609 94 60 du
483 1609 235 60 <i>Moniteur
671 1609 109 60 des
733 1609 203 60 Arts</i>,
890 1609 125 60 pour
968 1609 94 60 le
1015 1609 78 60 7
1046 1609 141 60 juin,
1124 1609 94 60 afin

340 1658 175 65 d'être
463 1658 123 65 mis
533 1658 298 65 immédiatement
779 1658 88 65 à
814 1658 105 65 la
866 1658 263 65 disposition
1077 1658 123 65 des
1129 1658 88 65 ar-

343 1703 179 88 tistes,
473 1703 114 88 par
538 1703 114 88 les
603 1703 147 88 soins
701 1703 98 88 de
750 1703 98 88 M.
782 1703 212 88 Fillonneau.
