1707.8740157480315 2735.433070866142
424.01574803149606 367.3228346456693 209.0551181102362 93.30708661417323 signée
570.4724409448819 367.3228346456693 125.19685039370079 93.30708661417323 de
633.0708661417323 367.3228346456693 270.4724409448819 93.30708661417323 l’auteur,
840.9448818897638 367.3228346456693 270.4724409448819 93.30708661417323 indiquant
1050.0 367.3228346456693 146.45669291338584 93.30708661417323 ses
1133.8582677165355 367.3228346456693 166.53543307086613 93.30708661417323 nom,
1237.7952755905512 367.3228346456693 229.13385826771653 93.30708661417323 prénoms
1383.0708661417323 367.3228346456693 83.85826771653544 93.30708661417323 et

422.8346456692913 431.1023622047244 250.39370078740157 92.1259842519685 domicile,
615.3543307086615 431.1023622047244 115.74803149606299 92.1259842519685 le
673.2283464566929 431.1023622047244 153.54330708661416 92.1259842519685 lieu
768.8976377952756 431.1023622047244 115.74803149606299 92.1259842519685 de
826.7716535433071 431.1023622047244 115.74803149606299 92.1259842519685 sa
884.6456692913385 431.1023622047244 269.29133858267716 92.1259842519685 naissance,
1096.0629921259842 431.1023622047244 115.74803149606299 92.1259842519685 la
1153.9370078740158 431.1023622047244 211.41732283464566 92.1259842519685 mention
1308.6614173228347 431.1023622047244 134.64566929133858 92.1259842519685 des
1365.3543307086613 431.1023622047244 96.85039370078741 92.1259842519685 ré-

418.1102362204724 488.9763779527559 271.65354330708664 85.03937007874016 compenses
627.1653543307086 488.9763779527559 187.79527559055117 85.03937007874016 qu’il
753.5433070866142 488.9763779527559 105.11811023622047 85.03937007874016 a
794.8818897637796 488.9763779527559 271.65354330708664 85.03937007874016 obtenues,
1003.9370078740158 488.9763779527559 334.251968503937 85.03937007874016 l’indication
1255.5118110236222 488.9763779527559 209.0551181102362 85.03937007874016 sommaire

419.29133858267716 545.6692913385826 125.19685039370079 116.92913385826772 du
481.8897637795276 545.6692913385826 187.79527559055117 116.92913385826772 sujet
607.0866141732283 545.6692913385826 125.19685039370079 116.92913385826772 et
669.6850393700787 545.6692913385826 125.19685039370079 116.92913385826772 le
732.2834645669292 545.6692913385826 166.53543307086613 116.92913385826772 prix
837.4015748031496 545.6692913385826 125.19685039370079 116.92913385826772 de
900.0 545.6692913385826 209.0551181102362 116.92913385826772 chaque
1046.4566929133857 545.6692913385826 250.39370078740157 116.92913385826772 ouvrage,
1234.251968503937 545.6692913385826 166.53543307086613 116.92913385826772 s’il
1338.1889763779527 545.6692913385826 146.45669291338584 116.92913385826772 est
1400.7874015748032 545.6692913385826 62.59842519685039 116.92913385826772 à

393.3070866141732 615.3543307086615 200.78740157480314 82.67716535433071 vendre.

460.62992125984255 682.6771653543307 177.16535433070865 90.94488188976378 ART.
571.6535433070866 682.6771653543307 132.28346456692913 90.94488188976378 8.
637.7952755905512 682.6771653543307 111.02362204724409 90.94488188976378 —
682.6771653543307 682.6771653543307 154.7244094488189 90.94488188976378 Les
770.0787401574803 682.6771653543307 265.748031496063 90.94488188976378 tableaux
969.6850393700787 682.6771653543307 154.7244094488189 90.94488188976378 mis
1058.267716535433 682.6771653543307 132.28346456692913 90.94488188976378 en
1124.4094488188975 682.6771653543307 243.30708661417322 90.94488188976378 caisse,
1279.1338582677165 682.6771653543307 177.16535433070865 90.94488188976378 venant

416.92913385826773 738.1889763779527 111.02362204724409 102.75590551181102 de
472.4409448818898 738.1889763779527 166.53543307086613 102.75590551181102 Paris
584.6456692913385 738.1889763779527 111.02362204724409 102.75590551181102 et
640.1574803149606 738.1889763779527 223.22834645669292 102.75590551181102 adressés
806.6929133858267 738.1889763779527 370.86614173228344 102.75590551181102 particulièrement
1122.0472440944882 738.1889763779527 129.92125984251967 102.75590551181102 par
1196.4566929133857 738.1889763779527 129.92125984251967 102.75590551181102 les
1251.9685039370079 738.1889763779527 204.33070866141733 102.75590551181102 artistes,

413.38582677165357 809.0551181102362 238.58267716535434 89.76377952755905 devront
587.007874015748 809.0551181102362 173.6220472440945 89.76377952755905 être
695.6692913385826 809.0551181102362 261.0236220472441 89.76377952755905 expédiés
890.5511811023622 809.0551181102362 325.98425196850394 89.76377952755905 directement
1151.5748031496064 809.0551181102362 129.92125984251967 89.76377952755905 au
1217.716535433071 809.0551181102362 217.3228346456693 89.76377952755905 Musée,
1347.6377952755906 809.0551181102362 108.66141732283465 89.76377952755905 aux

414.56692913385825 865.7480314960629 175.98425196850394 102.75590551181102 frais
532.6771653543307 865.7480314960629 118.11023622047244 102.75590551181102 et
591.7322834645669 865.7480314960629 216.14173228346456 102.75590551181102 risques
748.8188976377953 865.7480314960629 137.00787401574803 102.75590551181102 des
826.7716535433071 865.7480314960629 274.01574803149606 102.75590551181102 exposants,
1041.732283464567 865.7480314960629 175.98425196850394 102.75590551181102 avant
1159.8425196850394 865.7480314960629 118.11023622047244 102.75590551181102 le
1218.8976377952756 865.7480314960629 98.03149606299213 102.75590551181102 6
1257.8740157480315 865.7480314960629 157.08661417322836 102.75590551181102 mars
1335.8267716535433 865.7480314960629 118.11023622047244 102.75590551181102 pro

387.40157480314963 929.5275590551181 174.8031496062992 74.40944881889764 chain.

460.62992125984255 988.5826771653543 147.63779527559055 102.75590551181102 Ils
545.6692913385826 988.5826771653543 211.41732283464566 102.75590551181102 seront
693.3070866141733 988.5826771653543 253.93700787401573 102.75590551181102 renvoyés
883.4645669291339 988.5826771653543 147.63779527559055 102.75590551181102 aux
968.503937007874 988.5826771653543 253.93700787401573 102.75590551181102 artistes
1158.6614173228347 988.5826771653543 190.15748031496062 102.75590551181102 aussi
1286.2204724409448 988.5826771653543 106.2992125984252 102.75590551181102 à
1307.4803149606298 988.5826771653543 147.63779527559055 102.75590551181102 leurs

409.84251968503935 1053.5433070866143 170.07874015748033 96.85039370078741 frais
523.2283464566929 1053.5433070866143 113.38582677165354 96.85039370078741 et
561.0236220472441 1053.5433070866143 188.9763779527559 96.85039370078741 risques.

457.0866141732283 1131.4960629921259 172.44094488188978 80.31496062992126 ART.
564.5669291338583 1131.4960629921259 129.92125984251967 80.31496062992126 9.
629.5275590551181 1131.4960629921259 108.66141732283465 80.31496062992126 —
673.2283464566929 1131.4960629921259 151.1811023622047 80.31496062992126 Les
759.4488188976378 1131.4960629921259 259.84251968503935 80.31496062992126 tableaux
954.3307086614174 1131.4960629921259 216.14173228346456 80.31496062992126 venant
1105.5118110236222 1131.4960629921259 259.84251968503935 80.31496062992126 d’autres
1279.1338582677165 1131.4960629921259 172.44094488188978 80.31496062992126 villes

409.84251968503935 1200.0 145.2755905511811 77.95275590551181 que
493.7007874015748 1200.0 186.61417322834646 77.95275590551181 Paris
617.7165354330708 1200.0 229.13385826771653 77.95275590551181 devront
784.2519685039371 1200.0 166.53543307086613 77.95275590551181 être
888.1889763779527 1200.0 229.13385826771653 77.95275590551181 envoyés
1054.724409448819 1200.0 145.2755905511811 77.95275590551181 par
1137.4015748031495 1200.0 145.2755905511811 77.95275590551181 les
1220.0787401574803 1200.0 229.13385826771653 77.95275590551181 chemins
1366.5354330708662 1200.0 82.67716535433071 77.95275590551181 de

413.38582677165357 1251.9685039370079 131.10236220472441 96.85039370078741 fer
488.9763779527559 1251.9685039370079 206.69291338582678 96.85039370078741 (petite
638.9763779527559 1251.9685039370079 244.48818897637796 96.85039370078741 vitesse),
826.7716535433071 1251.9685039370079 113.38582677165354 96.85039370078741 ou
883.4645669291339 1251.9685039370079 131.10236220472441 96.85039370078741 par
959.0551181102362 1251.9685039370079 113.38582677165354 96.85039370078741 le
1015.7480314960629 1251.9685039370079 206.69291338582678 96.85039370078741 roulage
1165.748031496063 1251.9685039370079 263.38582677165357 96.85039370078741 ordinaire,
1353.5433070866143 1251.9685039370079 94.48818897637796 96.85039370078741 aux

408.66141732283467 1319.291338582677 220.86614173228347 77.95275590551181 risques
569.2913385826772 1319.291338582677 140.5511811023622 77.95275590551181 des
649.6062992125984 1319.291338582677 320.0787401574803 77.95275590551181 expéditeurs,
909.4488188976378 1319.291338582677 120.4724409448819 77.95275590551181 la
969.6850393700787 1319.291338582677 180.70866141732284 77.95275590551181 Ville
1090.1574803149606 1319.291338582677 300.0 77.95275590551181 n’entendant
1309.8425196850394 1319.291338582677 140.5511811023622 77.95275590551181 payer

407.4803149606299 1372.4409448818897 135.82677165354332 82.67716535433071 que
484.251968503937 1372.4409448818897 135.82677165354332 82.67716535433071 les
562.2047244094488 1372.4409448818897 174.8031496062992 82.67716535433071 frais
679.1338582677165 1372.4409448818897 116.92913385826772 82.67716535433071 de
718.1102362204724 1372.4409448818897 232.6771653543307 82.67716535433071 transport.

455.90551181102364 1448.0314960629921 172.44094488188978 82.67716535433071 ART.
563.3858267716536 1448.0314960629921 151.1811023622047 82.67716535433071 10.
649.6062992125984 1448.0314960629921 107.48031496062993 82.67716535433071 —
692.1259842519685 1448.0314960629921 128.74015748031496 82.67716535433071 Il
757.0866141732283 1448.0314960629921 128.74015748031496 82.67716535433071 en
822.0472440944882 1448.0314960629921 172.44094488188978 82.67716535433071 sera
929.5275590551181 1448.0314960629921 128.74015748031496 82.67716535433071 de
993.3070866141733 1448.0314960629921 172.44094488188978 82.67716535433071 même
1100.7874015748032 1448.0314960629921 172.44094488188978 82.67716535433071 pour
1209.4488188976377 1448.0314960629921 151.1811023622047 82.67716535433071 les
1273.2283464566929 1448.0314960629921 172.44094488188978 82.67716535433071 œuvres

405.11811023622045 1505.9055118110236 125.19685039370079 94.48818897637796 de
467.7165354330709 1505.9055118110236 291.73228346456693 94.48818897637796 sculpture,
696.8503937007874 1505.9055118110236 166.53543307086613 94.48818897637796 dont
800.7874015748032 1505.9055118110236 125.19685039370079 94.48818897637796 le
863.3858267716536 1505.9055118110236 187.79527559055117 94.48818897637796 poids
988.5826771653543 1505.9055118110236 125.19685039370079 94.48818897637796 ne
1050.0 1505.9055118110236 187.79527559055117 94.48818897637796 devra
1175.1968503937007 1505.9055118110236 145.2755905511811 94.48818897637796 pas
1237.7952755905512 1505.9055118110236 207.8740157480315 94.48818897637796 dépasser

407.4803149606299 1567.3228346456692 132.28346456692913 94.48818897637796 200
483.07086614173227 1567.3228346456692 188.9763779527559 94.48818897637796 kilog.
615.3543307086615 1567.3228346456692 113.38582677165354 94.48818897637796 En
672.0472440944882 1567.3228346456692 188.9763779527559 94.48818897637796 raison
803.1496062992126 1567.3228346456692 113.38582677165354 94.48818897637796 de
859.8425196850394 1567.3228346456692 113.38582677165354 94.48818897637796 la
916.5354330708661 1567.3228346456692 245.66929133858267 94.48818897637796 fragilité
1105.5118110236222 1567.3228346456692 113.38582677165354 94.48818897637796 de
1162.2047244094488 1567.3228346456692 132.28346456692913 94.48818897637796 ces
1236.6141732283465 1567.3228346456692 207.8740157480315 94.48818897637796 œuvres,
1368.8976377952756 1567.3228346456692 75.59055118110236 94.48818897637796 la

406.2992125984252 1627.5590551181103 186.61417322834646 82.67716535433071 Ville
531.496062992126 1627.5590551181103 206.69291338582678 82.67716535433071 entend
675.5905511811023 1627.5590551181103 206.69291338582678 82.67716535433071 n’être
820.8661417322835 1627.5590551181103 310.62992125984255 82.67716535433071 responsable
1068.8976377952756 1627.5590551181103 227.95275590551182 82.67716535433071 d’aucun
1234.251968503937 1627.5590551181103 145.2755905511811 82.67716535433071 des
1295.6692913385828 1627.5590551181103 145.2755905511811 82.67716535433071 acci-

403.93700787401576 1697.244094488189 170.07874015748033 89.76377952755905 dents
517.3228346456693 1697.244094488189 132.28346456692913 89.76377952755905 qui
592.9133858267717 1697.244094488189 263.38582677165357 89.76377952755905 pourraient
799.6062992125984 1697.244094488189 244.48818897637796 89.76377952755905 résulter,
987.4015748031496 1697.244094488189 151.1811023622047 89.76377952755905 soit
1081.8897637795276 1697.244094488189 113.38582677165354 89.76377952755905 du
1138.5826771653544 1697.244094488189 263.38582677165357 89.76377952755905 transport,
1326.3779527559054 1697.244094488189 113.38582677165354 89.76377952755905 soit

399.21259842519686 1757.4803149606298 128.74015748031496 79.13385826771653 du
441.73228346456693 1757.4803149606298 300.0 79.13385826771653 réemballage.

450.0 1831.8897637795276 184.251968503937 86.22047244094489 ART.
564.5669291338583 1831.8897637795276 160.62992125984252 86.22047244094489 11.
656.6929133858267 1831.8897637795276 114.56692913385827 86.22047244094489 —
702.7559055118111 1831.8897637795276 160.62992125984252 86.22047244094489 Les
793.7007874015748 1831.8897637795276 275.1968503937008 86.22047244094489 tableaux
1000.3937007874016 1831.8897637795276 230.31496062992127 86.22047244094489 seront
1162.2047244094488 1831.8897637795276 275.1968503937008 86.22047244094489 renvoyés
1345.275590551181 1831.8897637795276 92.1259842519685 86.22047244094489 au

403.93700787401576 1900.3937007874015 166.53543307086613 70.86614173228347 siège
514.9606299212599 1900.3937007874015 111.02362204724409 70.86614173228347 du
570.4724409448819 1900.3937007874015 277.5590551181102 70.86614173228347 Moniteur
792.5196850393701 1900.3937007874015 128.74015748031496 70.86614173228347 des
865.7480314960629 1900.3937007874015 239.76377952755905 70.86614173228347 Arts
1051.1811023622047 1900.3937007874015 147.63779527559055 70.86614173228347 pour
1143.3070866141732 1900.3937007874015 111.02362204724409 70.86614173228347 le
1198.8188976377953 1900.3937007874015 92.1259842519685 70.86614173228347 7
1235.4330708661416 1900.3937007874015 166.53543307086613 70.86614173228347 juin,
1327.5590551181103 1900.3937007874015 111.02362204724409 70.86614173228347 afin

401.5748031496063 1958.267716535433 206.69291338582678 76.77165354330708 d'être
546.8503937007874 1958.267716535433 145.2755905511811 76.77165354330708 mis
629.5275590551181 1958.267716535433 351.9685039370079 76.77165354330708 immédiatement
920.0787401574803 1958.267716535433 103.93700787401575 76.77165354330708 à
961.4173228346457 1958.267716535433 124.01574803149606 76.77165354330708 la
1022.8346456692914 1958.267716535433 310.62992125984255 76.77165354330708 disposition
1272.0472440944882 1958.267716535433 145.2755905511811 76.77165354330708 des
1333.4645669291338 1958.267716535433 103.93700787401575 76.77165354330708 ar-

405.11811023622045 2011.4173228346456 211.41732283464566 103.93700787401575 tistes,
558.6614173228346 2011.4173228346456 134.64566929133858 103.93700787401575 par
635.4330708661417 2011.4173228346456 134.64566929133858 103.93700787401575 les
712.2047244094488 2011.4173228346456 173.6220472440945 103.93700787401575 soins
827.9527559055118 2011.4173228346456 115.74803149606299 103.93700787401575 de
885.8267716535433 2011.4173228346456 115.74803149606299 103.93700787401575 M.
923.6220472440945 2011.4173228346456 250.39370078740157 103.93700787401575 Fillonneau.
