1470 2308
606 221 138 68 —
662 221 138 68 9
689 221 83 68 —

295 321 128 81 ART
368 321 128 81 12.
441 321 91 81 —
478 321 165 81 Aucun
587 321 201 81 ouvrage
734 321 110 81 ne
789 321 183 81 pourra
917 321 146 81 être
990 321 146 81 retiré

254 384 99 57 de
304 384 264 57 l’Exposition
519 384 149 57 avant
618 384 99 57 sa
651 384 165 57 clôture.

293 437 143 83 ART.
382 437 125 83 13.
454 437 89 83 —
489 437 125 83 Une
561 437 268 83 commission,
775 437 232 83 instituée
954 437 125 83 par
1007 437 125 83 nous,

252 499 239 64 procèdera
435 499 92 64 à
472 499 110 64 la
527 499 239 64 réception
711 499 129 64 des
785 499 221 64 tableaux
950 499 110 64 et
987 499 147 64 autres

250 554 172 67 œuvres
370 554 240 67 présentées
559 554 86 67 à
593 554 154 67 cette
679 554 223 67 Exposition.

577 666 179 76 TITRE
677 666 119 76 III.

296 753 321 82 <b>Récompenses
564 753 107 82 et
618 753 232 82 avantages
796 753 196 82 offerts
921 753 161 82 aux</b>

558 828 250 60 <b>Exposants.</b>

287 911 140 79 ART.
375 911 123 79 14.
445 911 88 79 —
481 911 123 79 Une
551 911 176 79 grande
674 911 211 79 médaille
832 911 140 79 d’or
919 911 105 79 de
954 911 176 79 1,000fr.

246 972 134 73 sera
330 972 200 73 accordée
480 972 83 73 à
513 972 184 73 l’œuvre
647 972 150 73 d’art
747 972 117 73 qui
814 972 134 73 sera
897 972 150 73 jugée
981 972 150 73 mériter

246 1024 160 64 cette
335 1024 231 64 récompense.

287 1076 103 63 Il
338 1076 138 63 sera
424 1076 103 63 en
476 1076 155 63 outre
579 1076 189 63 décerné
717 1076 172 63 quatre
837 1076 172 63 autres
940 1076 189 63 médailles

247 1123 133 77 d’or
331 1123 100 77 au
381 1123 117 77 nom
447 1123 100 77 de
498 1123 100 77 la
548 1123 150 77 Ville
631 1123 100 77 (1).

284 1188 140 70 ART.
372 1188 123 70 15.
442 1188 88 70 —
477 1188 105 70 Un
530 1188 105 70 ou
583 1188 228 70 plusieurs
758 1188 123 70 des
828 1188 210 70 tableaux
968 1188 158 70 exposés

244 1246 183 62 seront
372 1246 183 62 acquis
500 1246 311 62 spécialement,
757 1246 147 62 pour
848 1246 147 62 être
940 1246 183 62 placés
1050 1246 73 62 au

245 1291 159 69 Musée
351 1291 106 69 de
404 1291 106 69 la
457 1291 176 69 Ville,
580 1291 106 69 au
633 1291 159 69 moyen
739 1291 106 69 du
792 1291 176 69 crédit
915 1291 141 69 voté
1004 1291 123 69 par
1056 1291 71 69 le

243 1348 198 64 Conseil
387 1348 234 64 municipal
567 1348 108 64 et
621 1348 108 64 de
675 1348 108 64 la
730 1348 180 64 moitié
856 1348 108 64 du
910 1348 198 64 produit
1036 1348 90 64 des

243 1395 161 68 droits
340 1395 177 68 d’entrée.

286 1458 134 62 ART.
370 1458 117 62 16.
437 1458 84 62 —
470 1458 100 62 En
521 1458 167 62 outre,
638 1458 117 62 des
705 1458 167 62 achats
822 1458 167 62 seront
939 1458 167 62 faits,
1039 1458 84 62 par

243 1502 110 86 la
298 1502 202 86 Société
444 1502 128 86 des
517 1502 147 86 Amis
609 1502 128 86 des
682 1502 165 86 Arts,
792 1502 110 86 au
847 1502 165 86 moyen
957 1502 128 86 des
1012 1502 110 86 sou

276 1636 102 84 (1)
335 1636 116 84 NOT.
407 1636 73 84 —
436 1636 87 84 Il
480 1636 73 84 y
509 1636 73 84 a
538 1636 116 84 lieu
611 1636 189 84 d'espérer
756 1636 102 84 que
815 1636 87 84 Sa
858 1636 160 84 Majesté
960 1636 160 84 daignera,

245 1701 129 54 comme
331 1701 115 54 Elle
403 1701 100 54 l’a
460 1701 115 54 fait
532 1701 244 54 précédemment,
733 1701 172 54 accorder
862 1701 100 54 une
919 1701 187 54 médaille,
1048 1701 72 54 qui

244 1748 149 66 viendra
353 1748 176 66 augmenter
488 1748 95 66 les
542 1748 203 66 récompenses
705 1748 162 66 offertes
827 1748 95 66 par
881 1748 81 66 la
908 1748 108 66 Ville.
