1736.2204724409448 2725.984251968504
715.7480314960629 261.0236220472441 162.99212598425197 80.31496062992126 —
781.8897637795276 261.0236220472441 162.99212598425197 80.31496062992126 9
813.7795275590552 261.0236220472441 98.03149606299213 80.31496062992126 —

348.4251968503937 379.13385826771656 151.1811023622047 95.66929133858268 ART
434.6456692913386 379.13385826771656 151.1811023622047 95.66929133858268 12.
520.8661417322835 379.13385826771656 107.48031496062993 95.66929133858268 —
564.5669291338583 379.13385826771656 194.88188976377953 95.66929133858268 Aucun
693.3070866141733 379.13385826771656 237.4015748031496 95.66929133858268 ouvrage
866.9291338582677 379.13385826771656 129.92125984251967 95.66929133858268 ne
931.8897637795276 379.13385826771656 216.14173228346456 95.66929133858268 pourra
1083.0708661417323 379.13385826771656 172.44094488188978 95.66929133858268 être
1169.291338582677 379.13385826771656 172.44094488188978 95.66929133858268 retiré

300.0 453.54330708661416 116.92913385826772 67.32283464566929 de
359.0551181102362 453.54330708661416 311.81102362204723 67.32283464566929 l’Exposition
612.992125984252 453.54330708661416 175.98425196850394 67.32283464566929 avant
729.9212598425197 453.54330708661416 116.92913385826772 67.32283464566929 sa
768.8976377952756 453.54330708661416 194.88188976377953 67.32283464566929 clôture.

346.06299212598424 516.1417322834645 168.89763779527559 98.03149606299213 ART.
451.18110236220474 516.1417322834645 147.63779527559055 98.03149606299213 13.
536.2204724409448 516.1417322834645 105.11811023622047 98.03149606299213 —
577.5590551181102 516.1417322834645 147.63779527559055 98.03149606299213 Une
662.5984251968504 516.1417322834645 316.53543307086613 98.03149606299213 commission,
915.3543307086615 516.1417322834645 274.01574803149606 98.03149606299213 instituée
1126.7716535433071 516.1417322834645 147.63779527559055 98.03149606299213 par
1189.3700787401574 516.1417322834645 147.63779527559055 98.03149606299213 nous,

297.6377952755906 589.3700787401575 282.2834645669291 75.59055118110236 procèdera
513.7795275590552 589.3700787401575 108.66141732283465 75.59055118110236 à
557.4803149606299 589.3700787401575 129.92125984251967 75.59055118110236 la
622.4409448818898 589.3700787401575 282.2834645669291 75.59055118110236 réception
839.7637795275591 589.3700787401575 152.36220472440945 75.59055118110236 des
927.1653543307086 589.3700787401575 261.0236220472441 75.59055118110236 tableaux
1122.0472440944882 589.3700787401575 129.92125984251967 75.59055118110236 et
1165.748031496063 589.3700787401575 173.6220472440945 75.59055118110236 autres

295.2755905511811 654.3307086614174 203.1496062992126 79.13385826771653 œuvres
437.00787401574803 654.3307086614174 283.46456692913387 79.13385826771653 présentées
660.2362204724409 654.3307086614174 101.5748031496063 79.13385826771653 à
700.3937007874016 654.3307086614174 181.88976377952756 79.13385826771653 cette
801.9685039370079 654.3307086614174 263.38582677165357 79.13385826771653 Exposition.

681.496062992126 786.6141732283464 211.41732283464566 89.76377952755905 TITRE
799.6062992125984 786.6141732283464 140.5511811023622 89.76377952755905 III.

349.6062992125984 889.3700787401575 379.13385826771656 96.85039370078741 <b>Récompenses
666.1417322834645 889.3700787401575 126.37795275590551 96.85039370078741 et
729.9212598425197 889.3700787401575 274.01574803149606 96.85039370078741 avantages
940.1574803149606 889.3700787401575 231.49606299212599 96.85039370078741 offerts
1087.7952755905512 889.3700787401575 190.15748031496062 96.85039370078741 aux</b>

659.0551181102362 977.9527559055118 295.2755905511811 70.86614173228347 <b>Exposants.</b>

338.9763779527559 1075.984251968504 165.35433070866142 93.30708661417323 ART.
442.9133858267717 1075.984251968504 145.2755905511811 93.30708661417323 14.
525.5905511811023 1075.984251968504 103.93700787401575 93.30708661417323 —
568.1102362204724 1075.984251968504 145.2755905511811 93.30708661417323 Une
650.7874015748032 1075.984251968504 207.8740157480315 93.30708661417323 grande
796.0629921259842 1075.984251968504 249.21259842519686 93.30708661417323 médaille
982.6771653543307 1075.984251968504 165.35433070866142 93.30708661417323 d’or
1085.4330708661416 1075.984251968504 124.01574803149606 93.30708661417323 de
1126.7716535433071 1075.984251968504 207.8740157480315 93.30708661417323 1,000fr.

290.5511811023622 1148.0314960629921 158.26771653543307 86.22047244094489 sera
389.76377952755905 1148.0314960629921 236.2204724409449 86.22047244094489 accordée
566.9291338582677 1148.0314960629921 98.03149606299213 86.22047244094489 à
605.9055118110236 1148.0314960629921 217.3228346456693 86.22047244094489 l’œuvre
764.1732283464567 1148.0314960629921 177.16535433070865 86.22047244094489 d’art
882.2834645669292 1148.0314960629921 138.18897637795277 86.22047244094489 qui
961.4173228346457 1148.0314960629921 158.26771653543307 86.22047244094489 sera
1059.4488188976377 1148.0314960629921 177.16535433070865 86.22047244094489 jugée
1158.6614173228347 1148.0314960629921 177.16535433070865 86.22047244094489 mériter

290.5511811023622 1209.4488188976377 188.9763779527559 75.59055118110236 cette
395.6692913385827 1209.4488188976377 272.8346456692913 75.59055118110236 récompense.

338.9763779527559 1270.8661417322835 121.65354330708661 74.40944881889764 Il
399.21259842519686 1270.8661417322835 162.99212598425197 74.40944881889764 sera
500.78740157480314 1270.8661417322835 121.65354330708661 74.40944881889764 en
562.2047244094488 1270.8661417322835 183.0708661417323 74.40944881889764 outre
683.8582677165355 1270.8661417322835 223.22834645669292 74.40944881889764 décerné
846.8503937007874 1270.8661417322835 203.1496062992126 74.40944881889764 quatre
988.5826771653543 1270.8661417322835 203.1496062992126 74.40944881889764 autres
1110.236220472441 1270.8661417322835 223.22834645669292 74.40944881889764 médailles

291.73228346456693 1326.3779527559054 157.08661417322836 90.94488188976378 d’or
390.9448818897638 1326.3779527559054 118.11023622047244 90.94488188976378 au
450.0 1326.3779527559054 138.18897637795277 90.94488188976378 nom
527.9527559055118 1326.3779527559054 118.11023622047244 90.94488188976378 de
588.1889763779527 1326.3779527559054 118.11023622047244 90.94488188976378 la
647.2440944881889 1326.3779527559054 177.16535433070865 90.94488188976378 Ville
745.2755905511812 1326.3779527559054 118.11023622047244 90.94488188976378 (1).

335.43307086614175 1403.1496062992126 165.35433070866142 82.67716535433071 ART.
439.37007874015745 1403.1496062992126 145.2755905511811 82.67716535433071 15.
522.0472440944882 1403.1496062992126 103.93700787401575 82.67716535433071 —
563.3858267716536 1403.1496062992126 124.01574803149606 82.67716535433071 Un
625.9842519685039 1403.1496062992126 124.01574803149606 82.67716535433071 ou
688.5826771653543 1403.1496062992126 269.29133858267716 82.67716535433071 plusieurs
895.2755905511812 1403.1496062992126 145.2755905511811 82.67716535433071 des
977.9527559055118 1403.1496062992126 248.03149606299212 82.67716535433071 tableaux
1143.3070866141732 1403.1496062992126 186.61417322834646 82.67716535433071 exposés

288.18897637795277 1471.6535433070867 216.14173228346456 73.22834645669292 seront
439.37007874015745 1471.6535433070867 216.14173228346456 73.22834645669292 acquis
590.5511811023622 1471.6535433070867 367.3228346456693 73.22834645669292 spécialement,
894.0944881889764 1471.6535433070867 173.6220472440945 73.22834645669292 pour
1001.5748031496063 1471.6535433070867 173.6220472440945 73.22834645669292 être
1110.236220472441 1471.6535433070867 216.14173228346456 73.22834645669292 placés
1240.1574803149606 1471.6535433070867 86.22047244094489 73.22834645669292 au

289.37007874015745 1524.8031496062993 187.79527559055117 81.49606299212599 Musée
414.56692913385825 1524.8031496062993 125.19685039370079 81.49606299212599 de
477.1653543307087 1524.8031496062993 125.19685039370079 81.49606299212599 la
539.7637795275591 1524.8031496062993 207.8740157480315 81.49606299212599 Ville,
685.0393700787401 1524.8031496062993 125.19685039370079 81.49606299212599 au
747.6377952755905 1524.8031496062993 187.79527559055117 81.49606299212599 moyen
872.8346456692914 1524.8031496062993 125.19685039370079 81.49606299212599 du
935.4330708661417 1524.8031496062993 207.8740157480315 81.49606299212599 crédit
1080.708661417323 1524.8031496062993 166.53543307086613 81.49606299212599 voté
1185.8267716535433 1524.8031496062993 145.2755905511811 81.49606299212599 par
1247.244094488189 1524.8031496062993 83.85826771653544 81.49606299212599 le

287.00787401574803 1592.1259842519685 233.85826771653544 75.59055118110236 Conseil
457.0866141732283 1592.1259842519685 276.37795275590554 75.59055118110236 municipal
669.6850393700787 1592.1259842519685 127.55905511811024 75.59055118110236 et
733.4645669291339 1592.1259842519685 127.55905511811024 75.59055118110236 de
797.2440944881889 1592.1259842519685 127.55905511811024 75.59055118110236 la
862.2047244094488 1592.1259842519685 212.5984251968504 75.59055118110236 moitié
1011.0236220472441 1592.1259842519685 127.55905511811024 75.59055118110236 du
1074.8031496062993 1592.1259842519685 233.85826771653544 75.59055118110236 produit
1223.6220472440946 1592.1259842519685 106.2992125984252 75.59055118110236 des

287.00787401574803 1647.6377952755906 190.15748031496062 80.31496062992126 droits
401.5748031496063 1647.6377952755906 209.0551181102362 80.31496062992126 d’entrée.

337.79527559055117 1722.0472440944882 158.26771653543307 73.22834645669292 ART.
437.00787401574803 1722.0472440944882 138.18897637795277 73.22834645669292 16.
516.1417322834645 1722.0472440944882 99.21259842519684 73.22834645669292 —
555.1181102362204 1722.0472440944882 118.11023622047244 73.22834645669292 En
615.3543307086615 1722.0472440944882 197.24409448818898 73.22834645669292 outre,
753.5433070866142 1722.0472440944882 138.18897637795277 73.22834645669292 des
832.6771653543307 1722.0472440944882 197.24409448818898 73.22834645669292 achats
970.8661417322835 1722.0472440944882 197.24409448818898 73.22834645669292 seront
1109.0551181102362 1722.0472440944882 197.24409448818898 73.22834645669292 faits,
1227.1653543307086 1722.0472440944882 99.21259842519684 73.22834645669292 par

287.00787401574803 1774.015748031496 129.92125984251967 101.5748031496063 la
351.9685039370079 1774.015748031496 238.58267716535434 101.5748031496063 Société
524.4094488188977 1774.015748031496 151.1811023622047 101.5748031496063 des
610.6299212598425 1774.015748031496 173.6220472440945 101.5748031496063 Amis
719.2913385826772 1774.015748031496 151.1811023622047 101.5748031496063 des
805.511811023622 1774.015748031496 194.88188976377953 101.5748031496063 Arts,
935.4330708661417 1774.015748031496 129.92125984251967 101.5748031496063 au
1000.3937007874016 1774.015748031496 194.88188976377953 101.5748031496063 moyen
1130.3149606299212 1774.015748031496 151.1811023622047 101.5748031496063 des
1195.275590551181 1774.015748031496 129.92125984251967 101.5748031496063 sou

325.98425196850394 1932.283464566929 120.4724409448819 99.21259842519684 (1)
395.6692913385827 1932.283464566929 137.00787401574803 99.21259842519684 NOT.
480.70866141732284 1932.283464566929 86.22047244094489 99.21259842519684 —
514.9606299212599 1932.283464566929 102.75590551181102 99.21259842519684 Il
566.9291338582677 1932.283464566929 86.22047244094489 99.21259842519684 y
601.1811023622047 1932.283464566929 86.22047244094489 99.21259842519684 a
635.4330708661417 1932.283464566929 137.00787401574803 99.21259842519684 lieu
721.6535433070866 1932.283464566929 223.22834645669292 99.21259842519684 d'espérer
892.9133858267717 1932.283464566929 120.4724409448819 99.21259842519684 que
962.5984251968504 1932.283464566929 102.75590551181102 99.21259842519684 Sa
1013.3858267716536 1932.283464566929 188.9763779527559 99.21259842519684 Majesté
1133.8582677165355 1932.283464566929 188.9763779527559 99.21259842519684 daignera,

289.37007874015745 2009.0551181102362 152.36220472440945 63.77952755905512 comme
390.9448818897638 2009.0551181102362 135.82677165354332 63.77952755905512 Elle
475.98425196850394 2009.0551181102362 118.11023622047244 63.77952755905512 l’a
543.3070866141733 2009.0551181102362 135.82677165354332 63.77952755905512 fait
628.3464566929134 2009.0551181102362 288.18897637795277 63.77952755905512 précédemment,
865.7480314960629 2009.0551181102362 203.1496062992126 63.77952755905512 accorder
1018.1102362204724 2009.0551181102362 118.11023622047244 63.77952755905512 une
1085.4330708661416 2009.0551181102362 220.86614173228347 63.77952755905512 médaille,
1237.7952755905512 2009.0551181102362 85.03937007874016 63.77952755905512 qui

288.18897637795277 2064.566929133858 175.98425196850394 77.95275590551181 viendra
416.92913385826773 2064.566929133858 207.8740157480315 77.95275590551181 augmenter
576.3779527559055 2064.566929133858 112.20472440944881 77.95275590551181 les
640.1574803149606 2064.566929133858 239.76377952755905 77.95275590551181 récompenses
832.6771653543307 2064.566929133858 191.33858267716536 77.95275590551181 offertes
976.7716535433071 2064.566929133858 112.20472440944881 77.95275590551181 par
1040.5511811023623 2064.566929133858 95.66929133858268 77.95275590551181 la
1072.4409448818897 2064.566929133858 127.55905511811024 77.95275590551181 Ville.
