1707.8740157480315 2735.433070866142
863.3858267716536 259.84251968503935 177.16535433070865 79.13385826771653 10
922.4409448818898 259.84251968503935 88.58267716535433 79.13385826771653 —

392.12598425196853 357.87401574803147 268.1102362204724 102.75590551181102 scriptions
602.3622047244095 357.87401574803147 114.56692913385827 102.75590551181102 de
660.2362204724409 357.87401574803147 114.56692913385827 102.75590551181102 la
718.1102362204724 357.87401574803147 191.33858267716536 102.75590551181102 Ville,
852.7559055118111 357.87401574803147 114.56692913385827 102.75590551181102 de
909.4488188976378 357.87401574803147 191.33858267716536 102.75590551181102 celles
1044.0944881889764 357.87401574803147 114.56692913385827 102.75590551181102 de
1101.9685039370079 357.87401574803147 191.33858267716536 102.75590551181102 ladite
1216.5354330708662 357.87401574803147 211.41732283464566 102.75590551181102 Compagnie

390.9448818897638 435.8267716535433 112.20472440944881 73.22834645669292 et
447.6377952755906 435.8267716535433 131.10236220472441 73.22834645669292 des
503.1496062992126 435.8267716535433 279.9212598425197 73.22834645669292 particuliers.

434.6456692913386 496.06299212598424 135.82677165354332 95.66929133858268 La
501.9685039370079 496.06299212598424 249.21259842519686 95.66929133858268 seconde
683.8582677165355 496.06299212598424 226.77165354330708 95.66929133858268 moitié
842.1259842519685 496.06299212598424 135.82677165354332 95.66929133858268 du
909.4488188976378 496.06299212598424 249.21259842519686 95.66929133858268 produit
1090.1574803149606 496.06299212598424 158.26771653543307 95.66929133858268 des
1181.1023622047244 496.06299212598424 249.21259842519686 95.66929133858268 entrées
1339.3700787401574 496.06299212598424 158.26771653543307 95.66929133858268 sera»

386.2204724409449 564.5669291338583 240.9448818897638 85.03937007874016 affectée
566.9291338582677 564.5669291338583 140.5511811023622 85.03937007874016 aux
647.2440944881889 564.5669291338583 180.70866141732284 85.03937007874016 mêmes
747.6377952755905 564.5669291338583 301.18110236220474 85.03937007874016 acquisitions.

773.6220472440945 703.9370078740158 226.77165354330708 88.58267716535433 TITRE
898.8188976377953 703.9370078740158 126.37795275590551 88.58267716535433 IV.

635.4330708661417 823.2283464566929 237.4015748031496 86.22047244094489 Entrée
817.3228346456693 823.2283464566929 90.94488188976378 86.22047244094489 à
835.0393700787401 823.2283464566929 328.34645669291336 86.22047244094489 l’Exposition

428.74015748031496 969.6850393700787 161.81102362204723 77.95275590551181 ART.
530.3149606299213 969.6850393700787 141.73228346456693 77.95275590551181 17.
610.6299212598425 969.6850393700787 101.5748031496063 77.95275590551181 —
650.7874015748032 969.6850393700787 243.30708661417322 77.95275590551181 L’entrée
833.8582677165355 969.6850393700787 101.5748031496063 77.95275590551181 à
874.0157480314961 969.6850393700787 323.62204724409446 77.95275590551181 l’Exposition
1137.4015748031495 969.6850393700787 283.46456692913387 77.95275590551181 municipale
1339.3700787401574 969.6850393700787 81.49606299212599 77.95275590551181 de

381.496062992126 1032.283464566929 235.03937007874015 61.41732283464567 tableaux
558.6614173228346 1032.283464566929 118.11023622047244 61.41732283464567 et
617.7165354330708 1032.283464566929 196.06299212598427 61.41732283464567 objets
754.7244094488188 1032.283464566929 175.98425196850394 61.41732283464567 d’art
871.6535433070866 1032.283464566929 157.08661417322836 61.41732283464567 sera
969.6850393700787 1032.283464566929 216.14173228346456 61.41732283464567 soumise
1126.7716535433071 1032.283464566929 98.03149606299213 61.41732283464567 à
1165.748031496063 1032.283464566929 137.00787401574803 61.41732283464567 une
1224.8031496062993 1032.283464566929 196.06299212598427 61.41732283464567 rétribu

362.59842519685037 1085.4330708661416 135.82677165354332 67.32283464566929 tion.

427.5590551181102 1142.1259842519685 161.81102362204723 86.22047244094489 ART.
527.9527559055118 1142.1259842519685 141.73228346456693 86.22047244094489 18.
609.4488188976378 1142.1259842519685 100.39370078740157 86.22047244094489 —
649.6062992125984 1142.1259842519685 181.88976377952756 86.22047244094489 Cette
770.0787401574803 1142.1259842519685 322.4409448818898 86.22047244094489 rétribution,
1032.283464566929 1142.1259842519685 121.65354330708661 86.22047244094489 ou
1093.7007874015749 1142.1259842519685 181.88976377952756 86.22047244094489 droit
1194.0944881889764 1142.1259842519685 222.04724409448818 86.22047244094489 d’entrée,

380.31496062992125 1203.5433070866143 137.00787401574803 82.67716535433071 est
459.4488188976378 1203.5433070866143 175.98425196850394 82.67716535433071 fixée
576.3779527559055 1203.5433070866143 98.03149606299213 82.67716535433071 à
616.5354330708661 1203.5433070866143 118.11023622047244 82.67716535433071 25
674.4094488188977 1203.5433070866143 235.03937007874015 82.67716535433071 centimes
851.5748031496063 1203.5433070866143 137.00787401574803 82.67716535433071 par
909.4488188976378 1203.5433070866143 216.14173228346456 82.67716535433071 personne.

426.37795275590554 1273.2283464566929 147.63779527559055 69.68503937007874 Les
511.4173228346457 1273.2283464566929 231.49606299212599 69.68503937007874 enfants
679.1338582677165 1273.2283464566929 295.2755905511811 69.68503937007874 au-dessous
911.8110236220473 1273.2283464566929 126.37795275590551 69.68503937007874 de
974.4094488188977 1273.2283464566929 147.63779527559055 69.68503937007874 six
1059.4488188976377 1273.2283464566929 168.89763779527559 69.68503937007874 ans,
1143.3070866141732 1273.2283464566929 274.01574803149606 69.68503937007874 accompagnés

379.13385826771656 1342.9133858267717 113.38582677165354 61.41732283464567 de
435.8267716535433 1342.9133858267717 171.25984251968504 61.41732283464567 leurs
550.3937007874016 1342.9133858267717 227.95275590551182 61.41732283464567 parents,
720.4724409448819 1342.9133858267717 227.95275590551182 61.41732283464567 jouiront
891.7322834645669 1342.9133858267717 113.38582677165354 61.41732283464567 de
948.4251968503937 1342.9133858267717 227.95275590551182 61.41732283464567 l’entrée
1099.6062992125985 1342.9133858267717 209.0551181102362 61.41732283464567 gratuite.

425.1968503937008 1403.1496062992126 159.4488188976378 72.04724409448819 ART.
524.4094488188977 1403.1496062992126 139.37007874015748 72.04724409448819 19.
604.7244094488188 1403.1496062992126 99.21259842519684 72.04724409448819 —
643.7007874015748 1403.1496062992126 119.29133858267717 72.04724409448819 Le
703.9370078740158 1403.1496062992126 218.50393700787401 72.04724409448819 produit
862.2047244094488 1403.1496062992126 139.37007874015748 72.04724409448819 net
941.3385826771654 1403.1496062992126 139.37007874015748 72.04724409448819 des
1021.6535433070866 1403.1496062992126 198.4251968503937 72.04724409448819 droits
1159.8425196850394 1403.1496062992126 238.58267716535434 72.04724409448819 d’entrée
1319.291338582677 1403.1496062992126 99.21259842519684 72.04724409448819 est

379.13385826771656 1450.3937007874015 129.92125984251967 80.31496062992126 dès
453.54330708661416 1450.3937007874015 93.30708661417323 80.31496062992126 à
491.33858267716533 1450.3937007874015 204.33070866141733 80.31496062992126 présent
638.9763779527559 1450.3937007874015 223.22834645669292 80.31496062992126 affecté,
806.6929133858267 1450.3937007874015 148.8188976377953 80.31496062992126 pour
898.8188976377953 1450.3937007874015 204.33070866141733 80.31496062992126 moitié,
1047.6377952755906 1450.3937007874015 166.53543307086613 80.31496062992126 ainsi
1158.6614173228347 1450.3937007874015 166.53543307086613 80.31496062992126 qu’il
1269.6850393700788 1450.3937007874015 129.92125984251967 80.31496062992126 est
1325.1968503937007 1450.3937007874015 93.30708661417323 80.31496062992126 dit

377.9527559055118 1525.984251968504 285.8267716535433 62.59842519685039 ci-dessus,
602.3622047244095 1525.984251968504 162.99212598425197 62.59842519685039 art.
703.9370078740158 1525.984251968504 142.91338582677164 62.59842519685039 15,
785.4330708661417 1525.984251968504 101.5748031496063 62.59842519685039 à
825.5905511811023 1525.984251968504 224.40944881889763 62.59842519685039 l’achat
989.7637795275591 1525.984251968504 244.48818897637796 62.59842519685039 d’œuvres
1172.8346456692914 1525.984251968504 264.56692913385825 62.59842519685039 destinées
1355.9055118110236 1525.984251968504 61.41732283464567 62.59842519685039 à

377.9527559055118 1574.4094488188975 179.5275590551181 68.50393700787401 faire
497.244094488189 1574.4094488188975 199.60629921259843 68.50393700787401 partie
636.6141732283464 1574.4094488188975 119.29133858267717 68.50393700787401 du
676.7716535433071 1574.4094488188975 159.4488188976378 68.50393700787401 Musée.

425.1968503937008 1635.8267716535433 161.81102362204723 90.94488188976378 ART.
525.5905511811023 1635.8267716535433 161.81102362204723 90.94488188976378 20.—
627.1653543307086 1635.8267716535433 222.04724409448818 90.94488188976378 L’autre
788.9763779527559 1635.8267716535433 201.96850393700788 90.94488188976378 moitié
930.7086614173228 1635.8267716535433 201.96850393700788 90.94488188976378 pourra
1071.259842519685 1635.8267716535433 161.81102362204723 90.94488188976378 être
1172.8346456692914 1635.8267716535433 201.96850393700788 90.94488188976378 remise
1313.3858267716535 1635.8267716535433 101.5748031496063 90.94488188976378 à
1334.6456692913387 1635.8267716535433 80.31496062992126 90.94488188976378 la

377.9527559055118 1710.236220472441 216.14173228346456 57.874015748031496 Société
535.0393700787401 1710.236220472441 137.00787401574803 57.874015748031496 des
614.1732283464567 1710.236220472441 157.08661417322836 57.874015748031496 Amis
712.2047244094488 1710.236220472441 137.00787401574803 57.874015748031496 des
790.1574803149606 1710.236220472441 175.98425196850394 57.874015748031496 Arts,
908.2677165354331 1710.236220472441 157.08661417322836 57.874015748031496 pour
1005.1181102362204 1710.236220472441 157.08661417322836 57.874015748031496 être
1103.1496062992126 1710.236220472441 235.03937007874015 57.874015748031496 employée
1260.236220472441 1710.236220472441 157.08661417322836 57.874015748031496 égale-

376.7716535433071 1778.740157480315 166.53543307086613 66.14173228346456 ment
480.70866141732284 1778.740157480315 103.93700787401575 66.14173228346456 à
523.2283464566929 1778.740157480315 353.1496062992126 66.14173228346456 l’acquisition
813.7795275590552 1778.740157480315 125.19685039370079 66.14173228346456 de
876.3779527559055 1778.740157480315 249.21259842519686 66.14173228346456 tableaux
1062.992125984252 1778.740157480315 249.21259842519686 66.14173228346456 exposés,
1229.5275590551182 1778.740157480315 186.61417322834646 66.14173228346456 confor-

377.9527559055118 1842.5196850393702 191.33858267716536 63.77952755905512 mément
511.4173228346457 1842.5196850393702 95.66929133858268 63.77952755905512 à
550.3937007874016 1842.5196850393702 249.21259842519686 63.77952755905512 l’article
741.7322834645669 1842.5196850393702 114.56692913385827 63.77952755905512 16
799.6062992125984 1842.5196850393702 268.1102362204724 63.77952755905512 ci-dessus;
1011.0236220472441 1842.5196850393702 191.33858267716536 63.77952755905512 ladite
1145.6692913385828 1842.5196850393702 211.41732283464566 63.77952755905512 Société
1279.1338582677165 1842.5196850393702 134.64566929133858 63.77952755905512 déli-

373.2283464566929 1895.6692913385828 214.96062992125985 69.68503937007874 vrerait
530.3149606299213 1895.6692913385828 116.92913385826772 69.68503937007874 en
589.3700787401575 1895.6692913385828 214.96062992125985 69.68503937007874 échange
745.2755905511812 1895.6692913385828 116.92913385826772 69.68503937007874 un
804.3307086614174 1895.6692913385828 196.06299212598427 69.68503937007874 nombre
941.3385826771654 1895.6692913385828 116.92913385826772 69.68503937007874 de
1000.3937007874016 1895.6692913385828 137.00787401574803 69.68503937007874 ses
1078.3464566929133 1895.6692913385828 214.96062992125985 69.68503937007874 billets
1215.3543307086613 1895.6692913385828 196.06299212598427 69.68503937007874 d’action

373.2283464566929 1960.6299212598426 353.1496062992126 69.68503937007874 correspondant
663.7795275590552 1960.6299212598426 124.01574803149606 69.68503937007874 au
726.3779527559055 1960.6299212598426 227.95275590551182 69.68503937007874 produit
892.9133858267717 1960.6299212598426 124.01574803149606 69.68503937007874 de
954.3307086614174 1960.6299212598426 186.61417322834646 69.68503937007874 cette
1079.5275590551182 1960.6299212598426 207.8740157480315 69.68503937007874 moitié
1224.8031496062993 1960.6299212598426 124.01574803149606 69.68503937007874 du
1266.1417322834645 1960.6299212598426 145.2755905511811 69.68503937007874 droit

376.7716535433071 2017.3228346456692 258.66141732283467 82.67716535433071 d’entrée.
576.3779527559055 2017.3228346456692 139.37007874015748 82.67716535433071 Les
655.511811023622 2017.3228346456692 199.60629921259843 82.67716535433071 œuvres
794.8818897637796 2017.3228346456692 218.50393700787401 82.67716535433071 gagnées
954.3307086614174 2017.3228346456692 139.37007874015748 82.67716535433071 par
1034.6456692913387 2017.3228346456692 139.37007874015748 82.67716535433071 ces
1113.7795275590552 2017.3228346456692 218.50393700787401 82.67716535433071 billets
1253.1496062992126 2017.3228346456692 159.4488188976378 82.67716535433071 seront
