1736.2204724409448 2725.984251968504
682.6771653543307 243.30708661417322 151.1811023622047 80.31496062992126 —
742.9133858267717 243.30708661417322 180.70866141732284 80.31496062992126 11
803.1496062992126 243.30708661417322 90.94488188976378 80.31496062992126 —

270.4724409448819 364.96062992125985 318.8976377952756 67.32283464566929 attribuées,
525.5905511811023 364.96062992125985 127.55905511811024 67.32283464566929 au
589.3700787401575 364.96062992125985 191.33858267716536 67.32283464566929 moyen
716.9291338582677 364.96062992125985 191.33858267716536 67.32283464566929 d’une
844.488188976378 364.96062992125985 233.85826771653544 67.32283464566929 loterie
1014.5669291338583 364.96062992125985 276.37795275590554 67.32283464566929 spéciale,
1205.9055118110236 364.96062992125985 106.2992125984252 67.32283464566929 aux

276.37795275590554 429.9212598425197 226.77165354330708 74.40944881889764 porteurs
446.45669291338584 429.9212598425197 113.38582677165354 74.40944881889764 de
503.1496062992126 429.9212598425197 207.8740157480315 74.40944881889764 billets
654.3307086614174 429.9212598425197 226.77165354330708 74.40944881889764 d’entrée
825.5905511811023 429.9212598425197 113.38582677165354 74.40944881889764 de
863.3858267716536 429.9212598425197 283.46456692913387 74.40944881889764 l’Exposition.

317.7165354330709 490.15748031496065 168.89763779527559 82.67716535433071 ART.
424.01574803149606 490.15748031496065 148.8188976377953 82.67716535433071 21.
507.87401574803147 490.15748031496065 106.2992125984252 82.67716535433071 —
550.3937007874016 490.15748031496065 127.55905511811024 82.67716535433071 Au
614.1732283464567 490.15748031496065 211.41732283464566 82.67716535433071 billet
762.992125984252 490.15748031496065 253.93700787401573 82.67716535433071 d’entrée
953.1496062992126 490.15748031496065 168.89763779527559 82.67716535433071 sera
1059.4488188976377 490.15748031496065 211.41732283464566 82.67716535433071 joint,
1185.8267716535433 490.15748031496065 127.55905511811024 82.67716535433071 pour

272.8346456692913 557.4803149606299 148.8188976377953 64.96062992125984 être
366.1417322834646 557.4803149606299 204.33070866141733 64.96062992125984 détaché
514.9606299212599 557.4803149606299 111.02362204724409 64.96062992125984 et
570.4724409448819 557.4803149606299 223.22834645669292 64.96062992125984 conservé
737.007874015748 557.4803149606299 129.92125984251967 64.96062992125984 par
811.4173228346457 557.4803149606299 111.02362204724409 64.96062992125984 le
866.9291338582677 557.4803149606299 223.22834645669292 64.96062992125984 porteur,
1033.4645669291338 557.4803149606299 111.02362204724409 64.96062992125984 un
1088.976377952756 557.4803149606299 185.43307086614172 64.96062992125984 billet
1201.1811023622047 557.4803149606299 111.02362204724409 64.96062992125984 por-

274.01574803149606 627.1653543307086 160.62992125984252 63.77952755905512 tant
374.40944881889766 627.1653543307086 120.4724409448819 63.77952755905512 un
434.6456692913386 627.1653543307086 200.78740157480314 63.77952755905512 numéro
574.0157480314961 627.1653543307086 120.4724409448819 63.77952755905512 et
634.2519685039371 627.1653543307086 140.5511811023622 63.77952755905512 qui
714.5669291338583 627.1653543307086 300.0 63.77952755905512 participera
955.511811023622 627.1653543307086 100.39370078740157 63.77952755905512 à
995.6692913385826 627.1653543307086 120.4724409448819 63.77952755905512 la
1055.9055118110236 627.1653543307086 220.86614173228347 63.77952755905512 loterie
1195.275590551181 627.1653543307086 120.4724409448819 63.77952755905512 men-

272.8346456692913 680.3149606299213 213.7795275590551 76.77165354330708 tionnée
427.5590551181102 680.3149606299213 116.92913385826772 76.77165354330708 en
486.61417322834643 680.3149606299213 252.75590551181102 76.77165354330708 l’article
661.4173228346457 680.3149606299213 232.6771653543307 76.77165354330708 précédent.

320.0787401574803 739.3700787401575 153.54330708661416 81.49606299212599 ART.
415.748031496063 739.3700787401575 133.46456692913387 81.49606299212599 22.
492.5196850393701 739.3700787401575 95.66929133858268 81.49606299212599 —
530.3149606299213 739.3700787401575 114.56692913385827 81.49606299212599 Le
588.1889763779527 739.3700787401575 191.33858267716536 81.49606299212599 billet
721.6535433070866 739.3700787401575 229.13385826771653 81.49606299212599 d’entrée
894.0944881889764 739.3700787401575 153.54330708661416 81.49606299212599 sera
989.7637795275591 739.3700787401575 191.33858267716536 81.49606299212599 séparé
1123.2283464566929 739.3700787401575 114.56692913385827 81.49606299212599 du
1161.023622047244 739.3700787401575 153.54330708661416 81.49606299212599 billet

274.01574803149606 806.6929133858267 111.02362204724409 85.03937007874016 de
329.5275590551181 806.6929133858267 223.22834645669292 85.03937007874016 loterie,
497.244094488189 806.6929133858267 148.8188976377953 85.03937007874016 mais
590.5511811023622 806.6929133858267 111.02362204724409 85.03937007874016 en
646.0629921259842 806.6929133858267 223.22834645669292 85.03937007874016 laissant
812.5984251968504 806.6929133858267 185.43307086614172 85.03937007874016 intact
942.5196850393701 806.6929133858267 111.02362204724409 85.03937007874016 le
999.2125984251968 806.6929133858267 148.8188976377953 85.03937007874016 côté
1091.3385826771653 806.6929133858267 111.02362204724409 85.03937007874016 du
1129.1338582677165 806.6929133858267 185.43307086614172 85.03937007874016 registre

271.65354330708664 877.5590551181102 96.85039370078741 72.04724409448819 à
309.4488188976378 877.5590551181102 212.5984251968504 72.04724409448819 souche.
464.1732283464567 877.5590551181102 173.6220472440945 72.04724409448819 Ledit
579.9212598425197 877.5590551181102 192.51968503937007 72.04724409448819 billet
714.5669291338583 877.5590551181102 231.49606299212599 72.04724409448819 d’entrée
889.3700787401575 877.5590551181102 154.7244094488189 72.04724409448819 sera
985.0393700787401 877.5590551181102 173.6220472440945 72.04724409448819 remis
1100.7874015748032 877.5590551181102 96.85039370078741 72.04724409448819 à
1139.763779527559 877.5590551181102 115.74803149606299 72.04724409448819 la
1178.740157480315 877.5590551181102 134.64566929133858 72.04724409448819 porte

269.29133858267716 933.0708661417323 128.74015748031496 88.58267716535433 du
333.07086614173227 933.0708661417323 193.70078740157481 88.58267716535433 Musée
462.99212598425197 933.0708661417323 128.74015748031496 88.58267716535433 et
527.9527559055118 933.0708661417323 366.1417322834646 88.58267716535433 immédiatement
807.8740157480315 933.0708661417323 193.70078740157481 88.58267716535433 lacéré.

318.8976377952756 998.0314960629921 159.4488188976378 92.1259842519685 ART.
418.1102362204724 998.0314960629921 139.37007874015748 92.1259842519685 23.
498.4251968503937 998.0314960629921 99.21259842519684 92.1259842519685 —
538.5826771653543 998.0314960629921 159.4488188976378 92.1259842519685 Pour
637.7952755905512 998.0314960629921 199.60629921259843 92.1259842519685 donner
777.1653543307086 998.0314960629921 119.29133858267717 92.1259842519685 au
836.2204724409448 998.0314960629921 199.60629921259843 92.1259842519685 public
975.5905511811023 998.0314960629921 119.29133858267717 92.1259842519685 le
1035.8267716535433 998.0314960629921 159.4488188976378 92.1259842519685 plus
1135.0393700787401 998.0314960629921 119.29133858267717 92.1259842519685 de
1175.1968503937007 998.0314960629921 139.37007874015748 92.1259842519685 faci-

271.65354330708664 1070.0787401574803 180.70866141732284 87.4015748031496 lités
392.12598425196853 1070.0787401574803 261.0236220472441 87.4015748031496 possible,
592.9133858267717 1070.0787401574803 120.4724409448819 87.4015748031496 un
653.1496062992126 1070.0787401574803 200.78740157480314 87.4015748031496 bureau
793.7007874015748 1070.0787401574803 120.4724409448819 87.4015748031496 de
853.9370078740158 1070.0787401574803 200.78740157480314 87.4015748031496 change
994.488188976378 1070.0787401574803 120.4724409448819 87.4015748031496 de
1054.724409448819 1070.0787401574803 220.86614173228347 87.4015748031496 monnaie
1195.275590551181 1070.0787401574803 120.4724409448819 87.4015748031496 sera

268.1102362204724 1129.1338582677165 209.0551181102362 86.22047244094489 établi
414.56692913385825 1129.1338582677165 105.11811023622047 86.22047244094489 à
457.0866141732283 1129.1338582677165 251.5748031496063 86.22047244094489 l’entrée
644.8818897637796 1129.1338582677165 125.19685039370079 86.22047244094489 de
707.4803149606299 1129.1338582677165 355.51181102362204 86.22047244094489 l’Exposition,
1000.3937007874016 1129.1338582677165 167.71653543307087 86.22047244094489 mais
1084.251968503937 1129.1338582677165 230.31496062992127 86.22047244094489 seulement

269.29133858267716 1201.1811023622047 170.07874015748033 70.86614173228347 pour
375.59055118110234 1201.1811023622047 148.8188976377953 70.86614173228347 des
460.62992125984255 1201.1811023622047 212.5984251968504 70.86614173228347 pièces
609.4488188976378 1201.1811023622047 127.55905511811024 70.86614173228347 de
673.2283464566929 1201.1811023622047 127.55905511811024 70.86614173228347 un
737.007874015748 1201.1811023622047 127.55905511811024 70.86614173228347 et
800.7874015748032 1201.1811023622047 170.07874015748033 70.86614173228347 deux
905.9055118110236 1201.1811023622047 233.85826771653544 70.86614173228347 francs.
1054.724409448819 1201.1811023622047 255.11811023622047 70.86614173228347 Néanmoins,

270.4724409448819 1267.3228346456692 154.7244094488189 62.59842519685039 pour
367.3228346456693 1267.3228346456692 251.5748031496063 62.59842519685039 accélérer
559.8425196850394 1267.3228346456692 115.74803149606299 62.59842519685039 le
617.7165354330708 1267.3228346456692 232.6771653543307 62.59842519685039 service,
792.5196850393701 1267.3228346456692 135.82677165354332 62.59842519685039 les
869.2913385826772 1267.3228346456692 251.5748031496063 62.59842519685039 visiteurs
1062.992125984252 1267.3228346456692 154.7244094488189 62.59842519685039 sont
1140.9448818897638 1267.3228346456692 173.6220472440945 62.59842519685039 instam-

270.4724409448819 1334.6456692913387 166.53543307086613 81.49606299212599 ment
375.59055118110234 1334.6456692913387 187.79527559055117 81.49606299212599 priés
499.6062992125984 1334.6456692913387 125.19685039370079 81.49606299212599 de
562.2047244094488 1334.6456692913387 125.19685039370079 81.49606299212599 se
624.8031496062993 1334.6456692913387 250.39370078740157 81.49606299212599 pourvoir
812.5984251968504 1334.6456692913387 125.19685039370079 81.49606299212599 au
875.1968503937007 1334.6456692913387 270.4724409448819 81.49606299212599 préalable
1083.0708661417323 1334.6456692913387 125.19685039370079 81.49606299212599 du
1124.4094488188975 1334.6456692913387 187.79527559055117 81.49606299212599 montant

271.65354330708664 1380.708661417323 118.11023622047244 87.4015748031496 de
330.70866141732284 1380.708661417323 118.11023622047244 87.4015748031496 la
389.76377952755905 1380.708661417323 295.2755905511811 87.4015748031496 rétribution
625.9842519685039 1380.708661417323 197.24409448818898 87.4015748031496 qu’ils
764.1732283464567 1380.708661417323 197.24409448818898 87.4015748031496 auront
902.3622047244095 1380.708661417323 98.03149606299213 87.4015748031496 à
922.4409448818898 1380.708661417323 157.08661417322836 87.4015748031496 payer.

315.3543307086614 1470.4724409448818 166.53543307086613 69.68503937007874 ART.
419.29133858267716 1470.4724409448818 145.2755905511811 69.68503937007874 24.
503.1496062992126 1470.4724409448818 103.93700787401575 69.68503937007874 —
544.488188976378 1470.4724409448818 145.2755905511811 69.68503937007874 Les
628.3464566929134 1470.4724409448818 229.13385826771653 69.68503937007874 membres
794.8818897637796 1470.4724409448818 291.73228346456693 69.68503937007874 titulaires
1022.8346456692914 1470.4724409448818 125.19685039370079 69.68503937007874 de
1085.4330708661416 1470.4724409448818 125.19685039370079 69.68503937007874 la
1126.7716535433071 1470.4724409448818 187.79527559055117 69.68503937007874 Société

270.4724409448819 1527.1653543307086 140.5511811023622 61.41732283464567 des
350.78740157480314 1527.1653543307086 160.62992125984252 61.41732283464567 Amis
451.18110236220474 1527.1653543307086 140.5511811023622 61.41732283464567 des
531.496062992126 1527.1653543307086 160.62992125984252 61.41732283464567 Arts
630.7086614173228 1527.1653543307086 200.78740157480314 61.41732283464567 auront
771.2598425196851 1527.1653543307086 200.78740157480314 61.41732283464567 droit,
911.8110236220473 1527.1653543307086 140.5511811023622 61.41732283464567 sur
992.1259842519685 1527.1653543307086 120.4724409448819 61.41732283464567 la
1032.283464566929 1527.1653543307086 279.9212598425197 61.41732283464567 présentation

270.4724409448819 1588.5826771653544 118.11023622047244 62.59842519685039 de
329.5275590551181 1588.5826771653544 177.16535433070865 62.59842519685039 leurs
447.6377952755906 1588.5826771653544 177.16535433070865 62.59842519685039 trois
565.7480314960629 1588.5826771653544 216.14173228346456 62.59842519685039 billets
722.8346456692914 1588.5826771653544 118.11023622047244 62.59842519685039 de
781.8897637795276 1588.5826771653544 354.3307086614173 62.59842519685039 souscripteurs,
1077.1653543307086 1588.5826771653544 98.03149606299213 62.59842519685039 à
1116.1417322834645 1588.5826771653544 138.18897637795277 62.59842519685039 une
1175.1968503937007 1588.5826771653544 138.18897637795277 62.59842519685039 carte

269.29133858267716 1650.0 300.0 90.94488188976378 personnelle
510.23622047244095 1650.0 240.9448818897638 90.94488188976378 d’entrée
689.7637795275591 1650.0 160.62992125984252 90.94488188976378 pour
790.1574803149606 1650.0 180.70866141732284 90.94488188976378 toute
910.6299212598425 1650.0 120.4724409448819 90.94488188976378 la
970.8661417322835 1650.0 180.70866141732284 90.94488188976378 durée
1090.1574803149606 1650.0 120.4724409448819 90.94488188976378 de
1130.3149606299212 1650.0 180.70866141732284 90.94488188976378 l’Expo

252.75590551181102 1712.5984251968505 171.25984251968504 81.49606299212599 sition.

318.8976377952756 1776.3779527559054 161.81102362204723 76.77165354330708 ART.
420.4724409448819 1776.3779527559054 141.73228346456693 76.77165354330708 25.
500.78740157480314 1776.3779527559054 101.5748031496063 76.77165354330708 —
540.9448818897638 1776.3779527559054 161.81102362204723 76.77165354330708 Tout
642.5196850393701 1776.3779527559054 223.22834645669292 76.77165354330708 porteur
804.3307086614174 1776.3779527559054 161.81102362204723 76.77165354330708 d’un
905.9055118110236 1776.3779527559054 161.81102362204723 76.77165354330708 seul
1007.4803149606299 1776.3779527559054 201.96850393700788 76.77165354330708 billet
1149.2125984251968 1776.3779527559054 121.65354330708661 76.77165354330708 de
1189.3700787401574 1776.3779527559054 121.65354330708661 76.77165354330708 sou-

270.4724409448819 1838.976377952756 259.84251968503935 67.32283464566929 scripteur
470.0787401574803 1838.976377952756 120.4724409448819 67.32283464566929 de
530.3149606299213 1838.976377952756 120.4724409448819 67.32283464566929 la
590.5511811023622 1838.976377952756 219.68503937007873 67.32283464566929 Société
750.0 1838.976377952756 139.37007874015748 67.32283464566929 des
830.3149606299213 1838.976377952756 159.4488188976378 67.32283464566929 Amis
929.5275590551181 1838.976377952756 139.37007874015748 67.32283464566929 des
1009.8425196850394 1838.976377952756 159.4488188976378 67.32283464566929 Arts
1110.236220472441 1838.976377952756 159.4488188976378 67.32283464566929 aura
1189.3700787401574 1838.976377952756 120.4724409448819 67.32283464566929 éga-

274.01574803149606 1894.4881889763778 192.51968503937007 74.40944881889764 lement
408.66141732283467 1894.4881889763778 192.51968503937007 74.40944881889764 droit,
542.1259842519685 1894.4881889763778 134.64566929133858 74.40944881889764 sur
618.8976377952756 1894.4881889763778 115.74803149606299 74.40944881889764 la
676.7716535433071 1894.4881889763778 307.0866141732283 74.40944881889764 présentation
927.1653543307086 1894.4881889763778 115.74803149606299 74.40944881889764 de
985.0393700787401 1894.4881889763778 115.74803149606299 74.40944881889764 ce
1041.732283464567 1894.4881889763778 211.41732283464566 74.40944881889764 billet,
1195.275590551181 1894.4881889763778 95.66929133858268 74.40944881889764 à
1215.3543307086613 1894.4881889763778 95.66929133858268 74.40944881889764 une

272.8346456692913 1967.716535433071 173.6220472440945 69.68503937007874 carte
388.5826771653543 1967.716535433071 289.37007874015745 69.68503937007874 personnelle
618.8976377952756 1967.716535433071 231.49606299212599 69.68503937007874 d’entrée
792.5196850393701 1967.716535433071 250.39370078740157 69.68503937007874 gratuite,
985.0393700787401 1967.716535433071 211.41732283464566 69.68503937007874 pendant
1138.5826771653544 1967.716535433071 173.6220472440945 69.68503937007874 toute
1235.4330708661416 1967.716535433071 76.77165354330708 69.68503937007874 la

274.01574803149606 2032.6771653543308 174.8031496062992 66.14173228346456 durée
389.76377952755905 2032.6771653543308 116.92913385826772 66.14173228346456 de
447.6377952755906 2032.6771653543308 329.5275590551181 66.14173228346456 l’Exposition,
719.2913385826772 2032.6771653543308 135.82677165354332 66.14173228346456 les
797.2440944881889 2032.6771653543308 174.8031496062992 66.14173228346456 jours
914.1732283464567 2032.6771653543308 232.6771653543307 66.14173228346456 réservés
1068.8976377952756 2032.6771653543308 213.7795275590551 66.14173228346456 exceptés.
