1470 2308
578 206 128 68 —
629 206 153 68 11
680 206 77 68 —

229 309 270 57 attribuées,
445 309 108 57 au
499 309 162 57 moyen
607 309 162 57 d’une
715 309 198 57 loterie
859 309 234 57 spéciale,
1021 309 90 57 aux

234 364 192 63 porteurs
378 364 96 63 de
426 364 176 63 billets
554 364 192 63 d’entrée
699 364 96 63 de
731 364 240 63 l’Exposition.

269 415 143 70 ART.
359 415 126 70 21.
430 415 90 70 —
466 415 108 70 Au
520 415 179 70 billet
646 415 215 70 d’entrée
807 415 143 70 sera
897 415 179 70 joint,
1004 415 108 70 pour

231 472 126 55 être
310 472 173 55 détaché
436 472 94 55 et
483 472 189 55 conservé
624 472 110 55 par
687 472 94 55 le
734 472 189 55 porteur,
875 472 94 55 un
922 472 157 55 billet
1017 472 94 55 por-

232 531 136 54 tant
317 531 102 54 un
368 531 170 54 numéro
486 531 102 54 et
537 531 119 54 qui
605 531 254 54 participera
809 531 85 54 à
843 531 102 54 la
894 531 187 54 loterie
1012 531 102 54 men-

231 576 181 65 tionnée
362 576 99 65 en
412 576 214 65 l’article
560 576 197 65 précédent.

271 626 130 69 ART.
352 626 113 69 22.
417 626 81 69 —
449 626 97 69 Le
498 626 162 69 billet
611 626 194 69 d’entrée
757 626 130 69 sera
838 626 162 69 séparé
951 626 97 69 du
983 626 130 69 billet

232 683 94 72 de
279 683 189 72 loterie,
421 683 126 72 mais
500 683 94 72 en
547 683 189 72 laissant
688 683 157 72 intact
798 683 94 72 le
846 683 126 72 côté
924 683 94 72 du
956 683 157 72 registre

230 743 82 61 à
262 743 180 61 souche.
393 743 147 61 Ledit
491 743 163 61 billet
605 743 196 61 d’entrée
753 743 131 61 sera
834 743 147 61 remis
932 743 82 61 à
965 743 98 61 la
998 743 114 61 porte

228 790 109 75 du
282 790 164 75 Musée
392 790 109 75 et
447 790 310 75 immédiatement
684 790 164 75 lacéré.

270 845 135 78 ART.
354 845 118 78 23.
422 845 84 78 —
456 845 135 78 Pour
540 845 169 78 donner
658 845 101 78 au
708 845 169 78 public
826 845 101 78 le
877 845 135 78 plus
961 845 101 78 de
995 845 118 78 faci-

230 906 153 74 lités
332 906 221 74 possible,
502 906 102 74 un
553 906 170 74 bureau
672 906 102 74 de
723 906 170 74 change
842 906 102 74 de
893 906 187 74 monnaie
1012 906 102 74 sera

227 956 177 73 établi
351 956 89 73 à
387 956 213 73 l’entrée
546 956 106 73 de
599 956 301 73 l’Exposition,
847 956 142 73 mais
918 956 195 73 seulement

228 1017 144 60 pour
318 1017 126 60 des
390 1017 180 60 pièces
516 1017 108 60 de
570 1017 108 60 un
624 1017 108 60 et
678 1017 144 60 deux
767 1017 198 60 francs.
893 1017 216 60 Néanmoins,

229 1073 131 53 pour
311 1073 213 53 accélérer
474 1073 98 53 le
523 1073 197 53 service,
671 1073 115 53 les
736 1073 213 53 visiteurs
900 1073 131 53 sont
966 1073 147 53 instam-

229 1130 141 69 ment
318 1130 159 69 priés
423 1130 106 69 de
476 1130 106 69 se
529 1130 212 69 pourvoir
688 1130 106 69 au
741 1130 229 69 préalable
917 1130 106 69 du
952 1130 159 69 montant

230 1169 100 74 de
280 1169 100 74 la
330 1169 250 74 rétribution
530 1169 167 74 qu’ils
647 1169 167 74 auront
764 1169 83 74 à
781 1169 133 74 payer.

267 1245 141 59 ART.
355 1245 123 59 24.
426 1245 88 59 —
461 1245 123 59 Les
532 1245 194 59 membres
673 1245 247 59 titulaires
866 1245 106 59 de
919 1245 106 59 la
954 1245 159 59 Société

229 1293 119 52 des
297 1293 136 52 Amis
382 1293 119 52 des
450 1293 136 52 Arts
534 1293 170 52 auront
653 1293 170 52 droit,
772 1293 119 52 sur
840 1293 102 52 la
874 1293 237 52 présentation

229 1345 100 53 de
279 1345 150 53 leurs
379 1345 150 53 trois
479 1345 183 53 billets
612 1345 100 53 de
662 1345 300 53 souscripteurs,
912 1345 83 53 à
945 1345 117 53 une
995 1345 117 53 carte

228 1397 254 77 personnelle
432 1397 204 77 d’entrée
584 1397 136 77 pour
669 1397 153 77 toute
771 1397 102 77 la
822 1397 153 77 durée
923 1397 102 77 de
957 1397 153 77 l’Expo

214 1450 145 69 sition.

270 1504 137 65 ART.
356 1504 120 65 25.
424 1504 86 65 —
458 1504 137 65 Tout
544 1504 189 65 porteur
681 1504 137 65 d’un
767 1504 137 65 seul
853 1504 171 65 billet
973 1504 103 65 de
1007 1504 103 65 sou-

229 1557 220 57 scripteur
398 1557 102 57 de
449 1557 102 57 la
500 1557 186 57 Société
635 1557 118 57 des
703 1557 135 57 Amis
787 1557 118 57 des
855 1557 135 57 Arts
940 1557 135 57 aura
1007 1557 102 57 éga-

232 1604 163 63 lement
346 1604 163 63 droit,
459 1604 114 63 sur
524 1604 98 63 la
573 1604 260 63 présentation
785 1604 98 63 de
834 1604 98 63 ce
882 1604 179 63 billet,
1012 1604 81 63 à
1029 1604 81 63 une

231 1666 147 59 carte
329 1666 245 59 personnelle
524 1666 196 59 d’entrée
671 1666 212 59 gratuite,
834 1666 179 59 pendant
964 1666 147 59 toute
1046 1666 65 59 la

232 1721 148 56 durée
330 1721 99 56 de
379 1721 279 56 l’Exposition,
609 1721 115 56 les
675 1721 148 56 jours
774 1721 197 56 réservés
905 1721 181 56 exceptés.
