1446 2316
704 202 127 68 —
754 202 152 68 12
805 202 76 68 —

397 288 103 78 Il
448 288 137 78 sera
534 288 256 78 facultatif,
739 288 85 78 à
773 288 137 78 tout
858 288 222 78 détenteur
1029 288 103 78 de
1063 288 171 78 quarante

358 339 185 90 billets
493 339 202 90 d’entrée
644 339 118 90 non
711 339 202 90 détachés
862 339 101 90 du
913 339 168 90 billet
1030 339 101 90 de
1064 339 168 90 loterie,

353 393 216 85 d’obtenir
519 393 166 85 aussi,
636 393 116 85 sur
702 393 100 85 la
752 393 266 85 présentation
967 393 100 85 et
1017 393 100 85 la
1067 393 166 85 remise
1167 393 66 85 de

355 461 114 72 ces
420 461 195 72 billets,
566 461 114 72 une
631 461 146 72 carte
729 461 195 72 d’entrée
875 461 228 72 permanente
1054 461 98 72 et
1087 461 146 72 person-

354 510 160 76 nelle,
466 510 144 76 comme
562 510 128 76 s’il
642 510 144 76 était
738 510 256 76 souscripteur
945 510 96 76 de
993 510 96 76 la
1041 510 176 76 Société
1153 510 80 76 des

350 556 147 62 Amis
442 556 129 62 des
497 556 129 62 Arts.

392 609 103 83 Le
443 609 274 83 propriétaire
666 609 154 83 d’une
768 609 154 83 carte
871 609 205 83 d’entrée
1008 609 222 83 personnelle

348 668 112 75 ne
404 668 187 75 pourra
535 668 112 75 la
592 668 187 75 prêter
723 668 112 75 ou
779 668 112 75 la
835 668 187 75 céder,
966 668 150 75 sous
1060 668 168 75 peine
1153 668 75 75 de

350 725 160 65 perdre
462 725 112 65 son
526 725 160 65 droit,
638 725 128 65 tant
718 725 80 65 à
750 725 192 65 l’entrée
893 725 128 65 qu’à
973 725 96 65 la
1005 725 160 65 loterie.

393 777 115 69 Les
458 777 164 69 cartes
573 777 197 69 d’entrée
720 777 246 69 personnelle
917 777 164 69 seront
1031 777 213 69 délivrées
1179 777 49 69 à

349 820 100 68 la
399 820 183 68 Mairie,
533 820 167 68 bureau
649 820 100 68 n°
682 820 67 68 8.

387 874 146 86 ART.
478 874 127 86 26.
551 874 91 86 —
587 874 127 86 Les
660 874 182 86 jeudis
787 874 109 86 et
842 874 255 86 dimanches,
1042 874 164 86 jours
1133 874 91 86 ré-

345 930 173 71 servés
466 930 121 71 par
535 930 363 71 l’Administration,
846 930 156 71 toute
950 930 173 71 entrée
1053 930 173 71 gratuite

345 983 106 86 ou
398 983 106 86 au
451 983 159 86 moyen
557 983 123 86 des
627 983 176 86 cartes
751 983 264 86 mentionnées
963 983 141 86 sous
1033 983 194 86 l’article

344 1032 247 70 ci-dessus,
539 1032 230 70 demeurera
698 1032 212 70 suspendue.

384 1087 134 70 ART.
468 1087 117 70 27.
535 1087 84 70 —
569 1087 134 70 Dans
652 1087 117 70 les
719 1087 151 70 jours
820 1087 218 70 réservés,
987 1087 101 70 le
1038 1087 134 70 prix
1105 1087 117 70 d’en-

345 1141 138 82 trée
431 1141 138 82 sera
517 1141 172 82 doublé
637 1141 103 82 et
689 1141 155 82 porté
792 1141 86 82 à
826 1141 224 82 cinquante
998 1141 224 82 centimes,
1153 1141 69 82 au

343 1192 141 68 lieu
431 1192 105 68 de
484 1192 246 68 vingt-cinq
677 1192 211 68 centimes
835 1192 123 68 par
906 1192 228 68 personne.
1081 1192 105 68 Il
1117 1192 105 68 sera

342 1244 241 68 représenté
531 1244 121 68 par
600 1244 138 68 deux
686 1244 189 68 billets
824 1244 224 68 d’entrée,
996 1244 103 68 au
1048 1244 138 68 lieu
1117 1244 103 68 d’un

325 1291 116 57 seul.

378 1331 149 84 ART.
472 1331 131 84 28.
546 1331 93 84 —
584 1331 149 84 Vers
677 1331 112 84 la
733 1331 131 84 fin
808 1331 112 84 de
863 1331 317 84 l’Exposition,
1106 1331 112 84 deux

335 1398 208 68 journées
491 1398 208 68 d’entrée
646 1398 156 68 libre
750 1398 104 68 et
802 1398 208 68 gratuite
958 1398 156 68 (dont
1062 1398 121 68 une
1114 1398 104 68 aura

340 1454 135 70 lieu
424 1454 101 70 un
475 1454 219 70 dimanche)
644 1454 169 70 seront
762 1454 219 70 réservées
930 1454 101 70 au
981 1454 185 70 public,
1116 1454 101 70 et
1150 1454 67 70 il

337 1511 107 66 en
391 1511 142 66 sera
480 1511 160 66 donné
586 1511 285 66 connaissance
818 1511 107 66 en
871 1511 160 66 temps
960 1511 196 66 opportun.

659 1563 204 77 TITRE
773 1563 91 77 V.

357 1611 239 101 <b>Loterie
545 1611 120 101 des
613 1611 188 101 billets
750 1611 86 101 à
784 1611 239 101 vingt-cinq
956 1611 239 101 centimes</b>

375 1702 131 69 ART.
457 1702 115 69 29.
522 1702 82 69 —
555 1702 99 69 La
604 1702 181 69 loterie
736 1702 99 69 de
785 1702 197 69 tableaux
933 1702 99 69 et
982 1702 164 69 objets
1081 1702 131 69 d’art,
