1707.8740157480315 2735.433070866142
831.496062992126 238.58267716535434 150.0 80.31496062992126 —
890.5511811023622 238.58267716535434 179.5275590551181 80.31496062992126 12
950.7874015748032 238.58267716535434 89.76377952755905 80.31496062992126 —

468.8976377952756 340.15748031496065 121.65354330708661 92.1259842519685 Il
529.1338582677165 340.15748031496065 161.81102362204723 92.1259842519685 sera
630.7086614173228 340.15748031496065 302.3622047244094 92.1259842519685 facultatif,
872.8346456692914 340.15748031496065 100.39370078740157 92.1259842519685 à
912.992125984252 340.15748031496065 161.81102362204723 92.1259842519685 tout
1013.3858267716536 340.15748031496065 262.20472440944883 92.1259842519685 détenteur
1215.3543307086613 340.15748031496065 121.65354330708661 92.1259842519685 de
1255.5118110236222 340.15748031496065 201.96850393700788 92.1259842519685 quarante

422.8346456692913 400.3937007874016 218.50393700787401 106.2992125984252 billets
582.2834645669292 400.3937007874016 238.58267716535434 106.2992125984252 d’entrée
760.6299212598425 400.3937007874016 139.37007874015748 106.2992125984252 non
839.7637795275591 400.3937007874016 238.58267716535434 106.2992125984252 détachés
1018.1102362204724 400.3937007874016 119.29133858267717 106.2992125984252 du
1078.3464566929133 400.3937007874016 198.4251968503937 106.2992125984252 billet
1216.5354330708662 400.3937007874016 119.29133858267717 106.2992125984252 de
1256.6929133858268 400.3937007874016 198.4251968503937 106.2992125984252 loterie,

416.92913385826773 464.1732283464567 255.11811023622047 100.39370078740157 d’obtenir
612.992125984252 464.1732283464567 196.06299212598427 100.39370078740157 aussi,
751.1811023622047 464.1732283464567 137.00787401574803 100.39370078740157 sur
829.1338582677165 464.1732283464567 118.11023622047244 100.39370078740157 la
888.1889763779527 464.1732283464567 314.1732283464567 100.39370078740157 présentation
1142.1259842519685 464.1732283464567 118.11023622047244 100.39370078740157 et
1201.1811023622047 464.1732283464567 118.11023622047244 100.39370078740157 la
1260.236220472441 464.1732283464567 196.06299212598427 100.39370078740157 remise
1378.3464566929133 464.1732283464567 77.95275590551181 100.39370078740157 de

419.29133858267716 544.488188976378 134.64566929133858 85.03937007874016 ces
496.06299212598424 544.488188976378 230.31496062992127 85.03937007874016 billets,
668.503937007874 544.488188976378 134.64566929133858 85.03937007874016 une
745.2755905511812 544.488188976378 172.44094488188978 85.03937007874016 carte
861.0236220472441 544.488188976378 230.31496062992127 85.03937007874016 d’entrée
1033.4645669291338 544.488188976378 269.29133858267716 85.03937007874016 permanente
1244.8818897637796 544.488188976378 115.74803149606299 85.03937007874016 et
1283.8582677165355 544.488188976378 172.44094488188978 85.03937007874016 person-

418.1102362204724 602.3622047244095 188.9763779527559 89.76377952755905 nelle,
550.3937007874016 602.3622047244095 170.07874015748033 89.76377952755905 comme
663.7795275590552 602.3622047244095 151.1811023622047 89.76377952755905 s’il
758.2677165354331 602.3622047244095 170.07874015748033 89.76377952755905 était
871.6535433070866 602.3622047244095 302.3622047244094 89.76377952755905 souscripteur
1116.1417322834645 602.3622047244095 113.38582677165354 89.76377952755905 de
1172.8346456692914 602.3622047244095 113.38582677165354 89.76377952755905 la
1229.5275590551182 602.3622047244095 207.8740157480315 89.76377952755905 Société
1361.8110236220473 602.3622047244095 94.48818897637796 89.76377952755905 des

413.38582677165357 656.6929133858267 173.6220472440945 73.22834645669292 Amis
522.0472440944882 656.6929133858267 152.36220472440945 73.22834645669292 des
587.007874015748 656.6929133858267 152.36220472440945 73.22834645669292 Arts.

462.99212598425197 719.2913385826772 121.65354330708661 98.03149606299213 Le
523.2283464566929 719.2913385826772 323.62204724409446 98.03149606299213 propriétaire
786.6141732283464 719.2913385826772 181.88976377952756 98.03149606299213 d’une
907.0866141732283 719.2913385826772 181.88976377952756 98.03149606299213 carte
1028.740157480315 719.2913385826772 242.1259842519685 98.03149606299213 d’entrée
1190.5511811023623 719.2913385826772 262.20472440944883 98.03149606299213 personnelle

411.0236220472441 788.9763779527559 132.28346456692913 88.58267716535433 ne
477.1653543307087 788.9763779527559 220.86614173228347 88.58267716535433 pourra
631.8897637795276 788.9763779527559 132.28346456692913 88.58267716535433 la
699.2125984251968 788.9763779527559 220.86614173228347 88.58267716535433 prêter
853.9370078740158 788.9763779527559 132.28346456692913 88.58267716535433 ou
920.0787401574803 788.9763779527559 132.28346456692913 88.58267716535433 la
986.2204724409448 788.9763779527559 220.86614173228347 88.58267716535433 céder,
1140.9448818897638 788.9763779527559 177.16535433070865 88.58267716535433 sous
1251.9685039370079 788.9763779527559 198.4251968503937 88.58267716535433 peine
1361.8110236220473 788.9763779527559 88.58267716535433 88.58267716535433 de

413.38582677165357 856.2992125984252 188.9763779527559 76.77165354330708 perdre
545.6692913385826 856.2992125984252 132.28346456692913 76.77165354330708 son
621.2598425196851 856.2992125984252 188.9763779527559 76.77165354330708 droit,
753.5433070866142 856.2992125984252 151.1811023622047 76.77165354330708 tant
848.0314960629921 856.2992125984252 94.48818897637796 76.77165354330708 à
885.8267716535433 856.2992125984252 226.77165354330708 76.77165354330708 l’entrée
1054.724409448819 856.2992125984252 151.1811023622047 76.77165354330708 qu’à
1149.2125984251968 856.2992125984252 113.38582677165354 76.77165354330708 la
1187.007874015748 856.2992125984252 188.9763779527559 76.77165354330708 loterie.

464.1732283464567 917.7165354330708 135.82677165354332 81.49606299212599 Les
540.9448818897638 917.7165354330708 193.70078740157481 81.49606299212599 cartes
676.7716535433071 917.7165354330708 232.6771653543307 81.49606299212599 d’entrée
850.3937007874016 917.7165354330708 290.5511811023622 81.49606299212599 personnelle
1083.0708661417323 917.7165354330708 193.70078740157481 81.49606299212599 seront
1217.716535433071 917.7165354330708 251.5748031496063 81.49606299212599 délivrées
1392.5196850393702 917.7165354330708 57.874015748031496 81.49606299212599 à

412.20472440944883 968.503937007874 118.11023622047244 80.31496062992126 la
471.25984251968504 968.503937007874 216.14173228346456 80.31496062992126 Mairie,
629.5275590551181 968.503937007874 197.24409448818898 80.31496062992126 bureau
766.5354330708661 968.503937007874 118.11023622047244 80.31496062992126 n°
805.511811023622 968.503937007874 79.13385826771653 80.31496062992126 8.

457.0866141732283 1032.283464566929 172.44094488188978 101.5748031496063 ART.
564.5669291338583 1032.283464566929 150.0 101.5748031496063 26.
650.7874015748032 1032.283464566929 107.48031496062993 101.5748031496063 —
693.3070866141733 1032.283464566929 150.0 101.5748031496063 Les
779.5275590551181 1032.283464566929 214.96062992125985 101.5748031496063 jeudis
929.5275590551181 1032.283464566929 128.74015748031496 101.5748031496063 et
994.488188976378 1032.283464566929 301.18110236220474 101.5748031496063 dimanches,
1230.708661417323 1032.283464566929 193.70078740157481 101.5748031496063 jours
1338.1889763779527 1032.283464566929 107.48031496062993 101.5748031496063 ré-

407.4803149606299 1098.4251968503936 204.33070866141733 83.85826771653544 servés
550.3937007874016 1098.4251968503936 142.91338582677164 83.85826771653544 par
631.8897637795276 1098.4251968503936 428.74015748031496 83.85826771653544 l’Administration,
999.2125984251968 1098.4251968503936 184.251968503937 83.85826771653544 toute
1122.0472440944882 1098.4251968503936 204.33070866141733 83.85826771653544 entrée
1243.7007874015749 1098.4251968503936 204.33070866141733 83.85826771653544 gratuite

407.4803149606299 1161.023622047244 125.19685039370079 101.5748031496063 ou
470.0787401574803 1161.023622047244 125.19685039370079 101.5748031496063 au
532.6771653543307 1161.023622047244 187.79527559055117 101.5748031496063 moyen
657.8740157480315 1161.023622047244 145.2755905511811 101.5748031496063 des
740.5511811023622 1161.023622047244 207.8740157480315 101.5748031496063 cartes
887.007874015748 1161.023622047244 311.81102362204723 101.5748031496063 mentionnées
1137.4015748031495 1161.023622047244 166.53543307086613 101.5748031496063 sous
1220.0787401574803 1161.023622047244 229.13385826771653 101.5748031496063 l’article

406.2992125984252 1218.8976377952756 291.73228346456693 82.67716535433071 ci-dessus,
636.6141732283464 1218.8976377952756 271.65354330708664 82.67716535433071 demeurera
824.4094488188977 1218.8976377952756 250.39370078740157 82.67716535433071 suspendue.

453.54330708661416 1283.8582677165355 158.26771653543307 82.67716535433071 ART.
552.7559055118111 1283.8582677165355 138.18897637795277 82.67716535433071 27.
631.8897637795276 1283.8582677165355 99.21259842519684 82.67716535433071 —
672.0472440944882 1283.8582677165355 158.26771653543307 82.67716535433071 Dans
770.0787401574803 1283.8582677165355 138.18897637795277 82.67716535433071 les
849.2125984251968 1283.8582677165355 178.3464566929134 82.67716535433071 jours
968.503937007874 1283.8582677165355 257.4803149606299 82.67716535433071 réservés,
1165.748031496063 1283.8582677165355 119.29133858267717 82.67716535433071 le
1225.984251968504 1283.8582677165355 158.26771653543307 82.67716535433071 prix
1305.1181102362204 1283.8582677165355 138.18897637795277 82.67716535433071 d’en-

407.4803149606299 1347.6377952755906 162.99212598425197 96.85039370078741 trée
509.0551181102362 1347.6377952755906 162.99212598425197 96.85039370078741 sera
610.6299212598425 1347.6377952755906 203.1496062992126 96.85039370078741 doublé
752.3622047244095 1347.6377952755906 121.65354330708661 96.85039370078741 et
813.7795275590552 1347.6377952755906 183.0708661417323 96.85039370078741 porté
935.4330708661417 1347.6377952755906 101.5748031496063 96.85039370078741 à
975.5905511811023 1347.6377952755906 264.56692913385825 96.85039370078741 cinquante
1178.740157480315 1347.6377952755906 264.56692913385825 96.85039370078741 centimes,
1361.8110236220473 1347.6377952755906 81.49606299212599 96.85039370078741 au

405.11811023622045 1407.8740157480315 166.53543307086613 80.31496062992126 lieu
509.0551181102362 1407.8740157480315 124.01574803149606 80.31496062992126 de
571.6535433070866 1407.8740157480315 290.5511811023622 80.31496062992126 vingt-cinq
799.6062992125984 1407.8740157480315 249.21259842519686 80.31496062992126 centimes
986.2204724409448 1407.8740157480315 145.2755905511811 80.31496062992126 par
1070.0787401574803 1407.8740157480315 269.29133858267716 80.31496062992126 personne.
1276.7716535433071 1407.8740157480315 124.01574803149606 80.31496062992126 Il
1319.291338582677 1407.8740157480315 124.01574803149606 80.31496062992126 sera

403.93700787401576 1469.291338582677 284.6456692913386 80.31496062992126 représenté
627.1653543307086 1469.291338582677 142.91338582677164 80.31496062992126 par
708.6614173228346 1469.291338582677 162.99212598425197 80.31496062992126 deux
810.2362204724409 1469.291338582677 223.22834645669292 80.31496062992126 billets
973.2283464566929 1469.291338582677 264.56692913385825 80.31496062992126 d’entrée,
1176.3779527559054 1469.291338582677 121.65354330708661 80.31496062992126 au
1237.7952755905512 1469.291338582677 162.99212598425197 80.31496062992126 lieu
1319.291338582677 1469.291338582677 121.65354330708661 80.31496062992126 d’un

383.8582677165354 1524.8031496062993 137.00787401574803 67.32283464566929 seul.

446.45669291338584 1572.0472440944882 175.98425196850394 99.21259842519684 ART.
557.4803149606299 1572.0472440944882 154.7244094488189 99.21259842519684 28.
644.8818897637796 1572.0472440944882 109.84251968503936 99.21259842519684 —
689.7637795275591 1572.0472440944882 175.98425196850394 99.21259842519684 Vers
799.6062992125984 1572.0472440944882 132.28346456692913 99.21259842519684 la
865.7480314960629 1572.0472440944882 154.7244094488189 99.21259842519684 fin
954.3307086614174 1572.0472440944882 132.28346456692913 99.21259842519684 de
1019.2913385826772 1572.0472440944882 374.40944881889766 99.21259842519684 l’Exposition,
1306.2992125984251 1572.0472440944882 132.28346456692913 99.21259842519684 deux

395.6692913385827 1651.1811023622047 245.66929133858267 80.31496062992126 journées
579.9212598425197 1651.1811023622047 245.66929133858267 80.31496062992126 d’entrée
762.992125984252 1651.1811023622047 184.251968503937 80.31496062992126 libre
885.8267716535433 1651.1811023622047 122.83464566929133 80.31496062992126 et
947.2440944881889 1651.1811023622047 245.66929133858267 80.31496062992126 gratuite
1131.4960629921259 1651.1811023622047 184.251968503937 80.31496062992126 (dont
1254.3307086614172 1651.1811023622047 142.91338582677164 80.31496062992126 une
1315.748031496063 1651.1811023622047 122.83464566929133 80.31496062992126 aura

401.5748031496063 1717.3228346456692 159.4488188976378 82.67716535433071 lieu
500.78740157480314 1717.3228346456692 119.29133858267717 82.67716535433071 un
561.0236220472441 1717.3228346456692 258.66141732283467 82.67716535433071 dimanche)
760.6299212598425 1717.3228346456692 199.60629921259843 82.67716535433071 seront
900.0 1717.3228346456692 258.66141732283467 82.67716535433071 réservées
1098.4251968503936 1717.3228346456692 119.29133858267717 82.67716535433071 au
1158.6614173228347 1717.3228346456692 218.50393700787401 82.67716535433071 public,
1318.1102362204724 1717.3228346456692 119.29133858267717 82.67716535433071 et
1358.267716535433 1717.3228346456692 79.13385826771653 82.67716535433071 il

398.0314960629921 1784.6456692913387 126.37795275590551 77.95275590551181 en
461.81102362204723 1784.6456692913387 167.71653543307087 77.95275590551181 sera
566.9291338582677 1784.6456692913387 188.9763779527559 77.95275590551181 donné
692.1259842519685 1784.6456692913387 336.61417322834643 77.95275590551181 connaissance
966.1417322834645 1784.6456692913387 126.37795275590551 77.95275590551181 en
1028.740157480315 1784.6456692913387 188.9763779527559 77.95275590551181 temps
1133.8582677165355 1784.6456692913387 231.49606299212599 77.95275590551181 opportun.

778.3464566929134 1846.0629921259842 240.9448818897638 90.94488188976378 TITRE
912.992125984252 1846.0629921259842 107.48031496062993 90.94488188976378 V.

421.65354330708664 1902.755905511811 282.2834645669291 119.29133858267717 <b>Loterie
643.7007874015748 1902.755905511811 141.73228346456693 119.29133858267717 des
724.0157480314961 1902.755905511811 222.04724409448818 119.29133858267717 billets
885.8267716535433 1902.755905511811 101.5748031496063 119.29133858267717 à
925.9842519685039 1902.755905511811 282.2834645669291 119.29133858267717 vingt-cinq
1129.1338582677165 1902.755905511811 282.2834645669291 119.29133858267717 centimes</b>

442.9133858267717 2010.236220472441 154.7244094488189 81.49606299212599 ART.
539.7637795275591 2010.236220472441 135.82677165354332 81.49606299212599 29.
616.5354330708661 2010.236220472441 96.85039370078741 81.49606299212599 —
655.511811023622 2010.236220472441 116.92913385826772 81.49606299212599 La
713.3858267716536 2010.236220472441 213.7795275590551 81.49606299212599 loterie
869.2913385826772 2010.236220472441 116.92913385826772 81.49606299212599 de
927.1653543307086 2010.236220472441 232.6771653543307 81.49606299212599 tableaux
1101.9685039370079 2010.236220472441 116.92913385826772 81.49606299212599 et
1159.8425196850394 2010.236220472441 193.70078740157481 81.49606299212599 objets
1276.7716535433071 2010.236220472441 154.7244094488189 81.49606299212599 d’art,
