1736.2204724409448 2725.984251968504
781.8897637795276 258.66141732283467 154.7244094488189 76.77165354330708 —
812.5984251968504 258.66141732283467 124.01574803149606 76.77165354330708 13

372.0472440944882 379.13385826771656 96.85039370078741 82.67716535433071 à
409.84251968503935 379.13385826771656 232.6771653543307 82.67716535433071 laquelle
584.6456692913385 379.13385826771656 193.70078740157481 82.67716535433071 auront
719.2913385826772 379.13385826771656 173.6220472440945 82.67716535433071 droit
836.2204724409448 379.13385826771656 115.74803149606299 82.67716535433071 de
894.0944881889764 379.13385826771656 270.4724409448819 82.67716535433071 participer
1106.6929133858268 379.13385826771656 135.82677165354332 82.67716535433071 les
1183.4645669291338 379.13385826771656 232.6771653543307 82.67716535433071 porteurs
1338.1889763779527 379.13385826771656 77.95275590551181 82.67716535433071 de

375.59055118110234 431.1023622047244 200.78740157480314 96.85039370078741 billets
520.8661417322835 431.1023622047244 108.66141732283465 96.85039370078741 de
575.1968503937007 431.1023622047244 200.78740157480314 96.85039370078741 loterie
720.4724409448819 431.1023622047244 218.50393700787401 96.85039370078741 détachés
884.6456692913385 431.1023622047244 108.66141732283465 96.85039370078741 du
938.9763779527559 431.1023622047244 181.88976377952756 96.85039370078741 billet
1066.5354330708662 431.1023622047244 218.50393700787401 96.85039370078741 d’entrée
1230.708661417323 431.1023622047244 108.66141732283465 96.85039370078741 de
1267.3228346456692 431.1023622047244 145.2755905511811 96.85039370078741 vingt-

369.68503937007875 506.6929133858268 157.08661417322836 73.22834645669292 cinq
468.8976377952756 506.6929133858268 255.11811023622047 73.22834645669292 centimes,
664.9606299212599 506.6929133858268 157.08661417322836 73.22834645669292 sera
762.992125984252 506.6929133858268 177.16535433070865 73.22834645669292 tirée
881.1023622047244 506.6929133858268 177.16535433070865 73.22834645669292 après
999.2125984251968 506.6929133858268 314.1732283464567 73.22834645669292 l’Exposition
1254.3307086614172 506.6929133858268 118.11023622047244 73.22834645669292 et
1293.3070866141732 506.6929133858268 118.11023622047244 73.22834645669292 sous

370.86614173228344 562.2047244094488 122.83464566929133 88.58267716535433 la
432.2834645669291 562.2047244094488 327.1653543307087 88.58267716535433 surveillance
698.0314960629921 562.2047244094488 285.8267716535433 88.58267716535433 accoutumée
922.4409448818898 562.2047244094488 122.83464566929133 88.58267716535433 de
983.8582677165355 562.2047244094488 408.66141732283467 88.58267716535433 l’Administration
1311.023622047244 562.2047244094488 102.75590551181102 88.58267716535433 mu

348.4251968503937 617.7165354330708 213.7795275590551 73.22834645669292 nicipale.

413.38582677165357 681.496062992126 177.16535433070865 73.22834645669292 ART.
524.4094488188977 681.496062992126 154.7244094488189 73.22834645669292 30.
612.992125984252 681.496062992126 111.02362204724409 73.22834645669292 —
657.8740157480315 681.496062992126 154.7244094488189 73.22834645669292 Les
746.4566929133858 681.496062992126 243.30708661417322 73.22834645669292 numéros
923.6220472440945 681.496062992126 222.04724409448818 73.22834645669292 sortis
1078.3464566929133 681.496062992126 222.04724409448818 73.22834645669292 seront
1210.6299212598426 681.496062992126 199.60629921259843 73.22834645669292 publiés

369.68503937007875 746.4566929133858 333.07086614173227 88.58267716535433 immédiatement
644.8818897637796 746.4566929133858 175.98425196850394 88.58267716535433 après
761.8110236220473 746.4566929133858 118.11023622047244 88.58267716535433 le
820.8661417322835 746.4566929133858 216.14173228346456 88.58267716535433 tirage,
977.9527559055118 746.4566929133858 137.00787401574803 88.58267716535433 par
1055.9055118110236 746.4566929133858 118.11023622047244 88.58267716535433 la
1114.9606299212599 746.4566929133858 157.08661417322836 88.58267716535433 voie
1212.992125984252 746.4566929133858 137.00787401574803 88.58267716535433 des
1272.0472440944882 746.4566929133858 137.00787401574803 88.58267716535433 jour-

367.3228346456693 814.9606299212599 191.33858267716536 68.50393700787401 naux,
494.88188976377955 814.9606299212599 170.07874015748033 68.50393700787401 afin
601.1811023622047 814.9606299212599 127.55905511811024 68.50393700787401 de
663.7795275590552 814.9606299212599 212.5984251968504 68.50393700787401 mettre
812.5984251968504 814.9606299212599 148.8188976377953 68.50393700787401 les
897.6377952755905 814.9606299212599 255.11811023622047 68.50393700787401 porteurs
1088.976377952756 814.9606299212599 148.8188976377953 68.50393700787401 des
1172.8346456692914 814.9606299212599 233.85826771653544 68.50393700787401 billets
1321.6535433070867 814.9606299212599 85.03937007874016 68.50393700787401 en

368.503937007874 878.7401574803149 198.4251968503937 62.59842519685039 mesure
507.87401574803147 878.7401574803149 119.29133858267717 62.59842519685039 de
566.9291338582677 878.7401574803149 238.58267716535434 62.59842519685039 réclamer
745.2755905511812 878.7401574803149 178.3464566929134 62.59842519685039 leurs
844.488188976378 878.7401574803149 139.37007874015748 62.59842519685039 lots.

411.0236220472441 933.0708661417323 168.89763779527559 90.94488188976378 Tout
517.3228346456693 933.0708661417323 147.63779527559055 90.94488188976378 lot
601.1811023622047 933.0708661417323 147.63779527559055 90.94488188976378 non
686.2204724409448 933.0708661417323 232.6771653543307 90.94488188976378 réclamé
855.1181102362204 933.0708661417323 168.89763779527559 90.94488188976378 dans
961.4173228346457 933.0708661417323 253.93700787401573 90.94488188976378 l’année,
1151.5748031496064 933.0708661417323 106.2992125984252 90.94488188976378 à
1194.0944881889764 933.0708661417323 211.41732283464566 90.94488188976378 partir
1320.4724409448818 933.0708661417323 85.03937007874016 90.94488188976378 du

367.3228346456693 994.488188976378 212.5984251968504 86.22047244094489 tirage,
520.8661417322835 994.488188976378 309.4488188976378 86.22047244094489 appartiendra
772.4409448818898 994.488188976378 96.85039370078741 86.22047244094489 à
811.4173228346457 994.488188976378 115.74803149606299 86.22047244094489 la
849.2125984251968 994.488188976378 154.7244094488189 86.22047244094489 Ville.

748.8188976377953 1139.763779527559 231.49606299212599 75.59055118110236 TITRE
877.5590551181102 1139.763779527559 128.74015748031496 75.59055118110236 VI.

432.2834645669291 1279.1338582677165 285.8267716535433 94.48818897637796 Mesures
656.6929133858267 1279.1338582677165 122.83464566929133 94.48818897637796 de
718.1102362204724 1279.1338582677165 325.98425196850394 94.48818897637796 surveillance
982.6771653543307 1279.1338582677165 122.83464566929133 94.48818897637796 et
1044.0944881889764 1279.1338582677165 122.83464566929133 94.48818897637796 de
1085.4330708661416 1279.1338582677165 244.48818897637796 94.48818897637796 police

406.2992125984252 1419.6850393700788 170.07874015748033 90.94488188976378 ART.
512.5984251968504 1419.6850393700788 148.8188976377953 90.94488188976378 31.
597.6377952755905 1419.6850393700788 106.2992125984252 90.94488188976378 —
640.1574803149606 1419.6850393700788 148.8188976377953 90.94488188976378 Les
724.0157480314961 1419.6850393700788 253.93700787401573 90.94488188976378 galeries
915.3543307086615 1419.6850393700788 127.55905511811024 90.94488188976378 de
979.1338582677165 1419.6850393700788 338.9763779527559 90.94488188976378 l’Exposition
1233.0708661417323 1419.6850393700788 170.07874015748033 90.94488188976378 seront

357.87401574803147 1492.9133858267717 255.11811023622047 75.59055118110236 ouvertes
549.2125984251968 1492.9133858267717 106.2992125984252 75.59055118110236 à
591.7322834645669 1492.9133858267717 148.8188976377953 75.59055118110236 dix
676.7716535433071 1492.9133858267717 212.5984251968504 75.59055118110236 heures
825.5905511811023 1492.9133858267717 127.55905511811024 75.59055118110236 du
889.3700787401575 1492.9133858267717 191.33858267716536 75.59055118110236 matin
1016.9291338582677 1492.9133858267717 127.55905511811024 75.59055118110236 et
1080.708661417323 1492.9133858267717 233.85826771653544 75.59055118110236 fermées
1250.7874015748032 1492.9133858267717 106.2992125984252 75.59055118110236 à
1272.0472440944882 1492.9133858267717 127.55905511811024 75.59055118110236 cinq

359.0551181102362 1543.7007874015749 200.78740157480314 81.49606299212599 heures
499.6062992125984 1543.7007874015749 120.4724409448819 81.49606299212599 de
539.7637795275591 1543.7007874015749 301.18110236220474 81.49606299212599 l’après

407.4803149606299 1605.1181102362204 161.81102362204723 77.95275590551181 ART.
509.0551181102362 1605.1181102362204 141.73228346456693 77.95275590551181 32.
589.3700787401575 1605.1181102362204 101.5748031496063 77.95275590551181 —
629.5275590551181 1605.1181102362204 121.65354330708661 77.95275590551181 Il
690.9448818897638 1605.1181102362204 141.73228346456693 77.95275590551181 est
771.2598425196851 1605.1181102362204 323.62204724409446 77.95275590551181 expressément
1034.6456692913387 1605.1181102362204 223.22834645669292 77.95275590551181 défendu
1197.6377952755906 1605.1181102362204 141.73228346456693 77.95275590551181 aux
1257.8740157480315 1605.1181102362204 141.73228346456693 77.95275590551181 visi-

356.6929133858268 1675.984251968504 179.5275590551181 61.41732283464567 teurs
477.1653543307087 1675.984251968504 120.4724409448819 61.41732283464567 de
537.4015748031496 1675.984251968504 219.68503937007873 61.41732283464567 toucher
696.8503937007874 1675.984251968504 140.5511811023622 61.41732283464567 aux
777.1653543307086 1675.984251968504 199.60629921259843 61.41732283464567 œuvres
916.5354330708661 1675.984251968504 259.84251968503935 61.41732283464567 exposées,
1117.3228346456692 1675.984251968504 120.4724409448819 61.41732283464567 ou
1177.5590551181103 1675.984251968504 160.62992125984252 61.41732283464567 d’en
1256.6929133858268 1675.984251968504 140.5511811023622 61.41732283464567 pren-

356.6929133858268 1733.8582677165355 129.92125984251967 77.95275590551181 dre
431.1023622047244 1733.8582677165355 185.43307086614172 77.95275590551181 copie,
561.0236220472441 1733.8582677165355 147.63779527559055 77.95275590551181 sans
653.1496062992126 1733.8582677165355 333.07086614173227 77.95275590551181 l’autorisation
930.7086614173228 1733.8582677165355 111.02362204724409 77.95275590551181 du
986.2204724409448 1733.8582677165355 166.53543307086613 77.95275590551181 Maire
1097.244094488189 1733.8582677165355 111.02362204724409 77.95275590551181 et
1151.5748031496064 1733.8582677165355 111.02362204724409 77.95275590551181 de
1189.3700787401574 1733.8582677165355 203.1496062992126 77.95275590551181 l'auteur.

402.755905511811 1794.0944881889764 172.44094488188978 77.95275590551181 ART.
510.23622047244095 1794.0944881889764 151.1811023622047 77.95275590551181 33.
596.4566929133858 1794.0944881889764 107.48031496062993 77.95275590551181 —
640.1574803149606 1794.0944881889764 129.92125984251967 77.95275590551181 Il
703.9370078740158 1794.0944881889764 151.1811023622047 77.95275590551181 est
791.3385826771654 1794.0944881889764 279.9212598425197 77.95275590551181 également
1006.2992125984252 1794.0944881889764 237.4015748031496 77.95275590551181 défendu
1157.4803149606298 1794.0944881889764 237.4015748031496 77.95275590551181 d’entrer,

354.3307086614173 1854.3307086614172 165.35433070866142 81.49606299212599 dans
458.26771653543307 1854.3307086614172 145.2755905511811 81.49606299212599 les
540.9448818897638 1854.3307086614172 207.8740157480315 81.49606299212599 salons
686.2204724409448 1854.3307086614172 124.01574803149606 81.49606299212599 et
748.8188976377953 1854.3307086614172 145.2755905511811 81.49606299212599 les
831.496062992126 1854.3307086614172 269.29133858267716 81.49606299212599 galeries,
1039.3700787401574 1854.3307086614172 165.35433070866142 81.49606299212599 avec
1142.1259842519685 1854.3307086614172 145.2755905511811 81.49606299212599 des
1204.724409448819 1854.3307086614172 186.61417322834646 81.49606299212599 cannes,

356.6929133858268 1925.1968503937007 262.20472440944883 68.50393700787401 parapluies
563.3858267716536 1925.1968503937007 112.20472440944881 68.50393700787401 ou
620.0787401574803 1925.1968503937007 187.79527559055117 68.50393700787401 autres
751.1811023622047 1925.1968503937007 187.79527559055117 68.50393700787401 objets
882.2834645669292 1925.1968503937007 337.79527559055117 68.50393700787401 préjudiciables
1163.3858267716535 1925.1968503937007 112.20472440944881 68.50393700787401 en
1220.0787401574803 1925.1968503937007 112.20472440944881 68.50393700787401 ce
1257.8740157480315 1925.1968503937007 131.10236220472441 68.50393700787401 lieu.

402.755905511811 1979.5275590551182 132.28346456692913 82.67716535433071 Ces
478.34645669291336 1979.5275590551182 190.15748031496062 82.67716535433071 objets
611.8110236220473 1979.5275590551182 190.15748031496062 82.67716535433071 seront
744.0944881889764 1979.5275590551182 171.25984251968504 82.67716535433071 remis
857.4803149606299 1979.5275590551182 94.48818897637796 82.67716535433071 à
895.2755905511812 1979.5275590551182 113.38582677165354 82.67716535433071 la
953.1496062992126 1979.5275590551182 171.25984251968504 82.67716535433071 porte
1066.5354330708662 1979.5275590551182 113.38582677165354 82.67716535433071 de
1104.3307086614172 1979.5275590551182 284.6456692913386 82.67716535433071 l’Exposition,

350.78740157480314 2050.3937007874015 127.55905511811024 60.23622047244095 en
414.56692913385825 2050.3937007874015 233.85826771653544 60.23622047244095 échange
584.6456692913385 2050.3937007874015 170.07874015748033 60.23622047244095 d’un
689.7637795275591 2050.3937007874015 212.5984251968504 60.23622047244095 numéro
838.5826771653543 2050.3937007874015 233.85826771653544 60.23622047244095 délivré
1008.6614173228346 2050.3937007874015 148.8188976377953 60.23622047244095 aux
1093.7007874015749 2050.3937007874015 275.1968503937008 60.23622047244095 visiteurs
1283.8582677165355 2050.3937007874015 106.2992125984252 60.23622047244095 qui
