1707.8740157480315 2735.433070866142
327.1653543307087 357.87401574803147 142.91338582677164 85.03937007874016 les
408.66141732283467 357.87401574803147 305.90551181102364 85.03937007874016 déposeront,
653.1496062992126 357.87401574803147 122.83464566929133 85.03937007874016 et
714.5669291338583 357.87401574803147 142.91338582677164 85.03937007874016 ils
796.0629921259842 357.87401574803147 204.33070866141733 85.03937007874016 seront
938.9763779527559 357.87401574803147 224.40944881889763 85.03937007874016 rendus,
1101.9685039370079 357.87401574803147 101.5748031496063 85.03937007874016 à
1143.3070866141732 357.87401574803147 244.48818897637796 85.03937007874016 ceux-ci,
1306.2992125984251 357.87401574803147 61.41732283464567 85.03937007874016 à

328.34645669291336 424.01574803149606 154.7244094488189 77.95275590551181 leur
425.1968503937008 424.01574803149606 213.7795275590551 77.95275590551181 sortie,
579.9212598425197 424.01574803149606 251.5748031496063 77.95275590551181 moyennant
773.6220472440945 424.01574803149606 115.74803149606299 77.95275590551181 la
831.496062992126 424.01574803149606 290.5511811023622 77.95275590551181 rétribution
1045.275590551181 424.01574803149606 154.7244094488189 77.95275590551181 fixée.

369.68503937007875 496.06299212598424 185.43307086614172 70.86614173228347 ART.
485.43307086614175 496.06299212598424 161.81102362204723 70.86614173228347 34.
578.7401574803149 496.06299212598424 115.74803149606299 70.86614173228347 —
624.8031496062993 496.06299212598424 161.81102362204723 70.86614173228347 Les
718.1102362204724 496.06299212598424 277.5590551181102 70.86614173228347 gardiens
925.9842519685039 496.06299212598424 139.37007874015748 70.86614173228347 du
995.6692913385826 496.06299212598424 209.0551181102362 70.86614173228347 Musée
1135.0393700787401 496.06299212598424 139.37007874015748 70.86614173228347 et
1181.1023622047244 496.06299212598424 185.43307086614172 70.86614173228347 autres

324.8031496062992 557.4803149606299 199.60629921259843 73.22834645669292 agents
465.3543307086614 557.4803149606299 120.4724409448819 73.22834645669292 de
524.4094488188977 557.4803149606299 120.4724409448819 73.22834645669292 la
584.6456692913385 557.4803149606299 179.5275590551181 73.22834645669292 Ville
705.1181102362204 557.4803149606299 279.9212598425197 73.22834645669292 veilleront
924.8031496062993 557.4803149606299 100.39370078740157 73.22834645669292 à
964.9606299212599 557.4803149606299 120.4724409448819 73.22834645669292 ce
1024.015748031496 557.4803149606299 139.37007874015748 73.22834645669292 que
1104.3307086614172 557.4803149606299 120.4724409448819 73.22834645669292 le
1164.5669291338584 557.4803149606299 139.37007874015748 73.22834645669292 bon
1224.8031496062993 557.4803149606299 139.37007874015748 73.22834645669292 ordre

322.4409448818898 617.7165354330708 101.5748031496063 80.31496062992126 y
362.59842519685037 617.7165354330708 184.251968503937 80.31496062992126 règne
485.43307086614175 617.7165354330708 387.40157480314963 80.31496062992126 continuellement
811.4173228346457 617.7165354330708 224.40944881889763 80.31496062992126 pendant
975.5905511811023 617.7165354330708 347.244094488189 80.31496062992126 l’Exposition,
1261.4173228346456 617.7165354330708 122.83464566929133 80.31496062992126 et
1301.5748031496064 617.7165354330708 61.41732283464567 80.31496062992126 à

322.4409448818898 682.6771653543307 122.83464566929133 63.77952755905512 ce
383.8582677165354 682.6771653543307 264.56692913385825 63.77952755905512 qu’aucune
587.007874015748 682.6771653543307 244.48818897637796 63.77952755905512 personne
770.0787401574803 682.6771653543307 122.83464566929133 63.77952755905512 ne
831.496062992126 682.6771653543307 204.33070866141733 63.77952755905512 puisse
974.4094488188977 682.6771653543307 142.91338582677164 63.77952755905512 s’y
1055.9055118110236 682.6771653543307 264.56692913385825 63.77952755905512 présenter
1238.976377952756 682.6771653543307 122.83464566929133 63.77952755905512 dans

322.4409448818898 751.1811023622047 139.37007874015748 63.77952755905512 une
402.755905511811 751.1811023622047 179.5275590551181 63.77952755905512 tenue
522.0472440944882 751.1811023622047 139.37007874015748 63.77952755905512 qui
601.1811023622047 751.1811023622047 199.60629921259843 63.77952755905512 blesse
740.5511811023622 751.1811023622047 119.29133858267717 63.77952755905512 la
800.7874015748032 751.1811023622047 218.50393700787401 63.77952755905512 décence
960.2362204724409 751.1811023622047 119.29133858267717 63.77952755905512 ou
1019.2913385826772 751.1811023622047 139.37007874015748 63.77952755905512 les
1079.5275590551182 751.1811023622047 278.74015748031496 63.77952755905512 convenances.

362.59842519685037 805.511811023622 190.15748031496062 63.77952755905512 ART.
481.8897637795276 805.511811023622 166.53543307086613 63.77952755905512 35.
576.3779527559055 805.511811023622 119.29133858267717 63.77952755905512 —
623.6220472440945 805.511811023622 142.91338582677164 63.77952755905512 M.
695.6692913385826 805.511811023622 142.91338582677164 63.77952755905512 le
766.5354330708661 805.511811023622 380.31496062992125 63.77952755905512 Conservateur
1075.984251968504 805.511811023622 142.91338582677164 63.77952755905512 du
1148.0314960629921 805.511811023622 213.7795275590551 63.77952755905512 Musée
1266.1417322834645 805.511811023622 95.66929133858268 63.77952755905512 et

316.53543307086613 848.0314960629921 133.46456692913387 88.58267716535433 M.
383.8582677165354 848.0314960629921 133.46456692913387 88.58267716535433 le
450.0 848.0314960629921 333.07086614173227 88.58267716535433 Commissaire
716.9291338582677 848.0314960629921 133.46456692913387 88.58267716535433 de
783.0708661417323 848.0314960629921 133.46456692913387 88.58267716535433 la
850.3937007874016 848.0314960629921 222.04724409448818 88.58267716535433 Police
1005.1181102362204 848.0314960629921 310.62992125984255 88.58267716535433 municipale
1227.1653543307086 848.0314960629921 133.46456692913387 88.58267716535433 sont

318.8976377952756 923.6220472440945 243.30708661417322 62.59842519685039 chargés,
500.78740157480314 923.6220472440945 203.1496062992126 62.59842519685039 chacun
643.7007874015748 923.6220472440945 121.65354330708661 62.59842519685039 en
703.9370078740158 923.6220472440945 121.65354330708661 62.59842519685039 ce
765.3543307086615 923.6220472440945 141.73228346456693 62.59842519685039 qui
845.6692913385826 923.6220472440945 121.65354330708661 62.59842519685039 le
907.0866141732283 923.6220472440945 263.38582677165357 62.59842519685039 concerne,
1110.236220472441 923.6220472440945 121.65354330708661 62.59842519685039 de
1150.3937007874015 923.6220472440945 203.1496062992126 62.59842519685039 l’exécu-

322.4409448818898 983.8582677165355 153.54330708661416 75.59055118110236 tion
418.1102362204724 983.8582677165355 134.64566929133858 75.59055118110236 des
494.88188976377955 983.8582677165355 308.26771653543307 75.59055118110236 dispositions
745.2755905511812 983.8582677165355 115.74803149606299 75.59055118110236 du
784.2519685039371 983.8582677165355 192.51968503937007 75.59055118110236 présent.

434.6456692913386 1068.8976377952756 160.62992125984252 80.31496062992126 Fait
535.0393700787401 1068.8976377952756 100.39370078740157 80.31496062992126 à
575.1968503937007 1068.8976377952756 200.78740157480314 80.31496062992126 Rouen,
714.5669291338583 1068.8976377952756 120.4724409448819 80.31496062992126 en
774.8031496062993 1068.8976377952756 420.4724409448819 80.31496062992126 l’Hôtel-de-Ville,
1135.0393700787401 1068.8976377952756 120.4724409448819 80.31496062992126 le
1195.275590551181 1068.8976377952756 120.4724409448819 80.31496062992126 16
1235.4330708661416 1068.8976377952756 120.4724409448819 80.31496062992126 jan-

315.3543307086614 1131.4960629921259 167.71653543307087 68.50393700787401 vier
399.21259842519686 1131.4960629921259 146.45669291338584 68.50393700787401 1869.

721.6535433070866 1228.3464566929133 171.25984251968504 96.85039370078741 Le
836.2204724409448 1228.3464566929133 171.25984251968504 96.85039370078741 Maire
949.6062992125984 1228.3464566929133 114.56692913385827 96.85039370078741 de
988.5826771653543 1228.3464566929133 227.95275590551182 96.85039370078741 Rouen,

811.4173228346457 1315.748031496063 184.251968503937 76.77165354330708 E.
872.8346456692914 1315.748031496063 245.66929133858267 76.77165354330708 NIOIV,

630.7086614173228 1383.0708661417323 212.5984251968504 95.66929133858268 Chevalier
794.8818897637796 1383.0708661417323 98.03149606299213 95.66929133858268 de
843.3070866141733 1383.0708661417323 98.03149606299213 95.66929133858268 la
892.9133858267717 1383.0708661417323 164.17322834645668 95.66929133858268 Légion
1007.4803149606299 1383.0708661417323 229.13385826771653 95.66929133858268 d’honneur,
1170.4724409448818 1383.0708661417323 164.17322834645668 95.66929133858268 Adjoint.
