1736.2204724409448 2725.984251968504
535.0393700787401 265.748031496063 596.4566929133858 107.48031496062993 STATUTS

794.8818897637796 389.76377952755905 119.29133858267717 62.59842519685039 DE
835.0393700787401 389.76377952755905 79.13385826771653 62.59842519685039 LA

325.98425196850394 491.33858267716533 421.65354330708664 144.09448818897638 SOCIÉTÉ
642.5196850393701 491.33858267716533 245.66929133858267 144.09448818897638 DES
783.0708661417323 491.33858267716533 281.1023622047244 144.09448818897638 AMIS
957.8740157480315 491.33858267716533 245.66929133858267 144.09448818897638 DES
1062.992125984252 491.33858267716533 316.53543307086613 144.09448818897638 ARTS

675.5905511811023 625.9842519685039 229.13385826771653 88.58267716535433 DE
751.1811023622047 625.9842519685039 266.92913385826773 88.58267716535433 ROUEN

481.8897637795276 870.4724409448819 483.07086614173227 79.13385826771653 CHAPITRE
804.3307086614174 870.4724409448819 402.755905511811 79.13385826771653 PREMIER.

630.7086614173228 954.3307086614174 162.99212598425197 79.13385826771653 But
724.0157480314961 954.3307086614174 140.5511811023622 79.13385826771653 de
794.8818897637796 954.3307086614174 140.5511811023622 79.13385826771653 la
840.9448818897638 954.3307086614174 233.85826771653544 79.13385826771653 Société.

667.3228346456693 1060.6299212598426 237.4015748031496 80.31496062992126 ARTICLE
818.503937007874 1060.6299212598426 216.14173228346456 80.31496062992126 PREMIER.

383.8582677165354 1142.1259842519685 120.4724409448819 69.68503937007874 La
444.09448818897636 1142.1259842519685 222.04724409448818 69.68503937007874 Société
605.9055118110236 1142.1259842519685 140.5511811023622 69.68503937007874 des
686.2204724409448 1142.1259842519685 161.81102362204723 69.68503937007874 Amis
786.6141732283464 1142.1259842519685 140.5511811023622 69.68503937007874 des
866.9291338582677 1142.1259842519685 161.81102362204723 69.68503937007874 Arts
968.503937007874 1142.1259842519685 100.39370078740157 69.68503937007874 a
1008.6614173228346 1142.1259842519685 161.81102362204723 69.68503937007874 pour
1109.0551181102362 1142.1259842519685 140.5511811023622 69.68503937007874 but
1189.3700787401574 1142.1259842519685 120.4724409448819 69.68503937007874 de
1230.708661417323 1142.1259842519685 140.5511811023622 69.68503937007874 favo-

334.251968503937 1205.9055118110236 179.5275590551181 57.874015748031496 riser
453.54330708661416 1205.9055118110236 139.37007874015748 57.874015748031496 les
533.8582677165355 1205.9055118110236 219.68503937007873 57.874015748031496 progrès
693.3070866141733 1205.9055118110236 119.29133858267717 57.874015748031496 de
753.5433070866142 1205.9055118110236 179.5275590551181 57.874015748031496 l’art
872.8346456692914 1205.9055118110236 99.21259842519684 57.874015748031496 à
912.992125984252 1205.9055118110236 199.60629921259843 57.874015748031496 Rouen,
1052.3622047244094 1205.9055118110236 119.29133858267717 57.874015748031496 et
1092.5196850393702 1205.9055118110236 278.74015748031496 57.874015748031496 d’encourager

336.61417322834643 1244.8818897637796 141.73228346456693 69.68503937007874 les
416.92913385826773 1244.8818897637796 243.30708661417322 69.68503937007874 artistes
600.0 1244.8818897637796 141.73228346456693 69.68503937007874 par
681.496062992126 1244.8818897637796 344.88188976377955 69.68503937007874 l’acquisition
964.9606299212599 1244.8818897637796 121.65354330708661 69.68503937007874 de
1025.1968503937007 1244.8818897637796 181.88976377952756 69.68503937007874 leurs
1146.8503937007874 1244.8818897637796 203.1496062992126 69.68503937007874 œuvres
1268.5039370078741 1244.8818897637796 101.5748031496063 69.68503937007874 aux

334.251968503937 1290.9448818897638 296.45669291338584 74.40944881889764 Expositions
571.6535433070866 1290.9448818897638 197.24409448818898 74.40944881889764 faites
709.8425196850394 1290.9448818897638 138.18897637795277 74.40944881889764 par
788.9763779527559 1290.9448818897638 395.6692913385827 74.40944881889764 l’Administration
1105.5118110236222 1290.9448818897638 257.4803149606299 74.40944881889764 municipale.

612.992125984252 1393.7007874015749 457.0866141732283 101.5748031496063 CHAPITRE
917.7165354330708 1393.7007874015749 152.36220472440945 101.5748031496063 2.

523.2283464566929 1498.8188976377953 364.96062992125985 92.1259842519685 Organisation
830.3149606299213 1498.8188976377953 115.74803149606299 92.1259842519685 de
888.1889763779527 1498.8188976377953 115.74803149606299 92.1259842519685 la
925.9842519685039 1498.8188976377953 250.39370078740157 92.1259842519685 Société

728.7401574803149 1596.8503937007874 240.9448818897638 85.03937007874016 ARTICLE
881.1023622047244 1596.8503937007874 87.4015748031496 85.03937007874016 2.

379.13385826771656 1681.8897637795276 120.4724409448819 64.96062992125984 La
439.37007874015745 1681.8897637795276 220.86614173228347 64.96062992125984 Société
600.0 1681.8897637795276 140.5511811023622 64.96062992125984 des
681.496062992126 1681.8897637795276 160.62992125984252 64.96062992125984 Amis
781.8897637795276 1681.8897637795276 140.5511811023622 64.96062992125984 des
862.2047244094488 1681.8897637795276 160.62992125984252 64.96062992125984 Arts
962.5984251968504 1681.8897637795276 140.5511811023622 64.96062992125984 est
1042.9133858267717 1681.8897637795276 220.86614173228347 64.96062992125984 établie
1204.724409448819 1681.8897637795276 160.62992125984252 64.96062992125984 sous
1285.0393700787401 1681.8897637795276 80.31496062992126 64.96062992125984 le

330.70866141732284 1739.763779527559 268.1102362204724 62.59842519685039 patronage
536.2204724409448 1739.763779527559 124.01574803149606 62.59842519685039 de
598.8188976377953 1739.763779527559 124.01574803149606 62.59842519685039 M.
660.2362204724409 1739.763779527559 124.01574803149606 62.59842519685039 le
722.8346456692914 1739.763779527559 206.69291338582678 62.59842519685039 Maire,
866.9291338582677 1739.763779527559 144.09448818897638 62.59842519685039 qui
949.6062992125984 1739.763779527559 124.01574803149606 62.59842519685039 en
1012.2047244094488 1739.763779527559 144.09448818897638 62.59842519685039 est
1094.8818897637796 1739.763779527559 124.01574803149606 62.59842519685039 le
1136.2204724409448 1739.763779527559 226.77165354330708 62.59842519685039 Président

325.98425196850394 1789.3700787401574 289.37007874015745 75.59055118110236 d’honneur,
553.9370078740158 1789.3700787401574 124.01574803149606 75.59055118110236 et
616.5354330708661 1789.3700787401574 165.35433070866142 75.59055118110236 qui,
719.2913385826772 1789.3700787401574 124.01574803149606 75.59055118110236 de
781.8897637795276 1789.3700787401574 206.69291338582678 75.59055118110236 droit,
925.9842519685039 1789.3700787401574 269.29133858267716 75.59055118110236 présidera
1132.6771653543308 1789.3700787401574 145.2755905511811 75.59055118110236 les
1195.275590551181 1789.3700787401574 165.35433070866142 75.59055118110236 Assem-

328.34645669291336 1828.3464566929133 173.6220472440945 54.330708661417326 blées
424.01574803149606 1828.3464566929133 269.29133858267716 54.330708661417326 solennelles.

726.3779527559055 1912.2047244094488 240.9448818897638 80.31496062992126 ARTICLE
878.7401574803149 1912.2047244094488 87.4015748031496 80.31496062992126 3.

373.2283464566929 1997.244094488189 126.37795275590551 62.59842519685039 La
437.00787401574803 1997.244094488189 230.31496062992127 62.59842519685039 Société
604.7244094488188 1997.244094488189 126.37795275590551 62.59842519685039 se
667.3228346456693 1997.244094488189 230.31496062992127 62.59842519685039 compose
835.0393700787401 1997.244094488189 126.37795275590551 62.59842519685039 de
897.6377952755905 1997.244094488189 230.31496062992127 62.59842519685039 Membres
1065.3543307086613 1997.244094488189 294.09448818897636 62.59842519685039 titulaires
1275.5905511811025 1997.244094488189 83.85826771653544 62.59842519685039 et

323.62204724409446 2042.1259842519685 122.83464566929133 74.40944881889764 de
363.7795275590551 2042.1259842519685 329.5275590551181 74.40944881889764 Souscripteurs.
