1446 2316
707 216 149 67 16
757 216 74 67 —

641 319 209 64 ARTICLE
774 319 76 64 4.

345 374 146 78 Pour
436 374 200 78 devenir
581 374 182 78 Membre
709 374 255 78 titulaire,
909 374 109 78 il
964 374 182 78 suffit
1073 374 109 78 d’en

301 413 164 77 faire
410 413 110 77 la
465 413 201 77 demande
611 413 146 77 soit
703 413 110 77 au
757 413 256 77 Président,
958 413 146 77 soit
1050 413 91 77 à
1086 413 146 77 l’un
1159 413 110 77 des»

301 457 198 67 Membres
445 457 108 67 du
499 457 198 67 Bureau,
643 457 108 67 et
697 457 108 67 de
751 457 234 67 s’engager
930 457 90 67 à
966 457 198 67 prendre
1092 457 90 67 une

297 503 184 83 action
425 503 221 83 nominale
591 503 110 83 de
646 503 110 83 la
701 503 184 83 valeur
830 503 110 83 de
886 503 110 83 30
941 503 147 83 fr.,
1033 503 147 83 lors
1106 503 74 83 de

296 535 181 62 chaque
404 535 235 62 Exposition.

633 612 210 71 ARTICLE
767 612 76 71 5.

336 675 105 80 La
389 675 193 80 qualité
530 675 105 80 de
582 675 176 80 Membre
705 675 228 80 titulaire
881 675 211 80 n’impose
1021 675 158 80 d’autre

296 724 242 68 obligation
486 724 121 68 que
555 724 155 68 celle
658 724 276 68 d’effectuer,
883 724 86 68 à
917 724 173 68 chaque
1021 724 155 68 Exposi-

295 760 155 66 tion,
398 760 103 66 le
449 760 206 66 paiement
604 760 103 66 du
656 760 189 66 montant
793 760 103 66 de
845 760 206 66 l’action
982 760 189 66 nominale.

332 799 131 88 Nul
407 799 168 88 n'est
519 799 112 88 et
575 799 112 88 ne
632 799 150 88 peut
725 799 150 88 être
819 799 187 88 engagé
950 799 131 88 que
1006 799 168 88 jusqu’à

291 833 264 68 concurrence
503 833 106 68 de
556 833 123 68 son
608 833 159 68 action.

626 926 206 62 ARTICLE
757 926 75 62 6.

330 965 100 93 Il
380 965 134 93 sera
464 965 150 93 remis
564 965 84 93 à
598 965 167 93 chaque
715 965 167 93 Membre
832 965 217 93 titulaire
982 965 184 93 résidant,

287 1028 183 67 contre
415 1028 238 67 récépissé
598 1028 128 67 qui
671 1028 183 67 vaudra
800 1028 147 67 acte
891 1028 275 67 d’adhésion,
1093 1028 73 67 un

289 1064 185 70 diplôme
424 1064 101 70 et
474 1064 101 70 un
525 1064 236 70 exemplaire
710 1064 118 70 des
777 1064 185 70 Statuts
912 1064 101 70 de
962 1064 101 70 la
996 1064 168 70 Société.

327 1104 156 71 Pour
425 1104 137 71 les
503 1104 215 71 Membres
659 1104 137 71 non
737 1104 254 71 résidants
933 1104 234 71 l’accusé
1089 1104 78 71 de

284 1144 239 71 réception
468 1144 110 71 du
523 1144 202 71 Diplôme
670 1144 110 71 et
725 1144 129 71 des
799 1144 202 71 Statuts
946 1144 184 71 vaudra
1057 1144 110 71 acte

268 1181 228 56 d’adhésion.

622 1262 204 62 ARTICLE
751 1262 74 62 7.

319 1327 131 72 Les
394 1327 206 72 Membres
544 1327 262 72 titulaires
749 1327 149 72 sont
842 1327 168 72 seuls
936 1327 224 72 considérés

279 1373 165 54 comme
389 1373 275 54 Sociétaires
609 1373 202 54 actifs,
756 1373 110 54 et
811 1373 129 54 ont
885 1373 165 54 seuls
995 1373 165 54 droit
1087 1373 73 54 de

281 1410 186 67 prendre
416 1410 135 67 part
501 1410 118 67 aux
568 1410 287 67 délibérations
805 1410 118 67 des
873 1410 237 67 Assemblées
1042 1410 118 67 géné-

279 1458 180 60 rales,
405 1458 126 60 où,
477 1458 108 60 en
531 1458 126 60 cas
603 1458 324 60 d’empêchement,
872 1458 126 60 ils
944 1458 216 60 pourront
1088 1458 72 60 se

279 1488 152 71 faire
381 1488 271 71 représenter,
601 1488 119 71 sur
669 1488 169 71 simple
787 1488 186 71 lettre,
923 1488 119 71 par
991 1488 102 71 un
1024 1488 136 71 Membre

265 1527 180 54 titulaire.

612 1611 210 65 ARTICLE
746 1611 76 65 8.

311 1666 147 72 Tout
402 1666 184 72 Membre
531 1666 239 72 titulaire
714 1666 128 72 qui
788 1666 184 72 n’aura
916 1666 128 72 pas
990 1666 165 72 donné
1082 1666 73 72 sa

273 1712 224 72 démission
445 1712 138 72 dans
532 1712 121 72 les
601 1712 121 72 six
670 1712 138 72 mois
756 1712 121 72 qui
825 1712 207 72 suivront
980 1712 104 72 le
1015 1712 138 72 tirage
