1707.8740157480315 2735.433070866142
835.0393700787401 255.11811023622047 175.98425196850394 79.13385826771653 16
894.0944881889764 255.11811023622047 87.4015748031496 79.13385826771653 —

757.0866141732283 376.7716535433071 246.8503937007874 75.59055118110236 ARTICLE
914.1732283464567 376.7716535433071 89.76377952755905 75.59055118110236 4.

407.4803149606299 441.73228346456693 172.44094488188978 92.1259842519685 Pour
514.9606299212599 441.73228346456693 236.2204724409449 92.1259842519685 devenir
686.2204724409448 441.73228346456693 214.96062992125985 92.1259842519685 Membre
837.4015748031496 441.73228346456693 301.18110236220474 92.1259842519685 titulaire,
1073.6220472440946 441.73228346456693 128.74015748031496 92.1259842519685 il
1138.5826771653544 441.73228346456693 214.96062992125985 92.1259842519685 suffit
1267.3228346456692 441.73228346456693 128.74015748031496 92.1259842519685 d’en

355.51181102362204 487.79527559055117 193.70078740157481 90.94488188976378 faire
484.251968503937 487.79527559055117 129.92125984251967 90.94488188976378 la
549.2125984251968 487.79527559055117 237.4015748031496 90.94488188976378 demande
721.6535433070866 487.79527559055117 172.44094488188978 90.94488188976378 soit
830.3149606299213 487.79527559055117 129.92125984251967 90.94488188976378 au
894.0944881889764 487.79527559055117 302.3622047244094 90.94488188976378 Président,
1131.4960629921259 487.79527559055117 172.44094488188978 90.94488188976378 soit
1240.1574803149606 487.79527559055117 107.48031496062993 90.94488188976378 à
1282.6771653543308 487.79527559055117 172.44094488188978 90.94488188976378 l’un
1368.8976377952756 487.79527559055117 129.92125984251967 90.94488188976378 des»

355.51181102362204 539.7637795275591 233.85826771653544 79.13385826771653 Membres
525.5905511811023 539.7637795275591 127.55905511811024 79.13385826771653 du
589.3700787401575 539.7637795275591 233.85826771653544 79.13385826771653 Bureau,
759.4488188976378 539.7637795275591 127.55905511811024 79.13385826771653 et
823.2283464566929 539.7637795275591 127.55905511811024 79.13385826771653 de
887.007874015748 539.7637795275591 276.37795275590554 79.13385826771653 s’engager
1098.4251968503936 539.7637795275591 106.2992125984252 79.13385826771653 à
1140.9448818897638 539.7637795275591 233.85826771653544 79.13385826771653 prendre
1289.763779527559 539.7637795275591 106.2992125984252 79.13385826771653 une

350.78740157480314 594.0944881889764 217.3228346456693 98.03149606299213 action
501.9685039370079 594.0944881889764 261.0236220472441 98.03149606299213 nominale
698.0314960629921 594.0944881889764 129.92125984251967 98.03149606299213 de
762.992125984252 594.0944881889764 129.92125984251967 98.03149606299213 la
827.9527559055118 594.0944881889764 217.3228346456693 98.03149606299213 valeur
980.3149606299213 594.0944881889764 129.92125984251967 98.03149606299213 de
1046.4566929133857 594.0944881889764 129.92125984251967 98.03149606299213 30
1111.4173228346456 594.0944881889764 173.6220472440945 98.03149606299213 fr.,
1220.0787401574803 594.0944881889764 173.6220472440945 98.03149606299213 lors
1306.2992125984251 594.0944881889764 87.4015748031496 98.03149606299213 de

349.6062992125984 631.8897637795276 213.7795275590551 73.22834645669292 chaque
477.1653543307087 631.8897637795276 277.5590551181102 73.22834645669292 Exposition.

747.6377952755905 722.8346456692914 248.03149606299212 83.85826771653544 ARTICLE
905.9055118110236 722.8346456692914 89.76377952755905 83.85826771653544 5.

396.8503937007874 797.2440944881889 124.01574803149606 94.48818897637796 La
459.4488188976378 797.2440944881889 227.95275590551182 94.48818897637796 qualité
625.9842519685039 797.2440944881889 124.01574803149606 94.48818897637796 de
687.4015748031496 797.2440944881889 207.8740157480315 94.48818897637796 Membre
832.6771653543307 797.2440944881889 269.29133858267716 94.48818897637796 titulaire
1040.5511811023623 797.2440944881889 249.21259842519686 94.48818897637796 n’impose
1205.9055118110236 797.2440944881889 186.61417322834646 94.48818897637796 d’autre

349.6062992125984 855.1181102362204 285.8267716535433 80.31496062992126 obligation
574.0157480314961 855.1181102362204 142.91338582677164 80.31496062992126 que
655.511811023622 855.1181102362204 183.0708661417323 80.31496062992126 celle
777.1653543307086 855.1181102362204 325.98425196850394 80.31496062992126 d’effectuer,
1042.9133858267717 855.1181102362204 101.5748031496063 80.31496062992126 à
1083.0708661417323 855.1181102362204 204.33070866141733 80.31496062992126 chaque
1205.9055118110236 855.1181102362204 183.0708661417323 80.31496062992126 Exposi-

348.4251968503937 897.6377952755905 183.0708661417323 77.95275590551181 tion,
470.0787401574803 897.6377952755905 121.65354330708661 77.95275590551181 le
530.3149606299213 897.6377952755905 243.30708661417322 77.95275590551181 paiement
713.3858267716536 897.6377952755905 121.65354330708661 77.95275590551181 du
774.8031496062993 897.6377952755905 223.22834645669292 77.95275590551181 montant
936.6141732283464 897.6377952755905 121.65354330708661 77.95275590551181 de
998.0314960629921 897.6377952755905 243.30708661417322 77.95275590551181 l’action
1159.8425196850394 897.6377952755905 223.22834645669292 77.95275590551181 nominale.

392.12598425196853 943.7007874015748 154.7244094488189 103.93700787401575 Nul
480.70866141732284 943.7007874015748 198.4251968503937 103.93700787401575 n'est
612.992125984252 943.7007874015748 132.28346456692913 103.93700787401575 et
679.1338582677165 943.7007874015748 132.28346456692913 103.93700787401575 ne
746.4566929133858 943.7007874015748 177.16535433070865 103.93700787401575 peut
856.2992125984252 943.7007874015748 177.16535433070865 103.93700787401575 être
967.3228346456693 943.7007874015748 220.86614173228347 103.93700787401575 engagé
1122.0472440944882 943.7007874015748 154.7244094488189 103.93700787401575 que
1188.1889763779527 943.7007874015748 198.4251968503937 103.93700787401575 jusqu’à

343.7007874015748 983.8582677165355 311.81102362204723 80.31496062992126 concurrence
594.0944881889764 983.8582677165355 125.19685039370079 80.31496062992126 de
656.6929133858267 983.8582677165355 145.2755905511811 80.31496062992126 son
718.1102362204724 983.8582677165355 187.79527559055117 80.31496062992126 action.

739.3700787401575 1093.7007874015749 243.30708661417322 73.22834645669292 ARTICLE
894.0944881889764 1093.7007874015749 88.58267716535433 73.22834645669292 6.

389.76377952755905 1139.763779527559 118.11023622047244 109.84251968503936 Il
448.81889763779526 1139.763779527559 158.26771653543307 109.84251968503936 sera
548.0314960629921 1139.763779527559 177.16535433070865 109.84251968503936 remis
666.1417322834645 1139.763779527559 99.21259842519684 109.84251968503936 à
706.2992125984252 1139.763779527559 197.24409448818898 109.84251968503936 chaque
844.488188976378 1139.763779527559 197.24409448818898 109.84251968503936 Membre
982.6771653543307 1139.763779527559 256.2992125984252 109.84251968503936 titulaire
1159.8425196850394 1139.763779527559 217.3228346456693 109.84251968503936 résidant,

338.9763779527559 1214.1732283464567 216.14173228346456 79.13385826771653 contre
490.15748031496065 1214.1732283464567 281.1023622047244 79.13385826771653 récépissé
706.2992125984252 1214.1732283464567 151.1811023622047 79.13385826771653 qui
792.5196850393701 1214.1732283464567 216.14173228346456 79.13385826771653 vaudra
944.8818897637796 1214.1732283464567 173.6220472440945 79.13385826771653 acte
1052.3622047244094 1214.1732283464567 324.8031496062992 79.13385826771653 d’adhésion,
1290.9448818897638 1214.1732283464567 86.22047244094489 79.13385826771653 un

341.33858267716533 1256.6929133858268 218.50393700787401 82.67716535433071 diplôme
500.78740157480314 1256.6929133858268 119.29133858267717 82.67716535433071 et
559.8425196850394 1256.6929133858268 119.29133858267717 82.67716535433071 un
620.0787401574803 1256.6929133858268 278.74015748031496 82.67716535433071 exemplaire
838.5826771653543 1256.6929133858268 139.37007874015748 82.67716535433071 des
917.7165354330708 1256.6929133858268 218.50393700787401 82.67716535433071 Statuts
1077.1653543307086 1256.6929133858268 119.29133858267717 82.67716535433071 de
1136.2204724409448 1256.6929133858268 119.29133858267717 82.67716535433071 la
1176.3779527559054 1256.6929133858268 198.4251968503937 82.67716535433071 Société.

386.2204724409449 1303.9370078740158 184.251968503937 83.85826771653544 Pour
501.9685039370079 1303.9370078740158 161.81102362204723 83.85826771653544 les
594.0944881889764 1303.9370078740158 253.93700787401573 83.85826771653544 Membres
778.3464566929134 1303.9370078740158 161.81102362204723 83.85826771653544 non
870.4724409448819 1303.9370078740158 300.0 83.85826771653544 résidants
1101.9685039370079 1303.9370078740158 276.37795275590554 83.85826771653544 l’accusé
1286.2204724409448 1303.9370078740158 92.1259842519685 83.85826771653544 de

335.43307086614175 1351.1811023622047 282.2834645669291 83.85826771653544 réception
552.7559055118111 1351.1811023622047 129.92125984251967 83.85826771653544 du
617.7165354330708 1351.1811023622047 238.58267716535434 83.85826771653544 Diplôme
791.3385826771654 1351.1811023622047 129.92125984251967 83.85826771653544 et
856.2992125984252 1351.1811023622047 152.36220472440945 83.85826771653544 des
943.7007874015748 1351.1811023622047 238.58267716535434 83.85826771653544 Statuts
1117.3228346456692 1351.1811023622047 217.3228346456693 83.85826771653544 vaudra
1248.4251968503936 1351.1811023622047 129.92125984251967 83.85826771653544 acte

316.53543307086613 1394.8818897637796 269.29133858267716 66.14173228346456 d’adhésion.

734.6456692913385 1490.5511811023623 240.9448818897638 73.22834645669292 ARTICLE
887.007874015748 1490.5511811023623 87.4015748031496 73.22834645669292 7.

376.7716535433071 1567.3228346456692 154.7244094488189 85.03937007874016 Les
465.3543307086614 1567.3228346456692 243.30708661417322 85.03937007874016 Membres
642.5196850393701 1567.3228346456692 309.4488188976378 85.03937007874016 titulaires
884.6456692913385 1567.3228346456692 175.98425196850394 85.03937007874016 sont
994.488188976378 1567.3228346456692 198.4251968503937 85.03937007874016 seuls
1105.5118110236222 1567.3228346456692 264.56692913385825 85.03937007874016 considérés

329.5275590551181 1621.6535433070867 194.88188976377953 63.77952755905512 comme
459.4488188976378 1621.6535433070867 324.8031496062992 63.77952755905512 Sociétaires
719.2913385826772 1621.6535433070867 238.58267716535434 63.77952755905512 actifs,
892.9133858267717 1621.6535433070867 129.92125984251967 63.77952755905512 et
957.8740157480315 1621.6535433070867 152.36220472440945 63.77952755905512 ont
1045.275590551181 1621.6535433070867 194.88188976377953 63.77952755905512 seuls
1175.1968503937007 1621.6535433070867 194.88188976377953 63.77952755905512 droit
1283.8582677165355 1621.6535433070867 86.22047244094489 63.77952755905512 de

331.8897637795276 1665.3543307086613 219.68503937007873 79.13385826771653 prendre
491.33858267716533 1665.3543307086613 159.4488188976378 79.13385826771653 part
591.7322834645669 1665.3543307086613 139.37007874015748 79.13385826771653 aux
670.8661417322835 1665.3543307086613 338.9763779527559 79.13385826771653 délibérations
950.7874015748032 1665.3543307086613 139.37007874015748 79.13385826771653 des
1031.1023622047244 1665.3543307086613 279.9212598425197 79.13385826771653 Assemblées
1230.708661417323 1665.3543307086613 139.37007874015748 79.13385826771653 géné-

329.5275590551181 1722.0472440944882 212.5984251968504 70.86614173228347 rales,
478.34645669291336 1722.0472440944882 148.8188976377953 70.86614173228347 où,
563.3858267716536 1722.0472440944882 127.55905511811024 70.86614173228347 en
627.1653543307086 1722.0472440944882 148.8188976377953 70.86614173228347 cas
712.2047244094488 1722.0472440944882 382.6771653543307 70.86614173228347 d’empêchement,
1029.9212598425197 1722.0472440944882 148.8188976377953 70.86614173228347 ils
1114.9606299212599 1722.0472440944882 255.11811023622047 70.86614173228347 pourront
1285.0393700787401 1722.0472440944882 85.03937007874016 70.86614173228347 se

329.5275590551181 1757.4803149606298 179.5275590551181 83.85826771653544 faire
450.0 1757.4803149606298 320.0787401574803 83.85826771653544 représenter,
709.8425196850394 1757.4803149606298 140.5511811023622 83.85826771653544 sur
790.1574803149606 1757.4803149606298 199.60629921259843 83.85826771653544 simple
929.5275590551181 1757.4803149606298 219.68503937007873 83.85826771653544 lettre,
1090.1574803149606 1757.4803149606298 140.5511811023622 83.85826771653544 par
1170.4724409448818 1757.4803149606298 120.4724409448819 83.85826771653544 un
1209.4488188976377 1757.4803149606298 160.62992125984252 83.85826771653544 Membre

312.99212598425197 1803.5433070866143 212.5984251968504 63.77952755905512 titulaire.

722.8346456692914 1902.755905511811 248.03149606299212 76.77165354330708 ARTICLE
881.1023622047244 1902.755905511811 89.76377952755905 76.77165354330708 8.

367.3228346456693 1967.716535433071 173.6220472440945 85.03937007874016 Tout
474.8031496062992 1967.716535433071 217.3228346456693 85.03937007874016 Membre
627.1653543307086 1967.716535433071 282.2834645669291 85.03937007874016 titulaire
843.3070866141733 1967.716535433071 151.1811023622047 85.03937007874016 qui
930.7086614173228 1967.716535433071 217.3228346456693 85.03937007874016 n’aura
1081.8897637795276 1967.716535433071 151.1811023622047 85.03937007874016 pas
1169.291338582677 1967.716535433071 194.88188976377953 85.03937007874016 donné
1277.9527559055118 1967.716535433071 86.22047244094489 85.03937007874016 sa

322.4409448818898 2022.0472440944882 264.56692913385825 85.03937007874016 démission
525.5905511811023 2022.0472440944882 162.99212598425197 85.03937007874016 dans
628.3464566929134 2022.0472440944882 142.91338582677164 85.03937007874016 les
709.8425196850394 2022.0472440944882 142.91338582677164 85.03937007874016 six
791.3385826771654 2022.0472440944882 162.99212598425197 85.03937007874016 mois
892.9133858267717 2022.0472440944882 142.91338582677164 85.03937007874016 qui
974.4094488188977 2022.0472440944882 244.48818897637796 85.03937007874016 suivront
1157.4803149606298 2022.0472440944882 122.83464566929133 85.03937007874016 le
1198.8188976377953 2022.0472440944882 162.99212598425197 85.03937007874016 tirage
