1736.2204724409448 2725.984251968504
375.59055118110234 389.76377952755905 118.11023622047244 111.02362204724409 de
434.6456692913386 389.76377952755905 118.11023622047244 111.02362204724409 la
494.88188976377955 389.76377952755905 237.4015748031496 111.02362204724409 loterie,
672.0472440944882 389.76377952755905 217.3228346456693 111.02362204724409 restera
830.3149606299213 389.76377952755905 118.11023622047244 111.02362204724409 de
889.3700787401575 389.76377952755905 178.3464566929134 111.02362204724409 droit
1008.6614173228346 389.76377952755905 197.24409448818898 111.02362204724409 Membre
1146.8503937007874 389.76377952755905 118.11023622047244 111.02362204724409 de
1205.9055118110236 389.76377952755905 118.11023622047244 111.02362204724409 la
1244.8818897637796 389.76377952755905 178.3464566929134 111.02362204724409 Société

375.59055118110234 441.73228346456693 159.4488188976378 64.96062992125984 pour
475.98425196850394 441.73228346456693 320.0787401574803 64.96062992125984 l’Exposition
715.7480314960629 441.73228346456693 219.68503937007873 64.96062992125984 suivante.

425.1968503937008 490.15748031496065 147.63779527559055 100.39370078740157 Les
510.23622047244095 490.15748031496065 296.45669291338584 100.39370078740157 démissions
742.9133858267717 490.15748031496065 232.6771653543307 100.39370078740157 devront
911.8110236220473 490.15748031496065 168.89763779527559 100.39370078740157 être
1018.1102362204724 490.15748031496065 253.93700787401573 100.39370078740157 envoyées
1208.267716535433 490.15748031496065 126.37795275590551 100.39370078740157 au
1250.7874015748032 490.15748031496065 168.89763779527559 100.39370078740157 Prési-

373.2283464566929 542.1259842519685 171.25984251968504 75.59055118110236 dent
479.5275590551181 542.1259842519685 127.55905511811024 75.59055118110236 ou
544.488188976378 542.1259842519685 106.2992125984252 75.59055118110236 à
587.007874015748 542.1259842519685 171.25984251968504 75.59055118110236 l’un
693.3070866141733 542.1259842519685 150.0 75.59055118110236 des
778.3464566929134 542.1259842519685 235.03937007874015 75.59055118110236 Membres
949.6062992125984 542.1259842519685 127.55905511811024 75.59055118110236 du
992.1259842519685 542.1259842519685 192.51968503937007 75.59055118110236 Bureau.

419.29133858267716 592.9133858267717 204.33070866141733 87.4015748031496 Aucun
555.1181102362204 592.9133858267717 250.39370078740157 87.4015748031496 recours
737.007874015748 592.9133858267717 137.00787401574803 87.4015748031496 ne
805.511811023622 592.9133858267717 181.88976377952756 87.4015748031496 peut
918.8976377952756 592.9133858267717 181.88976377952756 87.4015748031496 être
1033.4645669291338 592.9133858267717 227.95275590551182 87.4015748031496 exercé
1191.732283464567 592.9133858267717 227.95275590551182 87.4015748031496 contre
1328.740157480315 592.9133858267717 90.94488188976378 87.4015748031496 la

372.0472440944882 628.3464566929134 231.49606299212599 89.76377952755905 famille
540.9448818897638 628.3464566929134 168.89763779527559 89.76377952755905 d’un
646.0629921259842 628.3464566929134 211.41732283464566 89.76377952755905 Membre
772.4409448818898 628.3464566929134 190.15748031496062 89.76377952755905 décédé.

770.0787401574803 731.1023622047244 245.66929133858267 70.86614173228347 ARTICLE
925.9842519685039 731.1023622047244 89.76377952755905 70.86614173228347 9.

418.1102362204724 787.7952755905512 127.55905511811024 99.21259842519684 Le
481.8897637795276 787.7952755905512 233.85826771653544 99.21259842519684 montant
651.9685039370079 787.7952755905512 127.55905511811024 99.21259842519684 de
715.7480314960629 787.7952755905512 255.11811023622047 99.21259842519684 l’action
907.0866141732283 787.7952755905512 170.07874015748033 99.21259842519684 sera
1012.2047244094488 787.7952755905512 255.11811023622047 99.21259842519684 acquitté
1203.5433070866143 787.7952755905512 170.07874015748033 99.21259842519684 deux
1288.5826771653544 787.7952755905512 127.55905511811024 99.21259842519684 mois

368.503937007874 852.7559055118111 187.79527559055117 96.85039370078741 avant
494.88188976377955 852.7559055118111 314.1732283464567 96.85039370078741 l’ouverture
745.2755905511812 852.7559055118111 125.19685039370079 96.85039370078741 de
807.8740157480315 852.7559055118111 209.0551181102362 96.85039370078741 chaque
954.3307086614174 852.7559055118111 314.1732283464567 96.85039370078741 Exposition,
1205.9055118110236 852.7559055118111 105.11811023622047 96.85039370078741 à
1247.244094488189 852.7559055118111 125.19685039370079 96.85039370078741 la
1289.763779527559 852.7559055118111 125.19685039370079 96.85039370078741 pre-

367.3228346456693 902.3622047244095 190.15748031496062 72.04724409448819 mière
493.7007874015748 902.3622047244095 231.49606299212599 72.04724409448819 demande
662.5984251968504 902.3622047244095 126.37795275590551 72.04724409448819 du
705.1181102362204 902.3622047244095 252.75590551181102 72.04724409448819 Trésorier.

419.29133858267716 943.7007874015748 116.92913385826772 102.75590551181102 Ce
477.1653543307087 943.7007874015748 252.75590551181102 102.75590551181102 versement
672.0472440944882 943.7007874015748 174.8031496062992 102.75590551181102 donne
787.7952755905512 943.7007874015748 174.8031496062992 102.75590551181102 droit
904.7244094488188 943.7007874015748 96.85039370078741 102.75590551181102 à
943.7007874015748 943.7007874015748 174.8031496062992 102.75590551181102 trois
1060.6299212598426 943.7007874015748 213.7795275590551 102.75590551181102 billets
1215.3543307086613 943.7007874015748 116.92913385826772 102.75590551181102 de
1274.4094488188975 943.7007874015748 116.92913385826772 102.75590551181102 10
1313.3858267716535 943.7007874015748 96.85039370078741 102.75590551181102 fr.

370.86614173228344 1002.7559055118111 207.8740157480315 88.58267716535433 chacun,
522.0472440944882 1002.7559055118111 151.1811023622047 88.58267716535433 pour
616.5354330708661 1002.7559055118111 113.38582677165354 88.58267716535433 la
673.2283464566929 1002.7559055118111 207.8740157480315 88.58267716535433 loterie
824.4094488188977 1002.7559055118111 132.28346456692913 88.58267716535433 qui
900.0 1002.7559055118111 151.1811023622047 88.58267716535433 sera
993.3070866141733 1002.7559055118111 340.15748031496065 88.58267716535433 ultérieurement
1257.8740157480315 1002.7559055118111 151.1811023622047 88.58267716535433 tirée.

413.38582677165357 1051.1811023622047 152.36220472440945 90.94488188976378 Ces
499.6062992125984 1051.1811023622047 261.0236220472441 90.94488188976378 billets,
695.6692913385826 1051.1811023622047 368.503937007874 90.94488188976378 concurremment
999.2125984251968 1051.1811023622047 173.6220472440945 90.94488188976378 avec
1107.8740157480315 1051.1811023622047 173.6220472440945 90.94488188976378 ceux
1216.5354330708662 1051.1811023622047 173.6220472440945 90.94488188976378 pris
1302.755905511811 1051.1811023622047 108.66141732283465 90.94488188976378 par

370.86614173228344 1091.3385826771653 137.00787401574803 101.5748031496063 les
450.0 1091.3385826771653 353.1496062992126 101.5748031496063 Souscripteurs,
744.0944881889764 1091.3385826771653 137.00787401574803 101.5748031496063 ont
823.2283464566929 1091.3385826771653 177.16535433070865 101.5748031496063 seuls
941.3385826771654 1091.3385826771653 177.16535433070865 101.5748031496063 droit
1059.4488188976377 1091.3385826771653 118.11023622047244 101.5748031496063 au
1117.3228346456692 1091.3385826771653 196.06299212598427 101.5748031496063 tirage
1255.5118110236222 1091.3385826771653 118.11023622047244 101.5748031496063 au
1294.4881889763778 1091.3385826771653 118.11023622047244 101.5748031496063 sort

368.503937007874 1148.0314960629921 133.46456692913387 88.58267716535433 des
444.09448818897636 1148.0314960629921 227.95275590551182 88.58267716535433 tableaux
615.3543307086615 1148.0314960629921 114.56692913385827 88.58267716535433 et
673.2283464566929 1148.0314960629921 190.15748031496062 88.58267716535433 objets
806.6929133858267 1148.0314960629921 171.25984251968504 88.58267716535433 d’art
920.0787401574803 1148.0314960629921 190.15748031496062 88.58267716535433 acquis
1053.5433070866143 1148.0314960629921 133.46456692913387 88.58267716535433 par
1130.3149606299212 1148.0314960629921 114.56692913385827 88.58267716535433 la
1168.1102362204724 1148.0314960629921 190.15748031496062 88.58267716535433 Société.

755.9055118110236 1250.7874015748032 248.03149606299212 73.22834645669292 ARTICLE
914.1732283464567 1250.7874015748032 112.20472440944881 73.22834645669292 10.

411.0236220472441 1324.015748031496 129.92125984251967 79.13385826771653 On
475.98425196850394 1324.015748031496 237.4015748031496 79.13385826771653 devient
648.4251968503937 1324.015748031496 346.06299212598424 79.13385826771653 Souscripteur
929.5275590551181 1324.015748031496 129.92125984251967 79.13385826771653 en
994.488188976378 1324.015748031496 237.4015748031496 79.13385826771653 prenant
1168.1102362204724 1324.015748031496 129.92125984251967 79.13385826771653 un
1233.0708661417323 1324.015748031496 129.92125984251967 79.13385826771653 ou
1275.5905511811025 1324.015748031496 129.92125984251967 79.13385826771653 plu-

363.7795275590551 1368.8976377952756 193.70078740157481 77.95275590551181 sieurs
498.4251968503937 1368.8976377952756 212.5984251968504 77.95275590551181 billets
654.3307086614174 1368.8976377952756 115.74803149606299 77.95275590551181 de
712.2047244094488 1368.8976377952756 115.74803149606299 77.95275590551181 la
770.0787401574803 1368.8976377952756 193.70078740157481 77.95275590551181 valeur
905.9055118110236 1368.8976377952756 115.74803149606299 77.95275590551181 de
963.7795275590552 1368.8976377952756 115.74803149606299 77.95275590551181 10
1021.6535433070866 1368.8976377952756 135.82677165354332 77.95275590551181 fr.
1079.5275590551182 1368.8976377952756 174.8031496062992 77.95275590551181 chacun.

408.66141732283467 1419.6850393700788 139.37007874015748 94.48818897637796 Ces
488.9763779527559 1419.6850393700788 219.68503937007873 94.48818897637796 billets
648.4251968503937 1419.6850393700788 159.4488188976378 94.48818897637796 sont
748.8188976377953 1419.6850393700788 239.76377952755905 94.48818897637796 payables
908.2677165354331 1419.6850393700788 219.68503937007873 94.48818897637796 comptant.

753.5433070866142 1511.8110236220473 245.66929133858267 88.58267716535433 ARTICLE
909.4488188976378 1511.8110236220473 112.20472440944881 88.58267716535433 11.

411.0236220472441 1585.0393700787401 141.73228346456693 76.77165354330708 Les
491.33858267716533 1585.0393700787401 343.7007874015748 76.77165354330708 souscriptions
774.8031496062993 1585.0393700787401 201.96850393700788 76.77165354330708 seront
916.5354330708661 1585.0393700787401 201.96850393700788 76.77165354330708 reçues
1057.0866141732283 1585.0393700787401 242.1259842519685 76.77165354330708 jusqu’au
1238.976377952756 1585.0393700787401 161.81102362204723 76.77165354330708 jour
1320.4724409448818 1585.0393700787401 80.31496062992126 76.77165354330708 du

362.59842519685037 1628.740157480315 204.33070866141733 76.77165354330708 tirage
505.51181102362204 1628.740157480315 122.83464566929133 76.77165354330708 au
566.9291338582677 1628.740157480315 162.99212598425197 76.77165354330708 sort
668.503937007874 1628.740157480315 142.91338582677164 76.77165354330708 des
750.0 1628.740157480315 244.48818897637796 76.77165354330708 tableaux
934.2519685039371 1628.740157480315 122.83464566929133 76.77165354330708 et
994.488188976378 1628.740157480315 204.33070866141733 76.77165354330708 objets
1137.4015748031495 1628.740157480315 184.251968503937 76.77165354330708 d’art
1240.1574803149606 1628.740157480315 162.99212598425197 76.77165354330708 acquis

361.4173228346457 1683.0708661417323 131.10236220472441 81.49606299212599 par
437.00787401574803 1683.0708661417323 112.20472440944881 81.49606299212599 la
492.5196850393701 1683.0708661417323 224.40944881889763 81.49606299212599 Société,
661.4173228346457 1683.0708661417323 150.0 81.49606299212599 avec
754.7244094488188 1683.0708661417323 112.20472440944881 81.49606299212599 le
810.2362204724409 1683.0708661417323 168.89763779527559 81.49606299212599 droit
922.4409448818898 1683.0708661417323 131.10236220472441 81.49606299212599 d’y
979.1338582677165 1683.0708661417323 243.30708661417322 81.49606299212599 participer.

641.3385826771654 1765.748031496063 455.90551181102364 107.48031496062993 CHAPITRE
944.8818897637796 1765.748031496063 152.36220472440945 107.48031496062993 3.

609.4488188976378 1872.0472440944882 237.4015748031496 96.85039370078741 Fonds
787.7952755905512 1872.0472440944882 119.29133858267717 96.85039370078741 de
846.8503937007874 1872.0472440944882 119.29133858267717 96.85039370078741 la
887.007874015748 1872.0472440944882 257.4803149606299 96.85039370078741 Société

747.6377952755905 1975.984251968504 245.66929133858267 80.31496062992126 ARTICLE
903.5433070866142 1975.984251968504 112.20472440944881 80.31496062992126 12.

406.2992125984252 2025.5905511811025 144.09448818897638 102.75590551181102 Les
487.79527559055117 2025.5905511811025 184.251968503937 102.75590551181102 fonds
610.6299212598425 2025.5905511811025 287.00787401574803 102.75590551181102 ordinairés
837.4015748031496 2025.5905511811025 122.83464566929133 102.75590551181102 de
898.8188976377953 2025.5905511811025 122.83464566929133 102.75590551181102 la
960.2362204724409 2025.5905511811025 225.59055118110237 102.75590551181102 Sôciété
1104.3307086614172 2025.5905511811025 287.00787401574803 102.75590551181102 proviennent:
