1470 2308
318 330 100 94 de
368 330 100 94 la
419 330 201 94 loterie,
569 330 184 94 restera
703 330 100 94 de
753 330 151 94 droit
854 330 167 94 Membre
971 330 100 94 de
1021 330 100 94 la
1054 330 151 94 Société

318 374 135 55 pour
403 374 271 55 l’Exposition
606 374 186 55 suivante.

360 415 125 85 Les
432 415 251 85 démissions
629 415 197 85 devront
772 415 143 85 être
862 415 215 85 envoyées
1023 415 107 85 au
1059 415 143 85 Prési-

316 459 145 64 dent
406 459 108 64 ou
461 459 90 64 à
497 459 145 64 l’un
587 459 127 64 des
659 459 199 64 Membres
804 459 108 64 du
840 459 163 64 Bureau.

355 502 173 74 Aucun
470 502 212 74 recours
624 502 116 74 ne
682 502 154 74 peut
778 502 154 74 être
875 502 193 74 exercé
1009 502 193 74 contre
1125 502 77 74 la

315 532 196 76 famille
458 532 143 76 d’un
547 532 179 76 Membre
654 532 161 76 décédé.

652 619 208 60 ARTICLE
784 619 76 60 9.

354 667 108 84 Le
408 667 198 84 montant
552 667 108 84 de
606 667 216 84 l’action
768 667 144 84 sera
857 667 216 84 acquitté
1019 667 144 84 deux
1091 667 108 84 mois

312 722 159 82 avant
419 722 266 82 l’ouverture
631 722 106 82 de
684 722 177 82 chaque
808 722 266 82 Exposition,
1021 722 89 82 à
1056 722 106 82 la
1092 722 106 82 pre-

311 764 161 61 mière
418 764 196 61 demande
561 764 107 61 du
597 764 214 61 Trésorier.

355 799 99 87 Ce
404 799 214 87 versement
569 799 148 87 donne
667 799 148 87 droit
766 799 82 87 à
799 799 148 87 trois
898 799 181 87 billets
1029 799 99 87 de
1079 799 99 87 10
1112 799 82 87 fr.

314 849 176 75 chacun,
442 849 128 75 pour
522 849 96 75 la
570 849 176 75 loterie
698 849 112 75 qui
762 849 128 75 sera
841 849 288 75 ultérieurement
1065 849 128 75 tirée.

350 890 129 77 Ces
423 890 221 77 billets,
589 890 312 77 concurremment
846 890 147 77 avec
938 890 147 77 ceux
1030 890 147 77 pris
1103 890 92 77 par

314 924 116 86 les
381 924 299 86 Souscripteurs,
630 924 116 86 ont
697 924 150 86 seuls
797 924 150 86 droit
897 924 100 86 au
946 924 166 86 tirage
1063 924 100 86 au
1096 924 100 86 sort

312 972 113 75 des
376 972 193 75 tableaux
521 972 97 75 et
570 972 161 75 objets
683 972 145 75 d’art
779 972 161 75 acquis
892 972 113 75 par
957 972 97 75 la
989 972 161 75 Société.

640 1059 210 62 ARTICLE
774 1059 95 62 10.

348 1121 110 67 On
403 1121 201 67 devient
549 1121 293 67 Souscripteur
787 1121 110 67 en
842 1121 201 67 prenant
989 1121 110 67 un
1044 1121 110 67 ou
1080 1121 110 67 plu-

308 1159 164 66 sieurs
422 1159 180 66 billets
554 1159 98 66 de
603 1159 98 66 la
652 1159 164 66 valeur
767 1159 98 66 de
816 1159 98 66 10
865 1159 115 66 fr.
914 1159 148 66 chacun.

346 1202 118 80 Ces
414 1202 186 80 billets
549 1202 135 80 sont
634 1202 203 80 payables
769 1202 186 80 comptant.

638 1280 208 75 ARTICLE
770 1280 95 75 11.

348 1342 120 65 Les
416 1342 291 65 souscriptions
656 1342 171 65 seront
776 1342 171 65 reçues
895 1342 205 65 jusqu’au
1049 1342 137 65 jour
1118 1342 68 65 du

307 1379 173 65 tirage
428 1379 104 65 au
480 1379 138 65 sort
566 1379 121 65 des
635 1379 207 65 tableaux
791 1379 104 65 et
842 1379 173 65 objets
963 1379 156 65 d’art
1050 1379 138 65 acquis

306 1425 111 69 par
370 1425 95 69 la
417 1425 190 69 Société,
560 1425 127 69 avec
639 1425 95 69 le
686 1425 143 69 droit
781 1425 111 69 d’y
829 1425 206 69 participer.

543 1495 386 91 CHAPITRE
800 1495 129 91 3.

516 1585 201 82 <b>Fonds
667 1585 101 82 de
717 1585 101 82 la
751 1585 218 82 Société</b>

633 1673 208 68 ARTICLE
765 1673 95 68 12.

344 1715 122 87 Les
413 1715 156 87 fonds
517 1715 243 87 ordinairés
709 1715 104 87 de
761 1715 104 87 la
813 1715 191 87 Sôciété
935 1715 243 87 proviennent:
