1707.8740157480315 2735.433070866142
742.9133858267717 242.1259842519685 151.1811023622047 69.68503937007874 —
804.3307086614174 242.1259842519685 181.88976377952756 69.68503937007874 18
864.5669291338583 242.1259842519685 90.94488188976378 69.68503937007874 —

328.34645669291336 343.7007874015748 125.19685039370079 106.2992125984252 1°
390.9448818897638 343.7007874015748 125.19685039370079 106.2992125984252 du
453.54330708661416 343.7007874015748 229.13385826771653 106.2992125984252 montant
620.0787401574803 343.7007874015748 146.45669291338584 106.2992125984252 des
703.9370078740158 343.7007874015748 229.13385826771653 106.2992125984252 actions
870.4724409448819 343.7007874015748 291.73228346456693 106.2992125984252 nominales;
1100.7874015748032 343.7007874015748 125.19685039370079 106.2992125984252 2°
1162.2047244094488 343.7007874015748 125.19685039370079 106.2992125984252 du
1204.724409448819 343.7007874015748 166.53543307086613 106.2992125984252 place-

331.8897637795276 401.5748031496063 155.90551181102362 64.96062992125984 ment
429.9212598425197 401.5748031496063 137.00787401574803 64.96062992125984 des
488.9763779527559 401.5748031496063 194.88188976377953 64.96062992125984 billets.

373.2283464566929 458.26771653543307 141.73228346456693 81.49606299212599 Les
453.54330708661416 458.26771653543307 181.88976377952756 81.49606299212599 fonds
575.1968503937007 458.26771653543307 383.8582677165354 81.49606299212599 extraordinaires
898.8188976377953 458.26771653543307 303.54330708661416 81.49606299212599 proviennent
1142.1259842519685 458.26771653543307 121.65354330708661 81.49606299212599 de
1202.3622047244094 458.26771653543307 121.65354330708661 81.49606299212599 la
1242.5196850393702 458.26771653543307 121.65354330708661 81.49606299212599 sub-

325.98425196850394 509.0551181102362 224.40944881889763 81.49606299212599 vention
488.9763779527559 509.0551181102362 245.66929133858267 81.49606299212599 accordée
673.2283464566929 509.0551181102362 142.91338582677164 81.49606299212599 par
754.7244094488188 509.0551181102362 122.83464566929133 81.49606299212599 la
816.1417322834645 509.0551181102362 204.33070866141733 81.49606299212599 Ville,
959.0551181102362 509.0551181102362 184.251968503937 81.49606299212599 ainsi
1081.8897637795276 509.0551181102362 142.91338582677164 81.49606299212599 que
1163.3858267716535 509.0551181102362 122.83464566929133 81.49606299212599 de
1204.724409448819 509.0551181102362 162.99212598425197 81.49606299212599 toutes

324.8031496062992 564.5669291338583 199.60629921259843 82.67716535433071 celles
465.3543307086614 564.5669291338583 139.37007874015748 82.67716535433071 qui
544.488188976378 564.5669291338583 279.9212598425197 82.67716535433071 pourraient
764.1732283464567 564.5669291338583 159.4488188976378 82.67716535433071 être
864.5669291338583 564.5669291338583 360.23622047244095 82.67716535433071 ultérieurement
1144.4881889763778 564.5669291338583 219.68503937007873 82.67716535433071 obtenues.

601.1811023622047 629.5275590551181 459.4488188976378 107.48031496062993 CHAPITRE
907.0866141732283 629.5275590551181 153.54330708661416 107.48031496062993 4.

594.0944881889764 748.8188976377953 266.92913385826773 76.77165354330708 <b>Emploi
799.6062992125984 748.8188976377953 144.09448818897638 76.77165354330708 des
861.0236220472441 748.8188976377953 225.59055118110237 76.77165354330708 Fonds</b>

709.8425196850394 824.4094488188977 243.30708661417322 87.4015748031496 ARTICLE
864.5669291338583 824.4094488188977 111.02362204724409 87.4015748031496 13.

366.1417322834646 896.4566929133858 139.37007874015748 119.29133858267717 Les
445.2755905511811 896.4566929133858 178.3464566929134 119.29133858267717 fonds
564.5669291338583 896.4566929133858 119.29133858267717 119.29133858267717 de
624.8031496062993 896.4566929133858 119.29133858267717 119.29133858267717 la
683.8582677165355 896.4566929133858 218.50393700787401 119.29133858267717 Société
842.1259842519685 896.4566929133858 198.4251968503937 119.29133858267717 seront
981.496062992126 896.4566929133858 257.4803149606299 119.29133858267717 consacrés
1179.9212598425197 896.4566929133858 99.21259842519684 119.29133858267717 à
1200.0 896.4566929133858 158.26771653543307 119.29133858267717 chaque

292.9133858267717 941.3385826771654 291.73228346456693 75.59055118110236 Exposition:

360.23622047244095 996.8503937007874 121.65354330708661 107.48031496062993 1°
420.4724409448819 996.8503937007874 141.73228346456693 107.48031496062993 Aux
501.9685039370079 996.8503937007874 201.96850393700788 107.48031496062993 achats
643.7007874015748 996.8503937007874 121.65354330708661 107.48031496062993 de
703.9370078740158 996.8503937007874 263.38582677165357 107.48031496062993 tableaux,
905.9055118110236 996.8503937007874 303.54330708661416 107.48031496062993 sculptures,
1129.1338582677165 996.8503937007874 222.04724409448818 107.48031496062993 gravures,

314.1732283464567 1037.007874015748 210.23622047244095 106.2992125984252 dessins
466.53543307086613 1037.007874015748 114.56692913385827 106.2992125984252 et
524.4094488188977 1037.007874015748 191.33858267716536 106.2992125984252 autres
657.8740157480315 1037.007874015748 191.33858267716536 106.2992125984252 objets
772.4409448818898 1037.007874015748 152.36220472440945 106.2992125984252 d'art;

359.0551181102362 1118.5039370078741 127.55905511811024 95.66929133858268 2°
422.8346456692913 1118.5039370078741 148.8188976377953 95.66929133858268 Aux
507.87401574803147 1118.5039370078741 190.15748031496062 95.66929133858268 frais
634.2519685039371 1118.5039370078741 338.9763779527559 95.66929133858268 accessoires,
909.4488188976378 1118.5039370078741 168.89763779527559 95.66929133858268 tels
1015.7480314960629 1118.5039370078741 148.8188976377953 95.66929133858268 que
1100.7874015748032 1118.5039370078741 253.93700787401573 95.66929133858268 dépenses
1269.6850393700788 1118.5039370078741 85.03937007874016 95.66929133858268 de

312.99212598425197 1166.9291338582677 218.50393700787401 100.39370078740157 bureau,
472.4409448818898 1166.9291338582677 396.8503937007874 100.39370078740157 correspondances,
810.2362204724409 1166.9291338582677 317.7165354330709 100.39370078740157 impressions,
1067.716535433071 1166.9291338582677 178.3464566929134 100.39370078740157 etc.,
1166.9291338582677 1166.9291338582677 119.29133858267717 100.39370078740157 etc.

699.2125984251968 1248.4251968503936 245.66929133858267 76.77165354330708 ARTICLE
855.1181102362204 1248.4251968503936 112.20472440944881 76.77165354330708 14.

357.87401574803147 1295.6692913385828 252.75590551181102 113.38582677165354 L’emploi
548.0314960629921 1295.6692913385828 147.63779527559055 113.38582677165354 des
631.8897637795276 1295.6692913385828 190.15748031496062 113.38582677165354 fonds
759.4488188976378 1295.6692913385828 126.37795275590551 113.38582677165354 de
822.0472440944882 1295.6692913385828 126.37795275590551 113.38582677165354 la
885.8267716535433 1295.6692913385828 232.6771653543307 113.38582677165354 Société
1054.724409448819 1295.6692913385828 295.2755905511811 113.38582677165354 appartient
1266.1417322834645 1295.6692913385828 83.85826771653544 113.38582677165354 de

308.26771653543307 1370.0787401574803 175.98425196850394 93.30708661417323 droit
426.37795275590554 1370.0787401574803 116.92913385826772 93.30708661417323 au
485.43307086614175 1370.0787401574803 214.96062992125985 93.30708661417323 Bureau,
641.3385826771654 1370.0787401574803 157.08661417322836 93.30708661417323 qui,
739.3700787401575 1370.0787401574803 157.08661417322836 93.30708661417323 sous
837.4015748031496 1370.0787401574803 116.92913385826772 93.30708661417323 sa
896.4566929133858 1370.0787401574803 351.9685039370079 93.30708661417323 responsabilité
1170.4724409448818 1370.0787401574803 175.98425196850394 93.30708661417323 person-

304.7244094488189 1424.4094488188975 207.8740157480315 75.59055118110236 nelle,
451.18110236220474 1424.4094488188975 166.53543307086613 75.59055118110236 fera
555.1181102362204 1424.4094488188975 270.4724409448819 75.59055118110236 connaître
761.8110236220473 1424.4094488188975 125.19685039370079 75.59055118110236 au
824.4094488188977 1424.4094488188975 166.53543307086613 75.59055118110236 Jury
928.3464566929134 1424.4094488188975 145.2755905511811 75.59055118110236 des
1012.2047244094488 1424.4094488188975 331.8897637795276 75.59055118110236 acquisitions
1261.4173228346456 1424.4094488188975 82.67716535433071 75.59055118110236 la

304.7244094488189 1474.015748031496 184.251968503937 67.32283464566929 somme
427.5590551181102 1474.015748031496 184.251968503937 67.32283464566929 libre
550.3937007874016 1474.015748031496 164.17322834645668 67.32283464566929 pour
653.1496062992126 1474.015748031496 144.09448818897638 67.32283464566929 les
714.5669291338583 1474.015748031496 184.251968503937 67.32283464566929 achats.

694.488188976378 1544.8818897637796 245.66929133858267 82.67716535433071 ARTICLE
850.3937007874016 1544.8818897637796 112.20472440944881 82.67716535433071 15.

348.4251968503937 1608.6614173228347 119.29133858267717 94.48818897637796 Ne
408.66141732283467 1608.6614173228347 238.58267716535434 94.48818897637796 pourront
587.007874015748 1608.6614173228347 158.26771653543307 94.48818897637796 être
686.2204724409448 1608.6614173228347 218.50393700787401 94.48818897637796 achetés
844.488188976378 1608.6614173228347 139.37007874015748 94.48818897637796 que
923.6220472440945 1608.6614173228347 139.37007874015748 94.48818897637796 les
1002.7559055118111 1608.6614173228347 238.58267716535434 94.48818897637796 ouvrages
1162.2047244094488 1608.6614173228347 178.3464566929134 94.48818897637796 faisant

301.18110236220474 1659.4488188976377 198.4251968503937 87.4015748031496 partie
440.5511811023622 1659.4488188976377 119.29133858267717 87.4015748031496 de
499.6062992125984 1659.4488188976377 317.7165354330709 87.4015748031496 l’Exposition
738.1889763779527 1659.4488188976377 257.4803149606299 87.4015748031496 municipale.

348.4251968503937 1718.5039370078741 116.92913385826772 87.4015748031496 Ne
406.2992125984252 1718.5039370078741 233.85826771653544 87.4015748031496 pourront
581.1023622047244 1718.5039370078741 155.90551181102362 87.4015748031496 être
677.9527559055118 1718.5039370078741 213.7795275590551 87.4015748031496 achetés
833.8582677165355 1718.5039370078741 135.82677165354332 87.4015748031496 les
911.8110236220473 1718.5039370078741 233.85826771653544 87.4015748031496 ouvrages
1086.6141732283465 1718.5039370078741 135.82677165354332 87.4015748031496 des
1144.4881889763778 1718.5039370078741 194.88188976377953 87.4015748031496 artistes

297.6377952755906 1756.2992125984251 233.85826771653544 108.66141732283465 faisant
467.7165354330709 1756.2992125984251 212.5984251968504 108.66141732283465 partie
616.5354330708661 1756.2992125984251 127.55905511811024 108.66141732283465 du
680.3149606299213 1756.2992125984251 212.5984251968504 108.66141732283465 Bureau
829.1338582677165 1756.2992125984251 127.55905511811024 108.66141732283465 ou
892.9133858267717 1756.2992125984251 127.55905511811024 108.66141732283465 du
956.6929133858267 1756.2992125984251 170.07874015748033 108.66141732283465 Jury
1062.992125984252 1756.2992125984251 148.8188976377953 108.66141732283465 des
1126.7716535433071 1756.2992125984251 212.5984251968504 108.66141732283465 acquisi

276.37795275590554 1820.0787401574803 159.4488188976378 57.874015748031496 tions.

686.2204724409448 1896.8503937007874 243.30708661417322 69.68503937007874 ARTICLE
840.9448818897638 1896.8503937007874 111.02362204724409 69.68503937007874 16.

337.79527559055117 1952.3622047244094 166.53543307086613 90.94488188976378 Tous
441.73228346456693 1952.3622047244094 145.2755905511811 90.94488188976378 les
525.5905511811023 1952.3622047244094 249.21259842519686 90.94488188976378 ouvrages
712.2047244094488 1952.3622047244094 207.8740157480315 90.94488188976378 acquis
857.4803149606299 1952.3622047244094 145.2755905511811 90.94488188976378 par
941.3385826771654 1952.3622047244094 125.19685039370079 90.94488188976378 la
1002.7559055118111 1952.3622047244094 229.13385826771653 90.94488188976378 Société
1149.2125984251968 1952.3622047244094 186.61417322834646 90.94488188976378 devront

291.73228346456693 2020.8661417322835 216.14173228346456 75.59055118110236 porter
442.9133858267717 2020.8661417322835 194.88188976377953 75.59055118110236 cette
572.8346456692914 2020.8661417322835 346.06299212598424 75.59055118110236 inscription,
853.9370078740158 2020.8661417322835 173.6220472440945 75.59055118110236 mise
962.5984251968504 2020.8661417322835 151.1811023622047 75.59055118110236 par
1048.8188976377953 2020.8661417322835 151.1811023622047 75.59055118110236 les
1135.0393700787401 2020.8661417322835 194.88188976377953 75.59055118110236 soins
1243.7007874015749 2020.8661417322835 86.22047244094489 75.59055118110236 du
