1446 2316
629 205 128 59 —
681 205 154 59 18
732 205 77 59 —

278 291 106 90 1°
331 291 106 90 du
384 291 194 90 montant
525 291 124 90 des
596 291 194 90 actions
737 291 247 90 nominales;
932 291 106 90 2°
984 291 106 90 du
1020 291 141 90 place-

281 340 132 55 ment
364 340 116 55 des
414 340 165 55 billets.

316 388 120 69 Les
384 388 154 69 fonds
487 388 325 69 extraordinaires
761 388 257 69 proviennent
967 388 103 69 de
1018 388 103 69 la
1052 388 103 69 sub-

276 431 190 69 vention
414 431 208 69 accordée
570 431 121 69 par
639 431 104 69 la
691 431 173 69 Ville,
812 431 156 69 ainsi
916 431 121 69 que
985 431 104 69 de
1020 431 138 69 toutes

275 478 169 70 celles
394 478 118 70 qui
461 478 237 70 pourraient
647 478 135 70 être
732 478 305 70 ultérieurement
969 478 186 70 obtenues.

509 533 389 91 CHAPITRE
768 533 130 91 4.

503 634 226 65 <b>Emploi
677 634 122 65 des
729 634 191 65 Fonds</b>

601 698 206 74 ARTICLE
732 698 94 74 13.

310 759 118 101 Les
377 759 151 101 fonds
478 759 101 101 de
529 759 101 101 la
579 759 185 101 Société
713 759 168 101 seront
831 759 218 101 consacrés
999 759 84 101 à
1016 759 134 101 chaque

248 797 247 64 Exposition:

305 844 103 91 1°
356 844 120 91 Aux
425 844 171 91 achats
545 844 103 91 de
596 844 223 91 tableaux,
767 844 257 91 sculptures,
956 844 188 91 gravures,

266 878 178 90 dessins
395 878 97 90 et
444 878 162 90 autres
557 878 162 90 objets
654 878 129 90 d'art;

304 947 108 81 2°
358 947 126 81 Aux
430 947 161 81 frais
537 947 287 81 accessoires,
770 947 143 81 tels
860 947 126 81 que
932 947 215 81 dépenses
1075 947 72 81 de

265 988 185 85 bureau,
400 988 336 85 correspondances,
686 988 269 85 impressions,
904 988 151 85 etc.,
988 988 101 85 etc.

592 1057 208 65 ARTICLE
724 1057 95 65 14.

303 1097 214 96 L’emploi
464 1097 125 96 des
535 1097 161 96 fonds
643 1097 107 96 de
696 1097 107 96 la
750 1097 197 96 Société
893 1097 250 96 appartient
1072 1097 71 96 de

261 1160 149 79 droit
361 1160 99 79 au
411 1160 182 79 Bureau,
543 1160 133 79 qui,
626 1160 133 79 sous
709 1160 99 79 sa
759 1160 298 79 responsabilité
991 1160 149 79 person-

258 1206 176 64 nelle,
382 1206 141 64 fera
470 1206 229 64 connaître
645 1206 106 64 au
698 1206 141 64 Jury
786 1206 123 64 des
857 1206 281 64 acquisitions
1068 1206 70 64 la

258 1248 156 57 somme
362 1248 156 57 libre
466 1248 139 57 pour
553 1248 122 57 les
605 1248 156 57 achats.

588 1308 208 70 ARTICLE
720 1308 95 70 15.

295 1362 101 80 Ne
346 1362 202 80 pourront
497 1362 134 80 être
581 1362 185 80 achetés
715 1362 118 80 que
782 1362 118 80 les
849 1362 202 80 ouvrages
984 1362 151 80 faisant

255 1405 168 74 partie
373 1405 101 74 de
423 1405 269 74 l’Exposition
625 1405 218 74 municipale.

295 1455 99 74 Ne
344 1455 198 74 pourront
492 1455 132 74 être
574 1455 181 74 achetés
706 1455 115 74 les
772 1455 198 74 ouvrages
920 1455 115 74 des
969 1455 165 74 artistes

252 1487 198 92 faisant
396 1487 180 92 partie
522 1487 108 92 du
576 1487 180 92 Bureau
702 1487 108 92 ou
756 1487 108 92 du
810 1487 144 92 Jury
900 1487 126 92 des
954 1487 180 92 acquisi

234 1541 135 49 tions.

581 1606 206 59 ARTICLE
712 1606 94 59 16.

286 1653 141 77 Tous
374 1653 123 77 les
445 1653 211 77 ouvrages
603 1653 176 77 acquis
726 1653 123 77 par
797 1653 106 77 la
849 1653 194 77 Société
973 1653 158 77 devront

247 1711 183 64 porter
375 1711 165 64 cette
485 1711 293 64 inscription,
723 1711 147 64 mise
815 1711 128 64 par
888 1711 128 64 les
961 1711 165 64 soins
1053 1711 73 64 du
