1736.2204724409448 2725.984251968504
744.0944881889764 268.1102362204724 151.1811023622047 85.03937007874016 —
805.511811023622 268.1102362204724 181.88976377952756 85.03937007874016 19
865.7480314960629 268.1102362204724 90.94488188976378 85.03937007874016 —

336.61417322834643 390.9448818897638 207.8740157480315 80.31496062992126 Bureau:
487.79527559055117 390.9448818897638 245.66929133858267 80.31496062992126 Acquis
675.5905511811023 390.9448818897638 132.28346456692913 80.31496062992126 par
751.1811023622047 390.9448818897638 113.38582677165354 80.31496062992126 la
807.8740157480315 390.9448818897638 207.8740157480315 80.31496062992126 Société
959.0551181102362 390.9448818897638 132.28346456692913 80.31496062992126 des
1034.6456692913387 390.9448818897638 151.1811023622047 80.31496062992126 Amis
1127.9527559055118 390.9448818897638 132.28346456692913 80.31496062992126 des
1184.6456692913387 390.9448818897638 188.9763779527559 80.31496062992126 Arts

341.33858267716533 441.73228346456693 113.38582677165354 62.59842519685039 de
405.11811023622045 441.73228346456693 151.1811023622047 62.59842519685039 Rouen

615.3543307086615 499.6062992125984 454.7244094488189 95.66929133858268 CHAPITRE
918.8976377952756 499.6062992125984 151.1811023622047 95.66929133858268 5.

375.59055118110234 572.8346456692914 386.2204724409449 105.11811023622047 Distribution
700.3937007874016 572.8346456692914 141.73228346456693 105.11811023622047 des
781.8897637795276 572.8346456692914 243.30708661417322 105.11811023622047 ouvrages
963.7795275590552 572.8346456692914 203.1496062992126 105.11811023622047 acquis
1106.6929133858268 572.8346456692914 141.73228346456693 105.11811023622047 par
1166.9291338582677 572.8346456692914 162.99212598425197 105.11811023622047 la

737.007874015748 633.0708661417323 218.50393700787401 88.58267716535433 Société

725.1968503937007 709.8425196850394 239.76377952755905 73.22834645669292 ARTICLE
877.5590551181102 709.8425196850394 108.66141732283465 73.22834645669292 17.

375.59055118110234 764.1732283464567 168.89763779527559 88.58267716535433 Tous
481.8897637795276 764.1732283464567 147.63779527559055 88.58267716535433 les
565.7480314960629 764.1732283464567 253.93700787401573 88.58267716535433 ouvrages
757.0866141732283 764.1732283464567 211.41732283464566 88.58267716535433 acquis
904.7244094488188 764.1732283464567 147.63779527559055 88.58267716535433 par
989.7637795275591 764.1732283464567 126.37795275590551 88.58267716535433 la
1052.3622047244094 764.1732283464567 232.6771653543307 88.58267716535433 Société
1201.1811023622047 764.1732283464567 168.89763779527559 88.58267716535433 seront

333.07086614173227 830.3149606299213 175.98425196850394 64.96062992125984 tirés
451.18110236220474 830.3149606299213 116.92913385826772 64.96062992125984 au
509.0551181102362 830.3149606299213 175.98425196850394 64.96062992125984 sort,
625.9842519685039 830.3149606299213 155.90551181102362 64.96062992125984 dans
724.0157480314961 830.3149606299213 116.92913385826772 64.96062992125984 le
781.8897637795276 830.3149606299213 155.90551181102362 64.96062992125984 mois
879.9212598425197 830.3149606299213 137.00787401574803 64.96062992125984 qui
957.8740157480315 830.3149606299213 194.88188976377953 64.96062992125984 suivra
1094.8818897637796 830.3149606299213 116.92913385826772 64.96062992125984 la
1152.755905511811 830.3149606299213 214.96062992125985 64.96062992125984 clôture
1289.763779527559 830.3149606299213 77.95275590551181 64.96062992125984 de

335.43307086614175 882.2834645669292 330.70866141732284 77.95275590551181 l’Exposition,
607.0866141732283 882.2834645669292 155.90551181102362 77.95275590551181 avec
703.9370078740158 882.2834645669292 116.92913385826772 77.95275590551181 un
762.992125984252 882.2834645669292 174.8031496062992 77.95275590551181 droit
878.7401574803149 882.2834645669292 155.90551181102362 77.95275590551181 égal
976.7716535433071 882.2834645669292 155.90551181102362 77.95275590551181 pour
1073.6220472440946 882.2834645669292 194.88188976377953 77.95275590551181 chaque
1190.5511811023623 882.2834645669292 174.8031496062992 77.95275590551181 billet.

721.6535433070866 946.0629921259842 240.9448818897638 85.03937007874016 ARTICLE
875.1968503937007 946.0629921259842 109.84251968503936 85.03937007874016 18.

374.40944881889766 1032.283464566929 119.29133858267717 88.58267716535433 Le
434.6456692913386 1032.283464566929 198.4251968503937 88.58267716535433 tirage
572.8346456692914 1032.283464566929 119.29133858267717 88.58267716535433 de
633.0708661417323 1032.283464566929 119.29133858267717 88.58267716535433 la
692.1259842519685 1032.283464566929 218.50393700787401 88.58267716535433 loterie
850.3937007874016 1032.283464566929 158.26771653543307 88.58267716535433 aura
949.6062992125984 1032.283464566929 158.26771653543307 88.58267716535433 lieu
1048.8188976377953 1032.283464566929 158.26771653543307 88.58267716535433 dans
1148.0314960629921 1032.283464566929 139.37007874015748 88.58267716535433 une
1208.267716535433 1032.283464566929 158.26771653543307 88.58267716535433 séance

308.26771653543307 1077.1653543307086 252.75590551181102 77.95275590551181 solennelle.

375.59055118110234 1123.2283464566929 135.82677165354332 113.38582677165354 Les
452.3622047244094 1123.2283464566929 213.7795275590551 113.38582677165354 Membres
608.2677165354331 1123.2283464566929 271.65354330708664 113.38582677165354 titulaires
822.0472440944882 1123.2283464566929 116.92913385826772 113.38582677165354 et
881.1023622047244 1123.2283464566929 135.82677165354332 113.38582677165354 les
957.8740157480315 1123.2283464566929 330.70866141732284 113.38582677165354 Souscripteurs
1210.6299212598426 1123.2283464566929 155.90551181102362 113.38582677165354 seront

328.34645669291336 1196.4566929133857 224.40944881889763 85.03937007874016 invités,
497.244094488189 1196.4566929133857 131.10236220472441 85.03937007874016 par
571.6535433070866 1196.4566929133857 112.20472440944881 85.03937007874016 la
628.3464566929134 1196.4566929133857 150.0 85.03937007874016 voie
721.6535433070866 1196.4566929133857 131.10236220472441 85.03937007874016 des
797.2440944881889 1196.4566929133857 243.30708661417322 85.03937007874016 journaux,
983.8582677165355 1196.4566929133857 93.30708661417323 85.03937007874016 à
1021.6535433070866 1196.4566929133857 93.30708661417323 85.03937007874016 y
1040.5511811023623 1196.4566929133857 205.51181102362204 85.03937007874016 assister.

716.9291338582677 1274.4094488188975 242.1259842519685 77.95275590551181 ARTICLE
871.6535433070866 1274.4094488188975 109.84251968503936 77.95275590551181 19.

376.7716535433071 1346.4566929133857 112.20472440944881 67.32283464566929 Le
433.46456692913387 1346.4566929133857 187.79527559055117 67.32283464566929 tirage
564.5669291338583 1346.4566929133857 112.20472440944881 67.32283464566929 au
621.2598425196851 1346.4566929133857 150.0 67.32283464566929 sort
714.5669291338583 1346.4566929133857 150.0 67.32283464566929 aura
809.0551181102362 1346.4566929133857 150.0 67.32283464566929 lieu
903.5433070866142 1346.4566929133857 168.89763779527559 67.32283464566929 ainsi
1015.7480314960629 1346.4566929133857 168.89763779527559 67.32283464566929 qu’il
1110.236220472441 1346.4566929133857 131.10236220472441 67.32283464566929 suit:

373.2283464566929 1404.3307086614172 134.64566929133858 60.23622047244095 Une
450.0 1404.3307086614172 154.7244094488189 60.23622047244095 urne
546.8503937007874 1404.3307086614172 115.74803149606299 60.23622047244095 et
604.7244094488188 1404.3307086614172 134.64566929133858 60.23622047244095 une
681.496062992126 1404.3307086614172 154.7244094488189 60.23622047244095 roue
778.3464566929134 1404.3307086614172 192.51968503937007 60.23622047244095 seront
912.992125984252 1404.3307086614172 212.5984251968504 60.23622047244095 placées
1067.716535433071 1404.3307086614172 134.64566929133858 60.23622047244095 sur
1144.4881889763778 1404.3307086614172 115.74803149606299 60.23622047244095 le
1183.4645669291338 1404.3307086614172 173.6220472440945 60.23622047244095 Bureau.

370.86614173228344 1453.9370078740158 158.26771653543307 57.874015748031496 Dans
470.0787401574803 1453.9370078740158 178.3464566929134 57.874015748031496 l’une
589.3700787401575 1453.9370078740158 198.4251968503937 57.874015748031496 seront
727.5590551181102 1453.9370078740158 237.4015748031496 57.874015748031496 déposés,
905.9055118110236 1453.9370078740158 119.29133858267717 57.874015748031496 en
964.9606299212599 1453.9370078740158 198.4251968503937 57.874015748031496 nombre
1103.1496062992126 1453.9370078740158 158.26771653543307 57.874015748031496 égal
1202.3622047244094 1453.9370078740158 99.21259842519684 57.874015748031496 à
1222.4409448818897 1453.9370078740158 138.18897637795277 57.874015748031496 celui

323.62204724409446 1490.5511811023623 132.28346456692913 66.14173228346456 des
399.21259842519686 1490.5511811023623 188.9763779527559 66.14173228346456 objets
531.496062992126 1490.5511811023623 188.9763779527559 66.14173228346456 acquis
663.7795275590552 1490.5511811023623 132.28346456692913 66.14173228346456 par
739.3700787401575 1490.5511811023623 113.38582677165354 66.14173228346456 la
796.0629921259842 1490.5511811023623 226.77165354330708 66.14173228346456 Société,
966.1417322834645 1490.5511811023623 132.28346456692913 66.14173228346456 des
1041.732283464567 1490.5511811023623 207.8740157480315 66.14173228346456 billets
1174.015748031496 1490.5511811023623 188.9763779527559 66.14173228346456 enfermés

322.4409448818898 1549.6062992125985 162.99212598425197 67.32283464566929 dans
424.01574803149606 1549.6062992125985 142.91338582677164 67.32283464566929 des
505.51181102362204 1549.6062992125985 183.0708661417323 67.32283464566929 étuis
627.1653543307086 1549.6062992125985 121.65354330708661 67.32283464566929 et
688.5826771653543 1549.6062992125985 223.22834645669292 67.32283464566929 portant
851.5748031496063 1549.6062992125985 203.1496062992126 67.32283464566929 chacun
993.3070866141733 1549.6062992125985 325.98425196850394 67.32283464566929 l’indication
1237.7952755905512 1549.6062992125985 121.65354330708661 67.32283464566929 d’un

323.62204724409446 1590.9448818897638 115.74803149606299 66.14173228346456 de
381.496062992126 1590.9448818897638 134.64566929133858 66.14173228346456 ces
438.18897637795277 1590.9448818897638 173.6220472440945 66.14173228346456 objets.

370.86614173228344 1620.4724409448818 165.35433070866142 87.4015748031496 Dans
473.62204724409446 1620.4724409448818 124.01574803149606 87.4015748031496 la
535.0393700787401 1620.4724409448818 165.35433070866142 87.4015748031496 roue
638.9763779527559 1620.4724409448818 206.69291338582678 87.4015748031496 seront
783.0708661417323 1620.4724409448818 226.77165354330708 87.4015748031496 déposés
948.4251968503937 1620.4724409448818 144.09448818897638 87.4015748031496 des
1031.1023622047244 1620.4724409448818 226.77165354330708 87.4015748031496 numéros
1176.3779527559054 1620.4724409448818 185.43307086614172 87.4015748031496 corres-

324.8031496062992 1699.6062992125985 217.3228346456693 64.96062992125984 pondant
483.07086614173227 1699.6062992125985 99.21259842519684 64.96062992125984 à
523.2283464566929 1699.6062992125985 158.26771653543307 64.96062992125984 ceux
621.2598425196851 1699.6062992125985 138.18897637795277 64.96062992125984 des
700.3937007874016 1699.6062992125985 217.3228346456693 64.96062992125984 billets
858.6614173228346 1699.6062992125985 158.26771653543307 64.96062992125984 émis
956.6929133858267 1699.6062992125985 138.18897637795277 64.96062992125984 par
1035.8267716535433 1699.6062992125985 118.11023622047244 64.96062992125984 la
1075.984251968504 1699.6062992125985 197.24409448818898 64.96062992125984 Société.

364.96062992125985 1749.2125984251968 198.4251968503937 70.86614173228347 Après
497.244094488189 1749.2125984251968 198.4251968503937 70.86614173228347 quoi,
629.5275590551181 1749.2125984251968 132.28346456692913 70.86614173228347 on
695.6692913385826 1749.2125984251968 285.8267716535433 70.86614173228347 procédera
915.3543307086615 1749.2125984251968 132.28346456692913 70.86614173228347 au
981.496062992126 1749.2125984251968 219.68503937007873 70.86614173228347 tirage
1135.0393700787401 1749.2125984251968 175.98425196850394 70.86614173228347 d’un
1222.4409448818897 1749.2125984251968 132.28346456692913 70.86614173228347 étui

318.8976377952756 1801.1811023622047 162.99212598425197 56.69291338582677 dans
420.4724409448819 1801.1811023622047 224.40944881889763 56.69291338582677 l’urne.
583.4645669291339 1801.1811023622047 101.5748031496063 56.69291338582677 —
623.6220472440945 1801.1811023622047 142.91338582677164 56.69291338582677 Cet
705.1181102362204 1801.1811023622047 162.99212598425197 56.69291338582677 étui
807.8740157480315 1801.1811023622047 162.99212598425197 56.69291338582677 sera
909.4488188976378 1801.1811023622047 203.1496062992126 56.69291338582677 ouvert
1051.1811023622047 1801.1811023622047 142.91338582677164 56.69291338582677 par
1132.6771653543308 1801.1811023622047 121.65354330708661 56.69291338582677 M.
1194.0944881889764 1801.1811023622047 121.65354330708661 56.69291338582677 le
1235.4330708661416 1801.1811023622047 121.65354330708661 56.69291338582677 Pré-

322.4409448818898 1853.1496062992126 210.23622047244095 69.68503937007874 sident,
474.8031496062992 1853.1496062992126 133.46456692913387 69.68503937007874 qui
551.5748031496063 1853.1496062992126 210.23622047244095 69.68503937007874 donnera
705.1181102362204 1853.1496062992126 305.90551181102364 69.68503937007874 l’indication
953.1496062992126 1853.1496062992126 114.56692913385827 69.68503937007874 de
1011.0236220472441 1853.1496062992126 210.23622047244095 69.68503937007874 l’objet
1163.3858267716535 1853.1496062992126 95.66929133858268 69.68503937007874 à
1182.283464566929 1853.1496062992126 172.44094488188978 69.68503937007874 gagner.

368.503937007874 1905.1181102362204 126.37795275590551 67.32283464566929 La
432.2834645669291 1905.1181102362204 167.71653543307087 67.32283464566929 roue
536.2204724409448 1905.1181102362204 167.71653543307087 67.32283464566929 sera
641.3385826771654 1905.1181102362204 188.9763779527559 67.32283464566929 alors
767.7165354330708 1905.1181102362204 167.71653543307087 67.32283464566929 mise
872.8346456692914 1905.1181102362204 126.37795275590551 67.32283464566929 en
935.4330708661417 1905.1181102362204 294.09448818897636 67.32283464566929 mouvement,
1166.9291338582677 1905.1181102362204 126.37795275590551 67.32283464566929 et
1229.5275590551182 1905.1181102362204 126.37795275590551 67.32283464566929 il
1272.0472440944882 1905.1181102362204 83.85826771653544 67.32283464566929 en

320.0787401574803 1971.259842519685 162.99212598425197 51.968503937007874 sera
421.65354330708664 1971.259842519685 223.22834645669292 51.968503937007874 extrait
584.6456692913385 1971.259842519685 121.65354330708661 51.968503937007874 un
644.8818897637796 1971.259842519685 203.1496062992126 51.968503937007874 numéro
787.7952755905512 1971.259842519685 142.91338582677164 51.968503937007874 qui
869.2913385826772 1971.259842519685 162.99212598425197 51.968503937007874 sera
970.8661417322835 1971.259842519685 244.48818897637796 51.968503937007874 proclamé
1153.9370078740158 1971.259842519685 142.91338582677164 51.968503937007874 par
1235.4330708661416 1971.259842519685 121.65354330708661 51.968503937007874 M.
1275.5905511811025 1971.259842519685 81.49606299212599 51.968503937007874 le

315.3543307086614 2003.1496062992126 323.62204724409446 63.77952755905512 Président,
570.4724409448819 2003.1496062992126 207.8740157480315 63.77952755905512 comme
708.6614173228346 2003.1496062992126 255.11811023622047 63.77952755905512 gagnant
894.0944881889764 2003.1496062992126 139.37007874015748 63.77952755905512 le
963.7795275590552 2003.1496062992126 161.81102362204723 63.77952755905512 lot
1033.4645669291338 2003.1496062992126 323.62204724409446 63.77952755905512 précédemment

300.0 2051.5748031496064 206.69291338582678 73.22834645669292 indiqué.
