1736.2204724409448 2725.984251968504
732.2834645669292 284.6456692913386 150.0 74.40944881889764 —
791.3385826771654 284.6456692913386 179.5275590551181 74.40944881889764 21
851.5748031496063 284.6456692913386 89.76377952755905 74.40944881889764 —

713.3858267716536 392.12598425196853 243.30708661417322 86.22047244094489 ARTICLE
868.1102362204724 392.12598425196853 111.02362204724409 86.22047244094489 24.

366.1417322834646 460.62992125984255 154.7244094488189 98.03149606299213 Les
454.7244094488189 460.62992125984255 243.30708661417322 98.03149606299213 Membres
631.8897637795276 460.62992125984255 132.28346456692913 98.03149606299213 du
698.0314960629921 460.62992125984255 220.86614173228347 98.03149606299213 Bureau
852.7559055118111 460.62992125984255 177.16535433070865 98.03149606299213 sont
962.5984251968504 460.62992125984255 220.86614173228347 98.03149606299213 nommés
1117.3228346456692 460.62992125984255 177.16535433070865 98.03149606299213 pour
1205.9055118110236 460.62992125984255 154.7244094488189 98.03149606299213 trois

324.8031496062992 518.503937007874 303.54330708661416 80.31496062992126 Expositions,
571.6535433070866 518.503937007874 114.56692913385827 80.31496062992126 et
628.3464566929134 518.503937007874 190.15748031496062 80.31496062992126 seront
742.9133858267717 518.503937007874 265.748031496063 80.31496062992126 rééligibles.

364.96062992125985 571.6535433070866 175.98425196850394 87.4015748031496 Leurs
483.07086614173227 571.6535433070866 253.93700787401573 87.4015748031496 fonctions
677.9527559055118 571.6535433070866 194.88188976377953 87.4015748031496 seront
794.8818897637796 571.6535433070866 235.03937007874015 87.4015748031496 gratuites.

712.2047244094488 673.2283464566929 244.48818897637796 82.67716535433071 ARTICLE
868.1102362204724 673.2283464566929 111.02362204724409 82.67716535433071 25.

362.59842519685037 748.8188976377953 217.3228346456693 88.58267716535433 Toutes
513.7795275590552 748.8188976377953 151.1811023622047 88.58267716535433 les
601.1811023622047 748.8188976377953 324.8031496062992 88.58267716535433 nominations
861.0236220472441 748.8188976377953 217.3228346456693 88.58267716535433 auront
1012.2047244094488 748.8188976377953 173.6220472440945 88.58267716535433 lieu
1120.8661417322835 748.8188976377953 129.92125984251967 88.58267716535433 au
1164.5669291338584 748.8188976377953 194.88188976377953 88.58267716535433 scrutin

296.45669291338584 798.4251968503937 175.98425196850394 61.41732283464567 secret.

707.4803149606299 858.6614173228346 245.66929133858267 93.30708661417323 ARTICLE
863.3858267716536 858.6614173228346 112.20472440944881 93.30708661417323 26.

360.23622047244095 947.2440944881889 124.01574803149606 100.39370078740157 Le
422.8346456692913 947.2440944881889 269.29133858267716 100.39370078740157 Président
630.7086614173228 947.2440944881889 290.5511811023622 100.39370078740157 convoquera
858.6614173228346 947.2440944881889 124.01574803149606 100.39370078740157 et
921.2598425196851 947.2440944881889 269.29133858267716 100.39370078740157 présidera
1129.1338582677165 947.2440944881889 145.2755905511811 100.39370078740157 les
1190.5511811023623 947.2440944881889 166.53543307086613 100.39370078740157 Assem-

314.1732283464567 1002.7559055118111 184.251968503937 82.67716535433071 blées
437.00787401574803 1002.7559055118111 265.748031496063 82.67716535433071 générales
641.3385826771654 1002.7559055118111 122.83464566929133 82.67716535433071 et
702.7559055118111 1002.7559055118111 142.91338582677164 82.67716535433071 les
784.2519685039371 1002.7559055118111 327.1653543307087 82.67716535433071 Commissions.
1050.0 1002.7559055118111 102.75590551181102 82.67716535433071 —
1091.3385826771653 1002.7559055118111 122.83464566929133 82.67716535433071 En
1152.755905511811 1002.7559055118111 142.91338582677164 82.67716535433071 cas
1214.1732283464567 1002.7559055118111 142.91338582677164 82.67716535433071 d’ab-

310.62992125984255 1060.6299212598426 197.24409448818898 81.49606299212599 sence,
448.81889763779526 1060.6299212598426 118.11023622047244 81.49606299212599 il
507.87401574803147 1060.6299212598426 157.08661417322836 81.49606299212599 sera
605.9055118110236 1060.6299212598426 216.14173228346456 81.49606299212599 suppléé
764.1732283464567 1060.6299212598426 138.18897637795277 81.49606299212599 par
843.3070866141733 1060.6299212598426 157.08661417322836 81.49606299212599 l’un
941.3385826771654 1060.6299212598426 138.18897637795277 81.49606299212599 des
1000.3937007874016 1060.6299212598426 354.3307086614173 81.49606299212599 Vice

315.3543307086614 1100.7874015748032 141.73228346456693 100.39370078740157 ou,
396.8503937007874 1100.7874015748032 101.5748031496063 100.39370078740157 à
437.00787401574803 1100.7874015748032 223.22834645669292 100.39370078740157 défaut,
600.0 1100.7874015748032 141.73228346456693 100.39370078740157 par
680.3149606299213 1100.7874015748032 121.65354330708661 100.39370078740157 le
741.7322834645669 1100.7874015748032 203.1496062992126 100.39370078740157 Membre
883.4645669291339 1100.7874015748032 121.65354330708661 100.39370078740157 le
944.8818897637796 1100.7874015748032 162.99212598425197 100.39370078740157 plus
1046.4566929133857 1100.7874015748032 141.73228346456693 100.39370078740157 âgé
1127.9527559055118 1100.7874015748032 121.65354330708661 100.39370078740157 du
1168.1102362204724 1100.7874015748032 183.0708661417323 100.39370078740157 Bureau.

706.2992125984252 1191.732283464567 245.66929133858267 94.48818897637796 ARTICLE
862.2047244094488 1191.732283464567 112.20472440944881 94.48818897637796 27.

361.4173228346457 1276.7716535433071 172.44094488188978 88.58267716535433 Dans
468.8976377952756 1276.7716535433071 151.1811023622047 88.58267716535433 les
555.1181102362204 1276.7716535433071 367.3228346456693 88.58267716535433 délibérations
858.6614173228346 1276.7716535433071 129.92125984251967 88.58267716535433 du
923.6220472440945 1276.7716535433071 237.4015748031496 88.58267716535433 Bureau,
1096.0629921259842 1276.7716535433071 129.92125984251967 88.58267716535433 du
1161.023622047244 1276.7716535433071 172.44094488188978 88.58267716535433 Jury
1247.244094488189 1276.7716535433071 108.66141732283465 88.58267716535433 des

315.3543307086614 1334.6456692913387 314.1732283464567 88.58267716535433 acquisitions
570.4724409448819 1334.6456692913387 118.11023622047244 88.58267716535433 et
629.5275590551181 1334.6456692913387 137.00787401574803 88.58267716535433 des
707.4803149606299 1334.6456692913387 294.09448818897636 88.58267716535433 Commissions
942.5196850393701 1334.6456692913387 274.01574803149606 88.58267716535433 spéciales,
1158.6614173228347 1334.6456692913387 175.98425196850394 88.58267716535433 ainsi
1256.6929133858268 1334.6456692913387 98.03149606299213 88.58267716535433 que

314.1732283464567 1387.7952755905512 159.4488188976378 77.95275590551181 dans
414.56692913385825 1387.7952755905512 139.37007874015748 77.95275590551181 les
493.7007874015748 1387.7952755905512 279.9212598425197 77.95275590551181 Assemblées
713.3858267716536 1387.7952755905512 279.9212598425197 77.95275590551181 générales,
933.0708661417323 1387.7952755905512 119.29133858267717 77.95275590551181 le
993.3070866141733 1387.7952755905512 279.9212598425197 77.95275590551181 Président,
1212.992125984252 1387.7952755905512 119.29133858267717 77.95275590551181 en
1251.9685039370079 1387.7952755905512 100.39370078740157 77.95275590551181 cas

312.99212598425197 1429.1338582677165 124.01574803149606 89.76377952755905 de
374.40944881889766 1429.1338582677165 246.8503937007874 89.76377952755905 partage,
559.8425196850394 1429.1338582677165 164.17322834645668 89.76377952755905 aura
662.5984251968504 1429.1338582677165 164.17322834645668 89.76377952755905 voix
744.0944881889764 1429.1338582677165 329.5275590551181 89.76377952755905 prépondérante.

706.2992125984252 1541.3385826771653 242.1259842519685 76.77165354330708 ARTICLE
861.0236220472441 1541.3385826771653 109.84251968503936 76.77165354330708 28.

360.23622047244095 1611.023622047244 144.09448818897638 69.68503937007874 Les
441.73228346456693 1611.023622047244 309.4488188976378 69.68503937007874 Secrétaires
689.7637795275591 1611.023622047244 206.69291338582678 69.68503937007874 seront
835.0393700787401 1611.023622047244 226.77165354330708 69.68503937007874 chargés
1000.3937007874016 1611.023622047244 124.01574803149606 69.68503937007874 de
1061.8110236220473 1611.023622047244 124.01574803149606 69.68503937007874 la
1103.1496062992126 1611.023622047244 248.03149606299212 69.68503937007874 correspon-

310.62992125984255 1646.4566929133857 199.60629921259843 89.76377952755905 dance,
450.0 1646.4566929133857 179.5275590551181 89.76377952755905 ainsi
570.4724409448819 1646.4566929133857 139.37007874015748 89.76377952755905 que
649.6062992125984 1646.4566929133857 119.29133858267717 89.76377952755905 de
709.8425196850394 1646.4566929133857 119.29133858267717 89.76377952755905 la
770.0787401574803 1646.4566929133857 259.84251968503935 89.76377952755905 rédaction
969.6850393700787 1646.4566929133857 139.37007874015748 89.76377952755905 des
1029.9212598425197 1646.4566929133857 318.8976377952756 89.76377952755905 procès

310.62992125984255 1712.5984251968505 148.8188976377953 60.23622047244095 des
395.6692913385827 1712.5984251968505 232.6771653543307 60.23622047244095 séances
564.5669291338583 1712.5984251968505 148.8188976377953 60.23622047244095 des
649.6062992125984 1712.5984251968505 296.45669291338584 60.23622047244095 Assemblées
882.2834645669292 1712.5984251968505 275.1968503937008 60.23622047244095 générales
1094.8818897637796 1712.5984251968505 127.55905511811024 60.23622047244095 et
1158.6614173228347 1712.5984251968505 148.8188976377953 60.23622047244095 des
1221.259842519685 1712.5984251968505 127.55905511811024 60.23622047244095 Com

291.73228346456693 1756.2992125984251 227.95275590551182 77.95275590551181 missions.

709.8425196850394 1834.251968503937 239.76377952755905 75.59055118110236 ARTICLE
862.2047244094488 1834.251968503937 108.66141732283465 75.59055118110236 29.

361.4173228346457 1893.3070866141732 115.74803149606299 94.48818897637796 Le
419.29133858267716 1893.3070866141732 251.5748031496063 94.48818897637796 Trésorier
612.992125984252 1893.3070866141732 232.6771653543307 94.48818897637796 déposera
786.6141732283464 1893.3070866141732 135.82677165354332 94.48818897637796 les
864.5669291338583 1893.3070866141732 174.8031496062992 94.48818897637796 fonds
980.3149606299213 1893.3070866141732 174.8031496062992 94.48818897637796 qu’il
1097.244094488189 1893.3070866141732 212.5984251968504 94.48818897637796 recevra
1251.9685039370079 1893.3070866141732 96.85039370078741 94.48818897637796 à
1270.8661417322835 1893.3070866141732 77.95275590551181 94.48818897637796 la

311.81102362204723 1952.3622047244094 216.14173228346456 82.67716535433071 Banque
462.99212598425197 1952.3622047244094 129.92125984251967 82.67716535433071 de
526.7716535433071 1952.3622047244094 237.4015748031496 82.67716535433071 France,
700.3937007874016 1952.3622047244094 129.92125984251967 82.67716535433071 où
765.3543307086615 1952.3622047244094 129.92125984251967 82.67716535433071 un
829.1338582677165 1952.3622047244094 216.14173228346456 82.67716535433071 compto
980.3149606299213 1952.3622047244094 172.44094488188978 82.67716535433071 sera
1088.976377952756 1952.3622047244094 216.14173228346456 82.67716535433071 ouvert
1240.1574803149606 1952.3622047244094 107.48031496062993 82.67716535433071 à
1261.4173228346456 1952.3622047244094 86.22047244094489 82.67716535433071 la

312.99212598425197 2007.8740157480315 238.58267716535434 73.22834645669292 Societé,
492.5196850393701 2007.8740157480315 119.29133858267717 73.22834645669292 et
551.5748031496063 2007.8740157480315 119.29133858267717 73.22834645669292 il
611.8110236220473 2007.8740157480315 278.74015748031496 73.22834645669292 acquittera
830.3149606299213 2007.8740157480315 139.37007874015748 73.22834645669292 les
909.4488188976378 2007.8740157480315 238.58267716535434 73.22834645669292 dépenses
1068.8976377952756 2007.8740157480315 278.74015748031496 73.22834645669292 ordonnancées

310.62992125984255 2052.755905511811 138.18897637795277 73.22834645669292 par
389.76377952755905 2052.755905511811 119.29133858267717 73.22834645669292 le
429.9212598425197 2052.755905511811 237.4015748031496 73.22834645669292 Président.
