1470 2308
620 241 127 63 —
670 241 152 63 21
721 241 76 63 —

604 332 206 73 ARTICLE
735 332 94 73 24.

310 390 131 83 Les
385 390 206 83 Membres
535 390 112 83 du
591 390 187 83 Bureau
722 390 150 83 sont
815 390 187 83 nommés
946 390 150 83 pour
1021 390 131 83 trois

275 439 257 68 Expositions,
484 439 97 68 et
532 439 161 68 seront
629 439 225 68 rééligibles.

309 484 149 74 Leurs
409 484 215 74 fonctions
574 484 165 74 seront
673 484 199 74 gratuites.

603 570 207 70 ARTICLE
735 570 94 70 25.

307 634 184 75 Toutes
435 634 128 75 les
509 634 275 75 nominations
729 634 184 75 auront
857 634 147 75 lieu
949 634 110 75 au
986 634 165 75 scrutin

251 676 149 52 secret.

599 727 208 79 ARTICLE
731 727 95 79 26.

305 802 105 85 Le
358 802 228 85 Président
534 802 246 85 convoquera
727 802 105 85 et
780 802 228 85 présidera
956 802 123 85 les
1008 802 141 85 Assem-

266 849 156 70 blées
370 849 225 70 générales
543 849 104 70 et
595 849 121 70 les
664 849 277 70 Commissions.
889 849 87 70 —
924 849 104 70 En
976 849 121 70 cas
1028 849 121 70 d’ab-

263 898 167 69 sence,
380 898 100 69 il
430 898 133 69 sera
513 898 183 69 suppléé
647 898 117 69 par
714 898 133 69 l’un
797 898 117 69 des
847 898 300 69 Vice

267 932 120 85 ou,
336 932 86 85 à
370 932 189 85 défaut,
508 932 120 85 par
576 932 103 85 le
628 932 172 85 Membre
748 932 103 85 le
800 932 138 85 plus
886 932 120 85 âgé
955 932 103 85 du
989 932 155 85 Bureau.

598 1009 208 80 ARTICLE
730 1009 95 80 27.

306 1081 146 75 Dans
397 1081 128 75 les
470 1081 311 75 délibérations
727 1081 110 75 du
782 1081 201 75 Bureau,
928 1081 110 75 du
983 1081 146 75 Jury
1056 1081 92 75 des

267 1130 266 75 acquisitions
483 1130 100 75 et
533 1130 116 75 des
599 1130 249 75 Commissions
798 1130 232 75 spéciales,
981 1130 149 75 ainsi
1064 1130 83 75 que

266 1175 135 66 dans
351 1175 118 66 les
418 1175 237 66 Assemblées
604 1175 237 66 générales,
790 1175 101 66 le
841 1175 237 66 Président,
1027 1175 101 66 en
1060 1175 85 66 cas

265 1210 105 76 de
317 1210 209 76 partage,
474 1210 139 76 aura
561 1210 139 76 voix
630 1210 279 76 prépondérante.

598 1305 205 65 ARTICLE
729 1305 93 65 28.

305 1364 122 59 Les
374 1364 262 59 Secrétaires
584 1364 175 59 seront
707 1364 192 59 chargés
847 1364 105 59 de
899 1364 105 59 la
934 1364 210 59 correspon-

263 1394 169 76 dance,
381 1394 152 76 ainsi
483 1394 118 76 que
550 1394 101 76 de
601 1394 101 76 la
652 1394 220 76 rédaction
821 1394 118 76 des
872 1394 270 76 procès

263 1450 126 51 des
335 1450 197 51 séances
478 1450 126 51 des
550 1450 251 51 Assemblées
747 1450 233 51 générales
927 1450 108 51 et
981 1450 126 51 des
1034 1450 108 51 Com

247 1487 193 66 missions.

601 1553 203 64 ARTICLE
730 1553 92 64 29.

306 1603 98 80 Le
355 1603 213 80 Trésorier
519 1603 197 80 déposera
666 1603 115 80 les
732 1603 148 80 fonds
830 1603 148 80 qu’il
929 1603 180 80 recevra
1060 1603 82 80 à
1076 1603 66 80 la

264 1653 183 70 Banque
392 1653 110 70 de
446 1653 201 70 France,
593 1653 110 70 où
648 1653 110 70 un
702 1653 183 70 compto
830 1653 146 70 sera
922 1653 183 70 ouvert
1050 1653 91 70 à
1068 1653 73 70 la

265 1700 202 62 Societé,
417 1700 101 62 et
467 1700 101 62 il
518 1700 236 62 acquittera
703 1700 118 62 les
770 1700 202 62 dépenses
905 1700 236 62 ordonnancées

263 1738 117 62 par
330 1738 101 62 le
364 1738 201 62 Président.
