1707.8740157480315 2770.8661417322833
740.5511811023622 429.9212598425197 239.76377952755905 75.59055118110236 ARTICLE
892.9133858267717 429.9212598425197 108.66141732283465 75.59055118110236 30.

394.48818897637796 496.06299212598424 128.74015748031496 95.66929133858268 La
458.26771653543307 496.06299212598424 236.2204724409449 95.66929133858268 Société
630.7086614173228 496.06299212598424 128.74015748031496 95.66929133858268 ne
695.6692913385826 496.06299212598424 128.74015748031496 95.66929133858268 se
760.6299212598425 496.06299212598424 214.96062992125985 95.66929133858268 réunit
910.6299212598425 496.06299212598424 128.74015748031496 95.66929133858268 en
975.5905511811023 496.06299212598424 279.9212598425197 95.66929133858268 Assemblée
1169.291338582677 496.06299212598424 214.96062992125985 95.66929133858268 générale

348.4251968503937 561.0236220472441 137.00787401574803 63.77952755905512 que
427.5590551181102 561.0236220472441 294.09448818897636 63.77952755905512 lorsqu’elle
662.5984251968504 561.0236220472441 98.03149606299213 63.77952755905512 a
701.5748031496063 561.0236220472441 137.00787401574803 63.77952755905512 été
780.7086614173228 561.0236220472441 255.11811023622047 63.77952755905512 convoquée
976.7716535433071 561.0236220472441 137.00787401574803 63.77952755905512 par
1054.724409448819 561.0236220472441 118.11023622047244 63.77952755905512 le
1094.8818897637796 561.0236220472441 235.03937007874015 63.77952755905512 Président.

390.9448818897638 609.4488188976378 201.96850393700788 64.96062992125984 Cette
525.5905511811023 609.4488188976378 248.03149606299212 64.96062992125984 réunion
706.2992125984252 609.4488188976378 179.5275590551181 64.96062992125984 peut
818.503937007874 609.4488188976378 201.96850393700788 64.96062992125984 aussi
953.1496062992126 609.4488188976378 201.96850393700788 64.96062992125984 avoir
1087.7952755905512 609.4488188976378 179.5275590551181 64.96062992125984 lieu
1201.1811023622047 609.4488188976378 157.08661417322836 64.96062992125984 sur
1268.5039370078741 609.4488188976378 112.20472440944881 64.96062992125984 une

346.06299212598424 646.0629921259842 218.50393700787401 86.22047244094489 demande
505.51181102362204 646.0629921259842 139.37007874015748 86.22047244094489 par
584.6456692913385 646.0629921259842 178.3464566929134 86.22047244094489 écrit
703.9370078740158 646.0629921259842 119.29133858267717 86.22047244094489 de
762.992125984252 646.0629921259842 278.74015748031496 86.22047244094489 vingt-cinq
982.6771653543307 646.0629921259842 218.50393700787401 86.22047244094489 Membres
1120.8661417322835 646.0629921259842 258.66141732283467 86.22047244094489 titulaires,

342.5196850393701 701.5748031496063 248.03149606299212 73.22834645669292 adressée
529.1338582677165 701.5748031496063 124.01574803149606 73.22834645669292 au
570.4724409448819 701.5748031496063 227.95275590551182 73.22834645669292 Président

738.1889763779527 785.4330708661417 239.76377952755905 81.49606299212599 ARTICLE
890.5511811023622 785.4330708661417 108.66141732283465 81.49606299212599 31.

390.9448818897638 857.4803149606299 138.18897637795277 75.59055118110236 Les
470.0787401574803 857.4803149606299 315.3543307086614 75.59055118110236 convocations
726.3779527559055 857.4803149606299 197.24409448818898 75.59055118110236 auront
864.5669291338583 857.4803149606299 158.26771653543307 75.59055118110236 lieu
963.7795275590552 857.4803149606299 177.16535433070865 75.59055118110236 trois
1081.8897637795276 857.4803149606299 177.16535433070865 75.59055118110236 jours
1201.1811023622047 857.4803149606299 118.11023622047244 75.59055118110236 au
1240.1574803149606 857.4803149606299 138.18897637795277 75.59055118110236 moins

344.88188976377955 910.6299212598425 168.89763779527559 62.59842519685039 avant
457.0866141732283 910.6299212598425 112.20472440944881 62.59842519685039 la
513.7795275590552 910.6299212598425 225.59055118110237 62.59842519685039 réunion,
682.6771653543307 910.6299212598425 112.20472440944881 62.59842519685039 et
739.3700787401575 910.6299212598425 187.79527559055117 62.59842519685039 seront
870.4724409448819 910.6299212598425 187.79527559055117 62.59842519685039 faites
1001.5748031496063 910.6299212598425 131.10236220472441 62.59842519685039 par
1077.1653543307086 910.6299212598425 206.69291338582678 62.59842519685039 lettres
1208.267716535433 910.6299212598425 168.89763779527559 62.59842519685039 indivi-

341.33858267716533 966.1417322834645 232.6771653543307 80.31496062992126 duelles
510.23622047244095 966.1417322834645 126.37795275590551 80.31496062992126 et
574.0157480314961 966.1417322834645 147.63779527559055 80.31496062992126 par
659.0551181102362 966.1417322834645 168.89763779527559 80.31496062992126 avis
764.1732283464567 966.1417322834645 232.6771653543307 80.31496062992126 insérés
933.0708661417323 966.1417322834645 168.89763779527559 80.31496062992126 dans
1039.3700787401574 966.1417322834645 147.63779527559055 80.31496062992126 les
1123.2283464566929 966.1417322834645 253.93700787401573 80.31496062992126 journaux
1292.1259842519685 966.1417322834645 85.03937007874016 80.31496062992126 de

316.53543307086613 1002.7559055118111 190.15748031496062 85.03937007874016 Rouen.

725.1968503937007 1083.0708661417323 244.48818897637796 82.67716535433071 ARTICLE
881.1023622047244 1083.0708661417323 111.02362204724409 82.67716535433071 32.

385.03937007874015 1133.8582677165355 126.37795275590551 89.76377952755905 En
448.81889763779526 1133.8582677165355 147.63779527559055 89.76377952755905 cas
532.6771653543307 1133.8582677165355 126.37795275590551 89.76377952755905 de
595.2755905511812 1133.8582677165355 188.9763779527559 89.76377952755905 décès
721.6535433070866 1133.8582677165355 126.37795275590551 89.76377952755905 ou
785.4330708661417 1133.8582677165355 126.37795275590551 89.76377952755905 de
848.0314960629921 1133.8582677165355 274.01574803149606 89.76377952755905 démission
1059.4488188976377 1133.8582677165355 168.89763779527559 89.76377952755905 d’un
1164.5669291338584 1133.8582677165355 210.23622047244095 89.76377952755905 Membre
1290.9448818897638 1133.8582677165355 83.85826771653544 89.76377952755905 du

336.61417322834643 1197.6377952755906 238.58267716535434 98.03149606299213 Bureau,
509.0551181102362 1197.6377952755906 129.92125984251967 98.03149606299213 le
574.0157480314961 1197.6377952755906 216.14173228346456 98.03149606299213 Bureau
725.1968503937007 1197.6377952755906 281.1023622047244 98.03149606299213 pourvoira
942.5196850393701 1197.6377952755906 259.84251968503935 98.03149606299213 lui-même
1136.2204724409448 1197.6377952755906 108.66141732283465 98.03149606299213 à
1179.9212598425197 1197.6377952755906 151.1811023622047 98.03149606299213 son
1244.8818897637796 1197.6377952755906 129.92125984251967 98.03149606299213 rem

310.62992125984255 1255.5118110236222 268.1102362204724 66.14173228346456 placement.

386.2204724409449 1312.2047244094488 178.3464566929134 83.85826771653544 Cette
505.51181102362204 1312.2047244094488 276.37795275590554 83.85826771653544 nomination
722.8346456692914 1312.2047244094488 178.3464566929134 83.85826771653544 devra
840.9448818897638 1312.2047244094488 158.26771653543307 83.85826771653544 être
940.1574803149606 1312.2047244094488 237.4015748031496 83.85826771653544 ratifiée
1117.3228346456692 1312.2047244094488 158.26771653543307 83.85826771653544 dans
1216.5354330708662 1312.2047244094488 118.11023622047244 83.85826771653544 la
1256.6929133858268 1312.2047244094488 118.11023622047244 83.85826771653544 plus

337.79527559055117 1370.0787401574803 271.65354330708664 61.41732283464567 prochaine
546.8503937007874 1370.0787401574803 271.65354330708664 61.41732283464567 Assemblée
734.6456692913385 1370.0787401574803 229.13385826771653 61.41732283464567 générale.

614.1732283464567 1455.1181102362204 457.0866141732283 93.30708661417323 CHAPITRE
918.8976377952756 1455.1181102362204 152.36220472440945 93.30708661417323 8.

400.3937007874016 1562.5984251968505 372.0472440944882 82.67716535433071 Composition
709.8425196850394 1562.5984251968505 124.01574803149606 82.67716535433071 du
771.2598425196851 1562.5984251968505 165.35433070866142 82.67716535433071 Jury
875.1968503937007 1562.5984251968505 144.09448818897638 82.67716535433071 des
936.6141732283464 1562.5984251968505 372.0472440944882 82.67716535433071 Acquisitions

653.1496062992126 1619.291338582677 142.91338582677164 76.77165354330708 et
747.6377952755905 1619.291338582677 111.02362204724409 76.77165354330708 ses
796.0629921259842 1619.291338582677 253.93700787401573 76.77165354330708 fonctions.

724.0157480314961 1699.6062992125985 242.1259842519685 101.5748031496063 ARTICLE
878.7401574803149 1699.6062992125985 109.84251968503936 101.5748031496063 33.

382.6771653543307 1787.007874015748 150.0 74.40944881889764 Une
468.8976377952756 1787.007874015748 300.0 74.40944881889764 Commission
703.9370078740158 1787.007874015748 128.74015748031496 74.40944881889764 de
768.8976377952756 1787.007874015748 214.96062992125985 74.40944881889764 treize
918.8976377952756 1787.007874015748 257.4803149606299 74.40944881889764 Membres,
1112.5984251968505 1787.007874015748 150.0 74.40944881889764 non
1176.3779527559054 1787.007874015748 193.70078740157481 74.40944881889764 compris

335.43307086614175 1829.5275590551182 102.75590551181102 79.13385826771653 le
387.40157480314963 1829.5275590551182 240.9448818897638 79.13385826771653 Président,
576.3779527559055 1829.5275590551182 138.18897637795277 79.13385826771653 sera
662.5984251968504 1829.5275590551182 240.9448818897638 79.13385826771653 constituée
852.7559055118111 1829.5275590551182 138.18897637795277 79.13385826771653 sous
938.9763779527559 1829.5275590551182 102.75590551181102 79.13385826771653 le
989.7637795275591 1829.5275590551182 154.7244094488189 79.13385826771653 titre
1093.7007874015749 1829.5275590551182 120.4724409448819 79.13385826771653 de:
1145.6692913385828 1829.5275590551182 223.22834645669292 79.13385826771653 Jury

336.61417322834643 1889.763779527559 139.37007874015748 67.32283464566929 des
420.4724409448819 1889.763779527559 264.56692913385825 67.32283464566929 acquisitions

379.13385826771656 1938.1889763779527 185.43307086614172 73.22834645669292 Cette
501.9685039370079 1938.1889763779527 288.18897637795277 73.22834645669292 Commission
728.7401574803149 1938.1889763779527 124.01574803149606 73.22834645669292 se
790.1574803149606 1938.1889763779527 226.77165354330708 73.22834645669292 compose
955.511811023622 1938.1889763779527 124.01574803149606 73.22834645669292 du
1016.9291338582677 1938.1889763779527 268.1102362204724 73.22834645669292 Président
1223.6220472440946 1938.1889763779527 124.01574803149606 73.22834645669292 et
1264.9606299212599 1938.1889763779527 102.75590551181102 73.22834645669292 des

330.70866141732284 1999.6062992125985 147.63779527559055 57.874015748031496 six
415.748031496063 1999.6062992125985 232.6771653543307 57.874015748031496 Membres
584.6456692913385 1999.6062992125985 126.37795275590551 57.874015748031496 du
648.4251968503937 1999.6062992125985 232.6771653543307 57.874015748031496 Bureau,
817.3228346456693 1999.6062992125985 126.37795275590551 57.874015748031496 et
879.9212598425197 1999.6062992125985 126.37795275590551 57.874015748031496 de
943.7007874015748 1999.6062992125985 168.89763779527559 57.874015748031496 sept
1050.0 1999.6062992125985 211.41732283464566 57.874015748031496 autres
1176.3779527559054 1999.6062992125985 190.15748031496062 57.874015748031496 Membres

329.5275590551181 2045.6692913385828 206.69291338582678 67.32283464566929 nommés
474.8031496062992 2045.6692913385828 145.2755905511811 67.32283464566929 par
557.4803149606299 2045.6692913385828 124.01574803149606 67.32283464566929 M.
620.0787401574803 2045.6692913385828 124.01574803149606 67.32283464566929 le
681.496062992126 2045.6692913385828 206.69291338582678 67.32283464566929 Maire,
826.7716535433071 2045.6692913385828 124.01574803149606 67.32283464566929 et
889.3700787401575 2045.6692913385828 165.35433070866142 67.32283464566929 pris
992.1259842519685 2045.6692913385828 186.61417322834646 67.32283464566929 parmi
1117.3228346456692 2045.6692913385828 145.2755905511811 67.32283464566929 les
1178.740157480315 2045.6692913385828 186.61417322834646 67.32283464566929 Membres

312.99212598425197 2088.1889763779527 232.6771653543307 64.96062992125984 titulaires.
