1736.2204724409448 2725.984251968504
764.1732283464567 407.4803149606299 242.1259842519685 70.86614173228347 ARTICLE
918.8976377952756 407.4803149606299 109.84251968503936 70.86614173228347 34.

422.8346456692913 462.99212598425197 129.92125984251967 98.03149606299213 Le
487.79527559055117 462.99212598425197 281.1023622047244 98.03149606299213 Président
702.7559055118111 462.99212598425197 129.92125984251967 98.03149606299213 du
767.7165354330708 462.99212598425197 216.14173228346456 98.03149606299213 Bureau
918.8976377952756 462.99212598425197 281.1023622047244 98.03149606299213 présidera
1135.0393700787401 462.99212598425197 129.92125984251967 98.03149606299213 de
1200.0 462.99212598425197 194.88188976377953 98.03149606299213 droit
1308.6614173228347 462.99212598425197 107.48031496062993 98.03149606299213 les

372.0472440944882 512.5984251968504 220.86614173228347 79.13385826771653 séances
532.6771653543307 512.5984251968504 120.4724409448819 79.13385826771653 du
592.9133858267717 512.5984251968504 160.62992125984252 79.13385826771653 Jury
693.3070866141733 512.5984251968504 140.5511811023622 79.13385826771653 des
752.3622047244095 512.5984251968504 301.18110236220474 79.13385826771653 acquisitions.

760.6299212598425 574.0157480314961 242.1259842519685 76.77165354330708 ARTICLE
915.3543307086615 574.0157480314961 109.84251968503936 76.77165354330708 35.

418.1102362204724 624.8031496062993 124.01574803149606 94.48818897637796 Le
480.70866141732284 624.8031496062993 166.53543307086613 94.48818897637796 Jury
584.6456692913385 624.8031496062993 145.2755905511811 94.48818897637796 des
667.3228346456693 624.8031496062993 353.1496062992126 94.48818897637796 acquisitions,
957.8740157480315 624.8031496062993 145.2755905511811 94.48818897637796 qui
1041.732283464567 624.8031496062993 166.53543307086613 94.48818897637796 sera
1145.6692913385828 624.8031496062993 249.21259842519686 94.48818897637796 convoqué
1311.023622047244 624.8031496062993 103.93700787401575 94.48818897637796 par

372.0472440944882 676.7716535433071 132.28346456692913 76.77165354330708 les
447.6377952755906 676.7716535433071 170.07874015748033 76.77165354330708 soins
561.0236220472441 676.7716535433071 113.38582677165354 76.77165354330708 du
617.7165354330708 676.7716535433071 264.56692913385825 76.77165354330708 Président,
825.5905511811023 676.7716535433071 94.48818897637796 76.77165354330708 a
863.3858267716536 676.7716535433071 151.1811023622047 76.77165354330708 seul
957.8740157480315 676.7716535433071 113.38582677165354 76.77165354330708 le
1014.5669291338583 676.7716535433071 170.07874015748033 76.77165354330708 droit
1127.9527559055118 676.7716535433071 113.38582677165354 76.77165354330708 de
1184.6456692913387 676.7716535433071 226.77165354330708 76.77165354330708 traiter,
1335.8267716535433 676.7716535433071 75.59055118110236 76.77165354330708 au

369.68503937007875 737.007874015748 138.18897637795277 82.67716535433071 nom
448.81889763779526 737.007874015748 118.11023622047244 82.67716535433071 de
507.87401574803147 737.007874015748 118.11023622047244 82.67716535433071 la
566.9291338582677 737.007874015748 236.2204724409449 82.67716535433071 Société,
744.0944881889764 737.007874015748 157.08661417322836 82.67716535433071 avec
842.1259842519685 737.007874015748 138.18897637795277 82.67716535433071 les
921.2598425196851 737.007874015748 236.2204724409449 82.67716535433071 artistes
1098.4251968503936 737.007874015748 157.08661417322836 82.67716535433071 pour
1197.6377952755906 737.007874015748 216.14173228346456 82.67716535433071 l’achat
1334.6456692913387 737.007874015748 79.13385826771653 82.67716535433071 de

368.503937007874 779.5275590551181 181.88976377952756 74.40944881889764 leurs
468.8976377952756 779.5275590551181 222.04724409448818 74.40944881889764 ouvrages.

761.8110236220473 818.503937007874 242.1259842519685 86.22047244094489 ARTICLE
916.5354330708661 818.503937007874 109.84251968503936 86.22047244094489 36.

414.56692913385825 874.0157480314961 133.46456692913387 88.58267716535433 Le
481.8897637795276 874.0157480314961 177.16535433070865 88.58267716535433 Jury
591.7322834645669 874.0157480314961 133.46456692913387 88.58267716535433 ne
659.0551181102362 874.0157480314961 222.04724409448818 88.58267716535433 pourra
813.7795275590552 874.0157480314961 288.18897637795277 88.58267716535433 délibérer
1034.6456692913387 874.0157480314961 288.18897637795277 88.58267716535433 qu’autant
1256.6929133858268 874.0157480314961 154.7244094488189 88.58267716535433 que
1322.8346456692914 874.0157480314961 88.58267716535433 88.58267716535433 la

369.68503937007875 933.0708661417323 201.96850393700788 89.76377952755905 moitié
511.4173228346457 933.0708661417323 121.65354330708661 89.76377952755905 de
571.6535433070866 933.0708661417323 141.73228346456693 89.76377952755905 ses
651.9685039370079 933.0708661417323 222.04724409448818 89.76377952755905 Membres
813.7795275590552 933.0708661417323 161.81102362204723 89.76377952755905 sera
914.1732283464567 933.0708661417323 242.1259842519685 89.76377952755905 présente
1096.0629921259842 933.0708661417323 100.39370078740157 89.76377952755905 à
1136.2204724409448 933.0708661417323 121.65354330708661 89.76377952755905 la
1176.3779527559054 933.0708661417323 181.88976377952756 89.76377952755905 séance.

413.38582677165357 994.488188976378 203.1496062992126 80.31496062992126 Toutes
555.1181102362204 994.488188976378 141.73228346456693 80.31496062992126 les
636.6141732283464 994.488188976378 346.06299212598424 80.31496062992126 délibérations
921.2598425196851 994.488188976378 121.65354330708661 80.31496062992126 ne
982.6771653543307 994.488188976378 244.48818897637796 80.31496062992126 pourront
1165.748031496063 994.488188976378 162.99212598425197 80.31496062992126 être
1246.0629921259842 994.488188976378 162.99212598425197 80.31496062992126 prises

367.3228346456693 1037.007874015748 154.7244094488189 85.03937007874016 qu’à
462.99212598425197 1037.007874015748 115.74803149606299 85.03937007874016 la
522.0472440944882 1037.007874015748 231.49606299212599 85.03937007874016 majorité
695.6692913385826 1037.007874015748 135.82677165354332 85.03937007874016 des
772.4409448818898 1037.007874015748 154.7244094488189 85.03937007874016 voix
869.2913385826772 1037.007874015748 115.74803149606299 85.03937007874016 et
927.1653543307086 1037.007874015748 115.74803149606299 85.03937007874016 au
985.0393700787401 1037.007874015748 212.5984251968504 85.03937007874016 scrutin
1120.8661417322835 1037.007874015748 173.6220472440945 85.03937007874016 secret.

655.511811023622 1117.3228346456692 455.90551181102364 109.84251968503936 CHAPITRE
959.0551181102362 1117.3228346456692 152.36220472440945 109.84251968503936 9.

608.2677165354331 1215.3543307086613 331.8897637795276 92.1259842519685 <b>Assemblées
861.0236220472441 1215.3543307086613 311.81102362204723 92.1259842519685 générales.</b>

762.992125984252 1296.8503937007874 244.48818897637796 75.59055118110236 ARTICLE
918.8976377952756 1296.8503937007874 111.02362204724409 75.59055118110236 37.

418.1102362204724 1347.6377952755906 181.88976377952756 83.85826771653544 Après
539.7637795275591 1347.6377952755906 201.96850393700788 83.85826771653544 chaque
680.3149606299213 1347.6377952755906 303.54330708661416 83.85826771653544 Exposition,
923.6220472440945 1347.6377952755906 141.73228346456693 83.85826771653544 les
1003.9370078740158 1347.6377952755906 222.04724409448818 83.85826771653544 Membres
1145.6692913385828 1347.6377952755906 262.20472440944883 83.85826771653544 titulaires,

366.1417322834646 1403.1496062992126 148.8188976377953 64.96062992125984 sur
451.18110236220474 1403.1496062992126 127.55905511811024 64.96062992125984 la
514.9606299212599 1403.1496062992126 320.0787401574803 64.96062992125984 convocation
771.2598425196851 1403.1496062992126 127.55905511811024 64.96062992125984 du
835.0393700787401 1403.1496062992126 298.81889763779526 64.96062992125984 Président,
1068.8976377952756 1403.1496062992126 127.55905511811024 64.96062992125984 se
1132.6771653543308 1403.1496062992126 277.5590551181102 64.96062992125984 réuniront
1325.1968503937007 1403.1496062992126 85.03937007874016 64.96062992125984 en

367.3228346456693 1457.4803149606298 277.5590551181102 76.77165354330708 Assemblée
579.9212598425197 1457.4803149606298 256.2992125984252 76.77165354330708 générale
772.4409448818898 1457.4803149606298 170.07874015748033 76.77165354330708 pour
878.7401574803149 1457.4803149606298 256.2992125984252 76.77165354330708 entendre
1070.0787401574803 1457.4803149606298 127.55905511811024 76.77165354330708 et
1133.8582677165355 1457.4803149606298 277.5590551181102 76.77165354330708 approuver
1326.3779527559054 1457.4803149606298 85.03937007874016 76.77165354330708 le

367.3228346456693 1510.6299212598426 325.98425196850394 42.51968503937008 compte-rendu
631.8897637795276 1510.6299212598426 122.83464566929133 42.51968503937008 du
693.3070866141733 1510.6299212598426 265.748031496063 42.51968503937008 Tresorier
897.6377952755905 1510.6299212598426 122.83464566929133 42.51968503937008 de
959.0551181102362 1510.6299212598426 122.83464566929133 42.51968503937008 la
1020.4724409448819 1510.6299212598426 244.48818897637796 42.51968503937008 Société,
1203.5433070866143 1510.6299212598426 122.83464566929133 42.51968503937008 et
1244.8818897637796 1510.6299212598426 162.99212598425197 42.51968503937008 procé-

368.503937007874 1550.7874015748032 160.62992125984252 62.59842519685039 der,
468.8976377952756 1550.7874015748032 160.62992125984252 62.59842519685039 s’il
568.1102362204724 1550.7874015748032 100.39370078740157 62.59842519685039 y
608.2677165354331 1550.7874015748032 100.39370078740157 62.59842519685039 a
648.4251968503937 1550.7874015748032 179.5275590551181 62.59842519685039 lieu,
768.8976377952756 1550.7874015748032 120.4724409448819 62.59842519685039 au
829.1338582677165 1550.7874015748032 360.23622047244095 62.59842519685039 renouvellement
1129.1338582677165 1550.7874015748032 120.4724409448819 62.59842519685039 ou
1189.3700787401574 1550.7874015748032 120.4724409448819 62.59842519685039 au
1229.5275590551182 1550.7874015748032 179.5275590551181 62.59842519685039 rempla-

363.7795275590551 1601.5748031496064 226.77165354330708 60.23622047244095 cement
522.0472440944882 1601.5748031496064 158.26771653543307 60.23622047244095 des
612.992125984252 1601.5748031496064 249.21259842519686 60.23622047244095 Membres
793.7007874015748 1601.5748031496064 135.82677165354332 60.23622047244095 du
838.5826771653543 1601.5748031496064 204.33070866141733 60.23622047244095 Bureau.

413.38582677165357 1652.3622047244094 129.92125984251967 83.85826771653544 Un
478.34645669291336 1652.3622047244094 216.14173228346456 83.85826771653544 double
629.5275590551181 1652.3622047244094 129.92125984251967 83.85826771653544 du
693.3070866141733 1652.3622047244094 216.14173228346456 83.85826771653544 compte
844.488188976378 1652.3622047244094 129.92125984251967 83.85826771653544 du
909.4488188976378 1652.3622047244094 302.3622047244094 83.85826771653544 Trésorier,
1148.0314960629921 1652.3622047244094 258.66141732283467 83.85826771653544 approuvé
1320.4724409448818 1652.3622047244094 86.22047244094489 83.85826771653544 en

367.3228346456693 1700.7874015748032 264.56692913385825 75.59055118110236 Assemblée
570.4724409448819 1700.7874015748032 264.56692913385825 75.59055118110236 générale,
773.6220472440945 1700.7874015748032 162.99212598425197 75.59055118110236 sera
875.1968503937007 1700.7874015748032 183.0708661417323 75.59055118110236 remis
998.0314960629921 1700.7874015748032 101.5748031496063 75.59055118110236 à
1038.1889763779527 1700.7874015748032 121.65354330708661 75.59055118110236 M.
1099.6062992125985 1700.7874015748032 121.65354330708661 75.59055118110236 le
1139.763779527559 1700.7874015748032 162.99212598425197 75.59055118110236 Maire.

414.56692913385825 1761.023622047244 186.61417322834646 59.05511811023622 Cette
539.7637795275591 1761.023622047244 269.29133858267716 59.05511811023622 Assemblée
746.4566929133858 1761.023622047244 248.03149606299212 59.05511811023622 générale
933.0708661417323 1761.023622047244 186.61417322834646 59.05511811023622 devra
1057.0866141732283 1761.023622047244 186.61417322834646 59.05511811023622 être,
1181.1023622047244 1761.023622047244 206.69291338582678 59.05511811023622 autant
1305.1181102362204 1761.023622047244 103.93700787401575 59.05511811023622 que

367.3228346456693 1809.4488188976377 265.748031496063 66.14173228346456 possible,
571.6535433070866 1809.4488188976377 265.748031496063 66.14173228346456 convoquée
775.9842519685039 1809.4488188976377 162.99212598425197 66.14173228346456 dans
877.5590551181102 1809.4488188976377 142.91338582677164 66.14173228346456 les
959.0551181102362 1809.4488188976377 142.91338582677164 66.14173228346456 six
1041.732283464567 1809.4488188976377 162.99212598425197 66.14173228346456 mois
1143.3070866141732 1809.4488188976377 142.91338582677164 66.14173228346456 qui
1204.724409448819 1809.4488188976377 204.33070866141733 66.14173228346456 suivront

368.503937007874 1857.8740157480315 113.38582677165354 76.77165354330708 la
425.1968503937008 1857.8740157480315 206.69291338582678 76.77165354330708 clôture
575.1968503937007 1857.8740157480315 113.38582677165354 76.77165354330708 de
612.992125984252 1857.8740157480315 282.2834645669291 76.77165354330708 l’Exposition.

757.0866141732283 1908.6614173228347 243.30708661417322 75.59055118110236 ARTICLE
911.8110236220473 1908.6614173228347 111.02362204724409 75.59055118110236 38.

412.20472440944883 1980.708661417323 151.1811023622047 50.78740157480315 Les
498.4251968503937 1980.708661417323 281.1023622047244 50.78740157480315 décisions
714.5669291338583 1980.708661417323 151.1811023622047 50.78740157480315 des
800.7874015748032 1980.708661417323 302.3622047244094 50.78740157480315 Assemblées
1038.1889763779527 1980.708661417323 281.1023622047244 50.78740157480315 générales
1233.0708661417323 1980.708661417323 172.44094488188978 50.78740157480315 convo-

369.68503937007875 2035.0393700787401 184.251968503937 54.330708661417326 quées,
499.6062992125984 2035.0393700787401 165.35433070866142 54.330708661417326 comme
609.4488188976378 2035.0393700787401 111.02362204724409 54.330708661417326 il
664.9606299212599 2035.0393700787401 128.74015748031496 54.330708661417326 est
738.1889763779527 2035.0393700787401 128.74015748031496 54.330708661417326 dit
812.5984251968504 2035.0393700787401 147.63779527559055 54.330708661417326 sous
904.7244094488188 2035.0393700787401 184.251968503937 54.330708661417326 l’art.
1033.4645669291338 2035.0393700787401 128.74015748031496 54.330708661417326 30,
1106.6929133858268 2035.0393700787401 184.251968503937 54.330708661417326 seront
1217.716535433071 2035.0393700787401 184.251968503937 54.330708661417326 valables

364.96062992125985 2076.3779527559054 99.21259842519684 76.77165354330708 à
405.11811023622045 2076.3779527559054 118.11023622047244 76.77165354330708 la
464.1732283464567 2076.3779527559054 197.24409448818898 76.77165354330708 simple
602.3622047244095 2076.3779527559054 237.4015748031496 76.77165354330708 majorité
780.7086614173228 2076.3779527559054 138.18897637795277 76.77165354330708 des
859.8425196850394 2076.3779527559054 217.3228346456693 76.77165354330708 Membres
998.0314960629921 2076.3779527559054 217.3228346456693 76.77165354330708 présents.
