1470 2308
647 345 205 60 ARTICLE
778 345 93 60 34.

358 392 110 83 Le
413 392 238 83 Président
595 392 110 83 du
650 392 183 83 Bureau
778 392 238 83 présidera
961 392 110 83 de
1016 392 165 83 droit
1108 392 91 83 les

315 434 187 67 séances
451 434 102 67 du
502 434 136 67 Jury
587 434 119 67 des
637 434 255 67 acquisitions.

644 486 205 65 ARTICLE
775 486 93 65 35.

354 529 105 80 Le
407 529 141 80 Jury
495 529 123 80 des
565 529 299 80 acquisitions,
811 529 123 80 qui
882 529 141 80 sera
970 529 211 80 convoqué
1110 529 88 80 par

315 573 112 65 les
379 573 144 65 soins
475 573 96 65 du
523 573 224 65 Président,
699 573 80 65 a
731 573 128 65 seul
811 573 96 65 le
859 573 144 65 droit
955 573 96 65 de
1003 573 192 65 traiter,
1131 573 64 65 au

313 624 117 70 nom
380 624 100 70 de
430 624 100 70 la
480 624 200 70 Société,
630 624 133 70 avec
713 624 117 70 les
780 624 200 70 artistes
930 624 133 70 pour
1014 624 183 70 l’achat
1130 624 67 70 de

312 660 154 63 leurs
397 660 188 63 ouvrages.

645 693 205 73 ARTICLE
776 693 93 73 36.

351 740 113 75 Le
408 740 150 75 Jury
501 740 113 75 ne
558 740 188 75 pourra
689 740 244 75 délibérer
876 740 244 75 qu’autant
1064 740 131 75 que
1120 740 75 75 la

313 790 171 76 moitié
433 790 103 76 de
484 790 120 76 ses
552 790 188 76 Membres
689 790 137 76 sera
774 790 205 76 présente
928 790 85 76 à
962 790 103 76 la
996 790 154 76 séance.

350 842 172 68 Toutes
470 842 120 68 les
539 842 293 68 délibérations
780 842 103 68 ne
832 842 207 68 pourront
987 842 138 68 être
1055 842 138 68 prises

311 878 131 72 qu’à
392 878 98 72 la
442 878 196 72 majorité
589 878 115 72 des
654 878 131 72 voix
736 878 98 72 et
785 878 98 72 au
834 878 180 72 scrutin
949 878 147 72 secret.

555 946 386 93 CHAPITRE
812 946 129 93 9.

515 1029 281 78 <b>Assemblées
729 1029 264 78 générales.</b>

646 1098 207 64 ARTICLE
778 1098 94 64 37.

354 1141 154 71 Après
457 1141 171 71 chaque
576 1141 257 71 Exposition,
782 1141 120 71 les
850 1141 188 71 Membres
970 1141 222 71 titulaires,

310 1188 126 55 sur
382 1188 108 55 la
436 1188 271 55 convocation
653 1188 108 55 du
707 1188 253 55 Président,
905 1188 108 55 se
959 1188 235 55 réuniront
1122 1188 72 55 en

311 1234 235 65 Assemblée
491 1234 217 65 générale
654 1234 144 65 pour
744 1234 217 65 entendre
906 1234 108 65 et
960 1234 235 65 approuver
1123 1234 72 65 le

311 1279 276 36 compte-rendu
535 1279 104 36 du
587 1279 225 36 Tresorier
760 1279 104 36 de
812 1279 104 36 la
864 1279 207 36 Société,
1019 1279 104 36 et
1054 1279 138 36 procé-

312 1313 136 53 der,
397 1313 136 53 s’il
481 1313 85 53 y
515 1313 85 53 a
549 1313 152 53 lieu,
651 1313 102 53 au
702 1313 305 53 renouvellement
956 1313 102 53 ou
1007 1313 102 53 au
1041 1313 152 53 rempla-

308 1356 192 51 cement
442 1356 134 51 des
519 1356 211 51 Membres
672 1356 115 51 du
710 1356 173 51 Bureau.

350 1399 110 71 Un
405 1399 183 71 double
533 1399 110 71 du
587 1399 183 71 compte
715 1399 110 71 du
770 1399 256 71 Trésorier,
972 1399 219 71 approuvé
1118 1399 73 71 en

311 1440 224 64 Assemblée
483 1440 224 64 générale,
655 1440 138 64 sera
741 1440 155 64 remis
845 1440 86 64 à
879 1440 103 64 M.
931 1440 103 64 le
965 1440 138 64 Maire.

351 1491 158 50 Cette
457 1491 228 50 Assemblée
632 1491 210 50 générale
790 1491 158 50 devra
895 1491 158 50 être,
1000 1491 175 50 autant
1105 1491 88 50 que

311 1532 225 56 possible,
484 1532 225 56 convoquée
657 1532 138 56 dans
743 1532 121 56 les
812 1532 121 56 six
882 1532 138 56 mois
968 1532 121 56 qui
1020 1532 173 56 suivront

312 1573 96 65 la
360 1573 175 65 clôture
487 1573 96 65 de
519 1573 239 65 l’Exposition.

641 1616 206 64 ARTICLE
772 1616 94 64 38.

349 1677 128 43 Les
422 1677 238 43 décisions
605 1677 128 43 des
678 1677 256 43 Assemblées
879 1677 238 43 générales
1044 1677 146 43 convo-

313 1723 156 46 quées,
423 1723 140 46 comme
516 1723 94 46 il
563 1723 109 46 est
625 1723 109 46 dit
688 1723 125 46 sous
766 1723 156 46 l’art.
875 1723 109 46 30,
937 1723 156 46 seront
1031 1723 156 46 valables

309 1758 84 65 à
343 1758 100 65 la
393 1758 167 65 simple
510 1758 201 65 majorité
661 1758 117 65 des
728 1758 184 65 Membres
845 1758 184 65 présents.
