1707.8740157480315 2770.8661417322833
872.8346456692914 269.29133858267716 151.1811023622047 88.58267716535433 —
933.0708661417323 269.29133858267716 180.70866141732284 88.58267716535433 32
993.3070866141733 269.29133858267716 90.94488188976378 88.58267716535433 —

758.2677165354331 375.59055118110234 258.66141732283467 114.56692913385827 ANDRÉ
901.1811023622047 375.59055118110234 287.00787401574803 114.56692913385827 (Jules),

731.1023622047244 472.4409448818898 80.31496062992126 87.4015748031496 Né
771.2598425196851 472.4409448818898 66.14173228346456 87.4015748031496 à
797.2440944881889 472.4409448818898 133.46456692913387 87.4015748031496 Paris,
890.5511811023622 472.4409448818898 159.4488188976378 87.4015748031496 élève
1009.8425196850394 472.4409448818898 80.31496062992126 87.4015748031496 de
1037.007874015748 472.4409448818898 186.61417322834646 87.4015748031496 Watelet

571.6535433070866 513.7795275590552 213.7795275590551 111.02362204724409 Chevalier
735.8267716535433 513.7795275590552 98.03149606299213 111.02362204724409 de
785.4330708661417 513.7795275590552 98.03149606299213 111.02362204724409 la
833.8582677165355 513.7795275590552 164.17322834645668 111.02362204724409 Légion
949.6062992125984 513.7795275590552 230.31496062992127 111.02362204724409 d'honneur;
1130.3149606299212 513.7795275590552 131.10236220472441 111.02362204724409 hors
1195.275590551181 513.7795275590552 180.70866141732284 111.02362204724409 concours.

716.9291338582677 577.5590551181102 114.56692913385827 76.77165354330708 Rue
783.0708661417323 577.5590551181102 98.03149606299213 76.77165354330708 du
831.496062992126 577.5590551181102 147.63779527559055 76.77165354330708 Buis,
930.7086614173228 577.5590551181102 98.03149606299213 76.77165354330708 8,
963.7795275590552 577.5590551181102 262.20472440944883 76.77165354330708 Paris

500.78740157480314 621.2598425196851 128.74015748031496 98.03149606299213 3.
564.5669291338583 621.2598425196851 213.7795275590551 98.03149606299213 Moulin
714.5669291338583 621.2598425196851 107.48031496062993 98.03149606299213 à
757.0866141732283 621.2598425196851 213.7795275590551 98.03149606299213 Ségret
885.8267716535433 621.2598425196851 406.2992125984252 98.03149606299213 (Seine

499.6062992125984 687.4015748031496 126.37795275590551 103.93700787401575 4.
563.3858267716536 687.4015748031496 294.09448818897636 103.93700787401575 Embouchure
793.7007874015748 687.4015748031496 126.37795275590551 103.93700787401575 de
856.2992125984252 687.4015748031496 126.37795275590551 103.93700787401575 la
918.8976377952756 687.4015748031496 230.31496062992127 103.93700787401575 Gironde
1087.7952755905512 687.4015748031496 105.11811023622047 103.93700787401575 à
1129.1338582677165 687.4015748031496 188.9763779527559 103.93700787401575 Royan
1234.251968503937 687.4015748031496 251.5748031496063 103.93700787401575 (Charente

592.9133858267717 742.9133858267717 283.46456692913387 90.94488188976378 Inférieure).

650.7874015748032 976.7716535433071 315.3543307086614 100.39370078740157 ANTIGNA
851.5748031496063 976.7716535433071 401.5748031496063 100.39370078740157 (Alexandre),

623.6220472440945 1053.5433070866143 86.22047244094489 94.48818897637796 Né
666.1417322834645 1053.5433070866143 72.04724409448819 94.48818897637796 à
695.6692913385826 1053.5433070866143 173.6220472440945 94.48818897637796 Orléans,
825.5905511811023 1053.5433070866143 173.6220472440945 94.48818897637796 élève
955.511811023622 1053.5433070866143 86.22047244094489 94.48818897637796 de
999.2125984251968 1053.5433070866143 115.74803149606299 94.48818897637796 Paul
1055.9055118110236 1053.5433070866143 231.49606299212599 94.48818897637796 Delaroche

445.2755905511811 1097.244094488189 198.4251968503937 100.39370078740157 Médailles
598.8188976377953 1097.244094488189 92.1259842519685 100.39370078740157 de
643.7007874015748 1097.244094488189 107.48031496062993 100.39370078740157 3e,
705.1181102362204 1097.244094488189 92.1259842519685 100.39370078740157 2e
751.1811023622047 1097.244094488189 92.1259842519685 100.39370078740157 et
797.2440944881889 1097.244094488189 107.48031496062993 100.39370078740157 1re
858.6614173228346 1097.244094488189 168.89763779527559 100.39370078740157 classe,
980.3149606299213 1097.244094488189 76.77165354330708 100.39370078740157 à
1011.0236220472441 1097.244094488189 153.54330708661416 100.39370078740157 Paris,
1118.5039370078741 1097.244094488189 198.4251968503937 100.39370078740157 Chevalier
1272.0472440944882 1097.244094488189 92.1259842519685 100.39370078740157 de
1316.9291338582677 1097.244094488189 92.1259842519685 100.39370078740157 la
1347.6377952755906 1097.244094488189 122.83464566929133 100.39370078740157 Légion

718.1102362204724 1166.9291338582677 246.8503937007874 68.50393700787401 d’honneur;
912.992125984252 1166.9291338582677 141.73228346456693 68.50393700787401 hors
982.6771653543307 1166.9291338582677 194.88188976377953 68.50393700787401 concours.

764.1732283464567 1214.1732283464567 115.74803149606299 72.04724409448819 Rue
830.3149606299213 1214.1732283464567 183.0708661417323 72.04724409448819 Trézel,
963.7795275590552 1214.1732283464567 115.74803149606299 72.04724409448819 17,
1013.3858267716536 1214.1732283464567 132.28346456692913 72.04724409448819 Paris.

481.8897637795276 1246.0629921259842 129.92125984251967 89.76377952755905 5.
546.8503937007874 1246.0629921259842 259.84251968503935 89.76377952755905 L’Enfant
741.7322834645669 1246.0629921259842 129.92125984251967 89.76377952755905 et
806.6929133858267 1246.0629921259842 152.36220472440945 89.76377952755905 son
871.6535433070866 1246.0629921259842 173.6220472440945 89.76377952755905 Ombre.

481.8897637795276 1315.748031496063 124.01574803149606 77.95275590551181 6.
543.3070866141733 1315.748031496063 124.01574803149606 77.95275590551181 La
584.6456692913385 1315.748031496063 185.43307086614172 77.95275590551181 Sieste.

479.5275590551181 1373.6220472440946 119.29133858267717 80.31496062992126 7.
539.7637795275591 1373.6220472440946 158.26771653543307 80.31496062992126 Tête
638.9763779527559 1373.6220472440946 119.29133858267717 80.31496062992126 de
677.9527559055118 1373.6220472440946 238.58267716535434 80.31496062992126 fantaisie.

453.54330708661416 1600.3937007874015 591.7322834645669 125.19685039370079 ARMAND-DUMARESQ
920.0787401574803 1600.3937007874015 498.4251968503937 125.19685039370079 (Ch.

653.1496062992126 1692.5196850393702 86.22047244094489 85.03937007874016 Né
695.6692913385826 1692.5196850393702 72.04724409448819 85.03937007874016 à
725.1968503937007 1692.5196850393702 144.09448818897638 85.03937007874016 Paris,
825.5905511811023 1692.5196850393702 172.44094488188978 85.03937007874016 élève
954.3307086614174 1692.5196850393702 86.22047244094489 85.03937007874016 de
998.0314960629921 1692.5196850393702 86.22047244094489 85.03937007874016 M.
1026.3779527559054 1692.5196850393702 200.78740157480314 85.03937007874016 Couture

425.1968503937008 1742.1259842519685 219.68503937007873 128.74015748031496 Médailles
594.0944881889764 1742.1259842519685 152.36220472440945 128.74015748031496 1861,
695.6692913385826 1742.1259842519685 152.36220472440945 128.74015748031496 1863;
797.2440944881889 1742.1259842519685 219.68503937007873 128.74015748031496 Chevalier
966.1417322834645 1742.1259842519685 101.5748031496063 128.74015748031496 de
1016.9291338582677 1742.1259842519685 101.5748031496063 128.74015748031496 la
1067.716535433071 1742.1259842519685 168.89763779527559 128.74015748031496 Légion
1187.007874015748 1742.1259842519685 237.4015748031496 128.74015748031496 d'honneur;
1355.9055118110236 1742.1259842519685 101.5748031496063 128.74015748031496 hors

438.18897637795277 1797.6377952755906 193.70078740157481 67.32283464566929 concours.

724.0157480314961 1841.3385826771653 118.11023622047244 93.30708661417323 Rue
791.3385826771654 1841.3385826771653 101.5748031496063 93.30708661417323 de
842.1259842519685 1841.3385826771653 168.89763779527559 93.30708661417323 Laval,
960.2362204724409 1841.3385826771653 118.11023622047244 93.30708661417323 33,
1011.0236220472441 1841.3385826771653 135.82677165354332 93.30708661417323 Paris.

464.1732283464567 1905.1181102362204 118.11023622047244 101.5748031496063 8.
523.2283464566929 1905.1181102362204 118.11023622047244 101.5748031496063 Le
583.4645669291339 1905.1181102362204 197.24409448818898 101.5748031496063 Retour
721.6535433070866 1905.1181102362204 118.11023622047244 101.5748031496063 de
780.7086614173228 1905.1181102362204 178.3464566929134 101.5748031496063 l’île
878.7401574803149 1905.1181102362204 178.3464566929134 101.5748031496063 d’Elbe.

420.4724409448819 1958.267716535433 229.13385826771653 115.74803149606299 L’Empereur
601.1811023622047 1958.267716535433 212.5984251968504 115.74803149606299 rencontre
764.1732283464567 1958.267716535433 81.49606299212599 115.74803149606299 à
797.2440944881889 1958.267716535433 98.03149606299213 115.74803149606299 La
845.6692913385826 1958.267716535433 147.63779527559055 115.74803149606299 Mure,
943.7007874015748 1958.267716535433 131.10236220472441 115.74803149606299 près
1026.3779527559054 1958.267716535433 98.03149606299213 115.74803149606299 de
1074.8031496062993 1958.267716535433 196.06299212598427 115.74803149606299 Vizille,
1205.9055118110236 1958.267716535433 245.66929133858267 115.74803149606299 l'avant

455.90551181102364 2025.5905511811025 98.03149606299213 96.85039370078741 de
505.51181102362204 2025.5905511811025 179.5275590551181 96.85039370078741 l’armée
635.4330708661417 2025.5905511811025 179.5275590551181 96.85039370078741 envoyée
766.5354330708661 2025.5905511811025 131.10236220472441 96.85039370078741 pour
848.0314960629921 2025.5905511811025 229.13385826771653 96.85039370078741 l’arrêter;
1027.5590551181103 2025.5905511811025 81.49606299212599 96.85039370078741 7
1060.6299212598426 2025.5905511811025 131.10236220472441 96.85039370078741 mars
1125.5905511811025 2025.5905511811025 114.56692913385827 96.85039370078741 1815.
