1707.8740157480315 2770.8661417322833
638.9763779527559 353.1496062992126 419.29133858267716 103.93700787401575 BALFOURIER
937.7952755905512 353.1496062992126 360.23622047244095 103.93700787401575 (Adolphe),

507.87401574803147 433.46456692913387 90.94488188976378 79.13385826771653 Né
553.9370078740158 433.46456692913387 75.59055118110236 79.13385826771653 à
583.4645669291339 433.46456692913387 227.95275590551182 79.13385826771653 Montmorency
766.5354330708661 433.46456692913387 303.54330708661416 79.13385826771653 (Seine-et-Oise),
1025.1968503937007 433.46456692913387 181.88976377952756 79.13385826771653 élève
1161.023622047244 433.46456692913387 90.94488188976378 79.13385826771653 de
1207.0866141732283 433.46456692913387 90.94488188976378 79.13385826771653 M.
1237.7952755905512 433.46456692913387 197.24409448818898 79.13385826771653 Rémond

565.7480314960629 481.8897637795276 199.60629921259843 74.40944881889764 Médailles
719.2913385826772 481.8897637795276 138.18897637795277 74.40944881889764 d’or,
811.4173228346457 481.8897637795276 92.1259842519685 74.40944881889764 2e
857.4803149606299 481.8897637795276 92.1259842519685 74.40944881889764 et
903.5433070866142 481.8897637795276 92.1259842519685 74.40944881889764 3e
949.6062992125984 481.8897637795276 168.89763779527559 74.40944881889764 classe,
1073.6220472440946 481.8897637795276 153.54330708661416 74.40944881889764 Paris;
1181.1023622047244 481.8897637795276 122.83464566929133 74.40944881889764 hors
1242.5196850393702 481.8897637795276 168.89763779527559 74.40944881889764 concours.

780.7086614173228 543.3070866141733 118.11023622047244 66.14173228346456 Rue
848.0314960629921 543.3070866141733 203.1496062992126 66.14173228346456 Frochot,
1000.3937007874016 543.3070866141733 101.5748031496063 66.14173228346456 8,
1033.4645669291338 543.3070866141733 135.82677165354332 66.14173228346456 Paris.

474.8031496062992 584.6456692913385 148.8188976377953 93.30708661417323 15.
559.8425196850394 584.6456692913385 127.55905511811024 93.30708661417323 Le
623.6220472440945 584.6456692913385 212.5984251968504 93.30708661417323 Coudon
772.4409448818898 584.6456692913385 127.55905511811024 93.30708661417323 et
836.2204724409448 584.6456692913385 127.55905511811024 93.30708661417323 le
900.0 584.6456692913385 191.33858267716536 93.30708661417323 Cours
1027.5590551181103 584.6456692913385 127.55905511811024 93.30708661417323 du
1091.3385826771653 584.6456692913385 212.5984251968504 93.30708661417323 Gapeau
1218.8976377952756 584.6456692913385 170.07874015748033 93.30708661417323 (Var).

705.1181102362204 706.2992125984252 282.2834645669291 106.2992125984252 BALLIN
875.1968503937007 706.2992125984252 338.9763779527559 106.2992125984252 (Auguste),

568.1102362204724 788.9763779527559 88.58267716535433 80.31496062992126 Né
611.8110236220473 788.9763779527559 73.22834645669292 80.31496062992126 à
641.3385826771654 788.9763779527559 309.4488188976378 80.31496062992126 Boulogne-sur-Mer,
905.9055118110236 788.9763779527559 177.16535433070865 80.31496062992126 élève
1039.3700787401574 788.9763779527559 88.58267716535433 80.31496062992126 de
1083.0708661417323 788.9763779527559 88.58267716535433 80.31496062992126 M.
1126.7716535433071 788.9763779527559 132.28346456692913 80.31496062992126 Jules
1201.1811023622047 788.9763779527559 161.81102362204723 80.31496062992126 Noël

654.3307086614174 843.3070866141733 205.51181102362204 68.50393700787401 Médaille
809.0551181102362 843.3070866141733 102.75590551181102 68.50393700787401 de
861.0236220472441 843.3070866141733 188.9763779527559 68.50393700787401 bronze,
998.0314960629921 843.3070866141733 102.75590551181102 68.50393700787401 Le
1050.0 843.3070866141733 154.7244094488189 68.50393700787401 Havre
1135.0393700787401 843.3070866141733 120.4724409448819 68.50393700787401 1868.

668.503937007874 902.3622047244095 119.29133858267717 57.874015748031496 Rue
735.8267716535433 902.3622047244095 324.8031496062992 57.874015748031496 Sainte-Adresse,
1009.8425196850394 902.3622047244095 119.29133858267717 57.874015748031496 19,
1078.3464566929133 902.3622047244095 102.75590551181102 57.874015748031496 au
1112.5984251968505 902.3622047244095 137.00787401574803 57.874015748031496 Havre.

468.8976377952756 942.5196850393701 147.63779527559055 82.67716535433071 16.
552.7559055118111 942.5196850393701 210.23622047244095 82.67716535433071 Bateau
700.3937007874016 942.5196850393701 126.37795275590551 82.67716535433071 de
764.1732283464567 942.5196850393701 210.23622047244095 82.67716535433071 Pêche,
911.8110236220473 942.5196850393701 188.9763779527559 82.67716535433071 Lever
1038.1889763779527 942.5196850393701 126.37795275590551 82.67716535433071 de
1079.5275590551182 942.5196850393701 147.63779527559055 82.67716535433071 Lune.

464.1732283464567 1006.2992125984252 148.8188976377953 83.85826771653544 17.
549.2125984251968 1006.2992125984252 148.8188976377953 83.85826771653544 Vue
634.2519685039371 1006.2992125984252 127.55905511811024 83.85826771653544 de
696.8503937007874 1006.2992125984252 338.9763779527559 83.85826771653544 l’Avant-Port
973.2283464566929 1006.2992125984252 127.55905511811024 83.85826771653544 du
1014.5669291338583 1006.2992125984252 170.07874015748033 83.85826771653544 Havre.

478.34645669291336 1132.6771653543308 230.31496062992127 105.11811023622047 BECQ
622.4409448818898 1132.6771653543308 172.44094488188978 105.11811023622047 DE
708.6614173228346 1132.6771653543308 403.93700787401576 105.11811023622047 FOUQUIÈRES
1025.1968503937007 1132.6771653543308 230.31496062992127 105.11811023622047 (Mme
1140.9448818897638 1132.6771653543308 288.18897637795277 105.11811023622047 Louise),

673.2283464566929 1210.6299212598426 94.48818897637796 62.59842519685039 Née
726.3779527559055 1210.6299212598426 67.32283464566929 62.59842519685039 à
753.5433070866142 1210.6299212598426 134.64566929133858 62.59842519685039 Paris,
848.0314960629921 1210.6299212598426 161.81102362204723 62.59842519685039 élève
969.6850393700787 1210.6299212598426 174.8031496062992 62.59842519685039 d’Isidore
1090.1574803149606 1210.6299212598426 148.8188976377953 62.59842519685039 Pils

496.06299212598424 1256.6929133858268 216.14173228346456 85.03937007874016 Médailles
662.5984251968504 1256.6929133858268 99.21259842519684 85.03937007874016 de
712.2047244094488 1256.6929133858268 183.0708661417323 85.03937007874016 bronze,
844.488188976378 1256.6929133858268 150.0 85.03937007874016 Rouen
944.8818897637796 1256.6929133858268 150.0 85.03937007874016 1862,
1044.0944881889764 1256.6929133858268 216.14173228346456 85.03937007874016 d'argent,
1210.6299212598426 1256.6929133858268 150.0 85.03937007874016 Rouen
1293.3070866141732 1256.6929133858268 116.92913385826772 85.03937007874016 1864.

643.7007874015748 1315.748031496063 118.11023622047244 81.49606299212599 Rue
711.0236220472441 1315.748031496063 421.65354330708664 81.49606299212599 d’Anjou-Saint-Honoré,
1081.8897637795276 1315.748031496063 118.11023622047244 81.49606299212599 19,
1132.6771653543308 1315.748031496063 134.64566929133858 81.49606299212599 Paris.

462.99212598425197 1354.724409448819 144.09448818897638 95.66929133858268 18.
544.488188976378 1354.724409448819 124.01574803149606 95.66929133858268 Le
585.8267716535433 1354.724409448819 268.1102362204724 95.66929133858268 Bencdicite.

651.9685039370079 1466.9291338582677 367.3228346456693 98.03149606299213 BELLANGÉ
896.4566929133858 1466.9291338582677 336.61417322834643 98.03149606299213 (Eugène),

570.4724409448819 1551.9685039370079 85.03937007874016 72.04724409448819 Né
612.992125984252 1551.9685039370079 70.86614173228347 72.04724409448819 à
641.3385826771654 1551.9685039370079 142.91338582677164 72.04724409448819 Rouen,
741.7322834645669 1551.9685039370079 171.25984251968504 72.04724409448819 élève
869.2913385826772 1551.9685039370079 85.03937007874016 72.04724409448819 de
911.8110236220473 1551.9685039370079 99.21259842519684 72.04724409448819 feu
969.6850393700787 1551.9685039370079 99.21259842519684 72.04724409448819 son
1026.3779527559054 1551.9685039370079 113.38582677165354 72.04724409448819 père
1097.244094488189 1551.9685039370079 85.03937007874016 72.04724409448819 et
1139.763779527559 1551.9685039370079 85.03937007874016 72.04724409448819 de
1168.1102362204724 1551.9685039370079 171.25984251968504 72.04724409448819 Picot

480.70866141732284 1596.8503937007874 216.14173228346456 89.76377952755905 Médailles
647.2440944881889 1596.8503937007874 82.67716535433071 89.76377952755905 à
680.3149606299213 1596.8503937007874 166.53543307086613 89.76377952755905 Rouen,
796.0629921259842 1596.8503937007874 183.0708661417323 89.76377952755905 Nantes,
929.5275590551181 1596.8503937007874 99.21259842519684 89.76377952755905 Le
979.1338582677165 1596.8503937007874 166.53543307086613 89.76377952755905 Havre,
1096.0629921259842 1596.8503937007874 199.60629921259843 89.76377952755905 Boulogne
1244.8818897637796 1596.8503937007874 99.21259842519684 89.76377952755905 et
1277.9527559055118 1596.8503937007874 133.46456692913387 89.76377952755905 Porto.

729.9212598425197 1654.724409448819 121.65354330708661 66.14173228346456 Rue
799.6062992125984 1654.724409448819 103.93700787401575 66.14173228346456 de
851.5748031496063 1654.724409448819 173.6220472440945 66.14173228346456 Douai,
973.2283464566929 1654.724409448819 121.65354330708661 66.14173228346456 57,
1025.1968503937007 1654.724409448819 138.18897637795277 66.14173228346456 Paris.

454.7244094488189 1703.1496062992126 144.09448818897638 86.22047244094489 19.
536.2204724409448 1703.1496062992126 144.09448818897638 86.22047244094489 Vue
618.8976377952756 1703.1496062992126 124.01574803149606 86.22047244094489 du
680.3149606299213 1703.1496062992126 164.17322834645668 86.22047244094489 Port
783.0708661417323 1703.1496062992126 124.01574803149606 86.22047244094489 de
845.6692913385826 1703.1496062992126 432.2834645669291 86.22047244094489 Trouville-sur-Mer
1195.275590551181 1703.1496062992126 266.92913385826773 86.22047244094489 (Calvados).

448.81889763779526 1761.023622047244 139.37007874015748 87.4015748031496 20.
529.1338582677165 1761.023622047244 120.4724409448819 87.4015748031496 Un
588.1889763779527 1761.023622047244 199.60629921259843 87.4015748031496 Écarté
728.7401574803149 1761.023622047244 100.39370078740157 87.4015748031496 à
768.8976377952756 1761.023622047244 120.4724409448819 87.4015748031496 la
829.1338582677165 1761.023622047244 219.68503937007873 87.4015748031496 Cantine
968.503937007874 1761.023622047244 219.68503937007873 87.4015748031496 (Italie).

444.09448818897636 1829.5275590551182 145.2755905511811 79.13385826771653 21.
527.9527559055118 1829.5275590551182 227.95275590551182 79.13385826771653 Épisode
693.3070866141733 1829.5275590551182 124.01574803149606 79.13385826771653 de
755.9055118110236 1829.5275590551182 124.01574803149606 79.13385826771653 la
818.503937007874 1829.5275590551182 249.21259842519686 79.13385826771653 Bataille
1005.1181102362204 1829.5275590551182 124.01574803149606 79.13385826771653 de
1067.716535433071 1829.5275590551182 207.8740157480315 79.13385826771653 l’Alma
1191.732283464567 1829.5275590551182 207.8740157480315 79.13385826771653 (Crimée)

429.9212598425197 1888.5826771653544 187.79527559055117 61.41732283464567 Arrivant
570.4724409448819 1888.5826771653544 93.30708661417323 61.41732283464567 au
617.7165354330708 1888.5826771653544 172.44094488188978 61.41732283464567 secours
742.9133858267717 1888.5826771653544 109.84251968503936 61.41732283464567 des
805.511811023622 1888.5826771653544 187.79527559055117 61.41732283464567 Zouaves,
946.0629921259842 1888.5826771653544 93.30708661417323 61.41732283464567 le
993.3070866141733 1888.5826771653544 109.84251968503936 61.41732283464567 39e
1055.9055118110236 1888.5826771653544 93.30708661417323 61.41732283464567 de
1101.9685039370079 1888.5826771653544 140.5511811023622 61.41732283464567 Ligne
1196.4566929133857 1888.5826771653544 187.79527559055117 61.41732283464567 s’élance
1337.007874015748 1888.5826771653544 77.95275590551181 61.41732283464567 à
1352.3622047244094 1888.5826771653544 109.84251968503936 61.41732283464567 l’at-

462.99212598425197 1934.6456692913387 147.63779527559055 82.67716535433071 taque
561.0236220472441 1934.6456692913387 114.56692913385827 82.67716535433071 des
627.1653543307086 1934.6456692913387 196.06299212598427 82.67716535433071 hauteurs
773.6220472440945 1934.6456692913387 196.06299212598427 82.67716535433071 voisines
921.2598425196851 1934.6456692913387 98.03149606299213 82.67716535433071 du
969.6850393700787 1934.6456692913387 229.13385826771653 82.67716535433071 télégraphe
1149.2125984251968 1934.6456692913387 114.56692913385827 82.67716535433071 que
1215.3543307086613 1934.6456692913387 179.5275590551181 82.67716535433071 protége
1328.740157480315 1934.6456692913387 131.10236220472441 82.67716535433071 encore

464.1732283464567 1965.3543307086613 226.77165354330708 57.874015748031496 l’artillerie
634.2519685039371 1965.3543307086613 113.38582677165354 57.874015748031496 russe.

604.7244094488188 1987.7952755905512 197.24409448818898 103.93700787401575 (Tableau
753.5433070866142 1987.7952755905512 180.70866141732284 103.93700787401575 composé
884.6456692913385 1987.7952755905512 115.74803149606299 103.93700787401575 par
950.7874015748032 1987.7952755905512 115.74803149606299 103.93700787401575 feu
1016.9291338582677 1987.7952755905512 132.28346456692913 103.93700787401575 Hip.
1083.0708661417323 1987.7952755905512 197.24409448818898 103.93700787401575 Bellangé).
