1707.8740157480315 2770.8661417322833
820.8661417322835 265.748031496063 151.1811023622047 77.95275590551181 —
881.1023622047244 265.748031496063 180.70866141732284 77.95275590551181 36
941.3385826771654 265.748031496063 90.94488188976378 77.95275590551181 —

615.3543307086615 381.496062992126 440.5511811023622 95.66929133858268 BERTHÉLEMY
930.7086614173228 381.496062992126 314.1732283464567 95.66929133858268 (Emile),

514.9606299212599 467.7165354330709 89.76377952755905 75.59055118110236 Né
559.8425196850394 467.7165354330709 74.40944881889764 75.59055118110236 à
590.5511811023622 467.7165354330709 150.0 75.59055118110236 Rouen,
694.488188976378 467.7165354330709 179.5275590551181 75.59055118110236 élève
829.1338582677165 467.7165354330709 89.76377952755905 75.59055118110236 de
874.0157480314961 467.7165354330709 105.11811023622047 75.59055118110236 MM.
934.2519685039371 467.7165354330709 89.76377952755905 75.59055118110236 G.
979.1338582677165 467.7165354330709 134.64566929133858 75.59055118110236 Morin
1068.8976377952756 467.7165354330709 89.76377952755905 75.59055118110236 et
1113.7795275590552 467.7165354330709 89.76377952755905 75.59055118110236 L.
1144.4881889763778 467.7165354330709 209.0551181102362 75.59055118110236 Cogniet

419.29133858267716 518.503937007874 214.96062992125985 83.85826771653544 Médailles
584.6456692913385 518.503937007874 198.4251968503937 83.85826771653544 d’argent
733.4645669291339 518.503937007874 99.21259842519684 83.85826771653544 et
783.0708661417323 518.503937007874 99.21259842519684 83.85826771653544 de
832.6771653543307 518.503937007874 181.88976377952756 83.85826771653544 vermeil
966.1417322834645 518.503937007874 82.67716535433071 83.85826771653544 à
999.2125984251968 518.503937007874 214.96062992125985 83.85826771653544 Boulogne,
1164.5669291338584 518.503937007874 181.88976377952756 83.85826771653544 Amiens,
1280.3149606299212 518.503937007874 165.35433070866142 83.85826771653544 Alençon,

773.6220472440945 579.9212598425197 183.0708661417323 62.59842519685039 Rouen,
901.1811023622047 579.9212598425197 109.84251968503936 62.59842519685039 Le
937.7952755905512 579.9212598425197 146.45669291338584 62.59842519685039 Havre.

740.5511811023622 622.4409448818898 119.29133858267717 70.86614173228347 Rue
807.8740157480315 622.4409448818898 187.79527559055117 70.86614173228347 Berthe,
944.8818897637796 622.4409448818898 119.29133858267717 70.86614173228347 13,
995.6692913385826 622.4409448818898 135.82677165354332 70.86614173228347 Paris.

438.18897637795277 693.3070866141733 144.09448818897638 94.48818897637796 29.
519.6850393700787 693.3070866141733 245.66929133858267 94.48818897637796 Naufrage
703.9370078740158 693.3070866141733 122.83464566929133 94.48818897637796 de
766.5354330708661 693.3070866141733 369.68503937007875 94.48818897637796 l’Evening-Star
1073.6220472440946 693.3070866141733 144.09448818897638 94.48818897637796 (28
1156.2992125984251 693.3070866141733 164.17322834645668 94.48818897637796 oct.
1237.7952755905512 693.3070866141733 164.17322834645668 94.48818897637796 1868).

419.29133858267716 770.0787401574803 101.5748031496063 63.77952755905512 Le
470.0787401574803 770.0787401574803 168.89763779527559 63.77952755905512 navire
588.1889763779527 770.0787401574803 134.64566929133858 63.77952755905512 sans
672.0472440944882 770.0787401574803 252.75590551181102 63.77952755905512 gouvernail,
874.0157480314961 770.0787401574803 134.64566929133858 63.77952755905512 sans
959.0551181102362 770.0787401574803 152.36220472440945 63.77952755905512 mâts,
1059.4488188976377 770.0787401574803 134.64566929133858 63.77952755905512 sans
1144.4881889763778 770.0787401574803 185.43307086614172 63.77952755905512 vapeur,
1279.1338582677165 770.0787401574803 168.89763779527559 63.77952755905512 devint
1380.708661417323 770.0787401574803 67.32283464566929 63.77952755905512 le

450.0 814.9606299212599 144.09448818897638 66.14173228346456 jouet
546.8503937007874 814.9606299212599 144.09448818897638 66.14173228346456 d’une
642.5196850393701 814.9606299212599 256.2992125984252 66.14173228346456 épouvantable
851.5748031496063 814.9606299212599 192.51968503937007 66.14173228346456 tempête.
995.6692913385826 814.9606299212599 80.31496062992126 66.14173228346456 A
1027.5590551181103 814.9606299212599 112.20472440944881 66.14173228346456 six
1091.3385826771653 814.9606299212599 175.98425196850394 66.14173228346456 heures,
1220.0787401574803 814.9606299212599 95.66929133858268 66.14173228346456 il
1268.5039370078741 814.9606299212599 160.62992125984252 66.14173228346456 sembla
1364.1732283464567 814.9606299212599 80.31496062992126 66.14173228346456 que

450.0 872.8346456692914 175.98425196850394 61.41732283464567 l’Océan
578.7401574803149 872.8346456692914 95.66929133858268 61.41732283464567 se
627.1653543307086 872.8346456692914 207.8740157480315 61.41732283464567 soulevait
786.6141732283464 872.8346456692914 95.66929133858268 61.41732283464567 en
835.0393700787401 872.8346456692914 112.20472440944881 61.41732283464567 une
898.8188976377953 872.8346456692914 144.09448818897638 61.41732283464567 seule
995.6692913385826 872.8346456692914 175.98425196850394 61.41732283464567 vague..
1124.4094488188975 872.8346456692914 160.62992125984252 61.41732283464567 .....,
1236.6141732283465 872.8346456692914 95.66929133858268 61.41732283464567 le
1283.8582677165355 872.8346456692914 160.62992125984252 61.41732283464567 navire
1380.708661417323 872.8346456692914 63.77952755905512 61.41732283464567 se

452.3622047244094 917.7165354330708 178.3464566929134 85.03937007874016 coucha,
582.2834645669292 917.7165354330708 194.88188976377953 85.03937007874016 l’énorme
727.5590551181102 917.7165354330708 194.88188976377953 85.03937007874016 montagne
874.0157480314961 917.7165354330708 145.2755905511811 85.03937007874016 d’eau
970.8661417322835 917.7165354330708 291.73228346456693 85.03937007874016 s’écroula.....
1214.1732283464567 917.7165354330708 178.3464566929134 85.03937007874016 C’était
1327.5590551181103 917.7165354330708 113.38582677165354 85.03937007874016 fini.

437.00787401574803 986.2204724409448 141.73228346456693 92.1259842519685 30.
517.3228346456693 986.2204724409448 141.73228346456693 92.1259842519685 Une
598.8188976377953 986.2204724409448 222.04724409448818 92.1259842519685 Matinée
760.6299212598425 986.2204724409448 141.73228346456693 92.1259842519685 sur
840.9448818897638 986.2204724409448 141.73228346456693 92.1259842519685 les
921.2598425196851 986.2204724409448 181.88976377952756 92.1259842519685 Dunes
1042.9133858267717 986.2204724409448 101.5748031496063 92.1259842519685 à
1062.992125984252 986.2204724409448 383.8582677165354 92.1259842519685 Bernières

546.8503937007874 1045.275590551181 289.37007874015745 87.4015748031496 (Calvados).

648.4251968503937 1244.8818897637796 318.8976377952756 100.39370078740157 BERTHON
850.3937007874016 1244.8818897637796 347.244094488189 100.39370078740157 (Nicolas),

602.3622047244095 1333.4645669291338 87.4015748031496 93.30708661417323 Né
646.0629921259842 1333.4645669291338 73.22834645669292 93.30708661417323 à
674.4094488188977 1333.4645669291338 145.2755905511811 93.30708661417323 Paris,
777.1653543307086 1333.4645669291338 174.8031496062992 93.30708661417323 élève
908.2677165354331 1333.4645669291338 87.4015748031496 93.30708661417323 de
951.9685039370079 1333.4645669291338 87.4015748031496 93.30708661417323 M.
995.6692913385826 1333.4645669291338 116.92913385826772 93.30708661417323 Léon
1053.5433070866143 1333.4645669291338 204.33070866141733 93.30708661417323 Cogniet

734.6456692913385 1383.0708661417323 219.68503937007873 72.04724409448819 Médlaille,
907.0866141732283 1383.0708661417323 140.5511811023622 72.04724409448819 Paris
1000.3937007874016 1383.0708661417323 140.5511811023622 72.04724409448819 1866.
1079.5275590551182 1383.0708661417323 77.95275590551181 72.04724409448819 Ex.

737.007874015748 1439.763779527559 118.11023622047244 86.22047244094489 Rue
804.3307086614174 1439.763779527559 185.43307086614172 86.22047244094489 Turgot,
938.9763779527559 1439.763779527559 118.11023622047244 86.22047244094489 23,
989.7637795275591 1439.763779527559 134.64566929133858 86.22047244094489 Paris.

431.1023622047244 1489.3700787401574 147.63779527559055 111.02362204724409 31.
516.1417322834645 1489.3700787401574 126.37795275590551 111.02362204724409 La
578.7401574803149 1489.3700787401574 232.6771653543307 111.02362204724409 Prière,
747.6377952755905 1489.3700787401574 253.93700787401573 111.02362204724409 souvenir
916.5354330708661 1489.3700787401574 275.1968503937008 111.02362204724409 d’Auvergne.

578.7401574803149 1742.1259842519685 351.9685039370079 100.39370078740157 BESENVAL
843.3070866141733 1742.1259842519685 351.9685039370079 100.39370078740157 (Léopold
1077.1653543307086 1742.1259842519685 175.98425196850394 100.39370078740157 de),

594.0944881889764 1831.8897637795276 82.67716535433071 79.13385826771653 Né
635.4330708661417 1831.8897637795276 68.50393700787401 79.13385826771653 à
663.7795275590552 1831.8897637795276 151.1811023622047 79.13385826771653 Soleure
773.6220472440945 1831.8897637795276 179.5275590551181 79.13385826771653 (Suisse),
911.8110236220473 1831.8897637795276 165.35433070866142 79.13385826771653 élève
1035.8267716535433 1831.8897637795276 82.67716535433071 79.13385826771653 de
1062.992125984252 1831.8897637795276 193.70078740157481 79.13385826771653 Chartet

698.0314960629921 1893.3070866141732 116.92913385826772 79.13385826771653 Rue
764.1732283464567 1893.3070866141732 100.39370078740157 79.13385826771653 de
814.9606299212599 1893.3070866141732 199.60629921259843 79.13385826771653 Navarin,
964.9606299212599 1893.3070866141732 116.92913385826772 79.13385826771653 21,
1014.5669291338583 1893.3070866141732 133.46456692913387 79.13385826771653 Paris.

426.37795275590554 1952.3622047244094 154.7244094488189 77.95275590551181 32.
514.9606299212599 1952.3622047244094 133.46456692913387 77.95275590551181 La
559.8425196850394 1952.3622047244094 265.748031496063 77.95275590551181 Rencontre.

428.74015748031496 2016.1417322834645 148.8188976377953 83.85826771653544 33.
513.7795275590552 2016.1417322834645 212.5984251968504 83.85826771653544 Départ
662.5984251968504 2016.1417322834645 170.07874015748033 83.85826771653544 pour
767.7165354330708 2016.1417322834645 127.55905511811024 83.85826771653544 la
810.2362204724409 2016.1417322834645 191.33858267716536 83.85826771653544 Chasse.
