1736.2204724409448 2725.984251968504
754.7244094488188 266.92913385826773 150.0 85.03937007874016 —
813.7795275590552 266.92913385826773 179.5275590551181 85.03937007874016 41
874.0157480314961 266.92913385826773 89.76377952755905 85.03937007874016 —

530.3149606299213 389.76377952755905 263.38582677165357 83.85826771653544 BUREAU
687.4015748031496 389.76377952755905 500.78740157480314 83.85826771653544 (Pierre

762.992125984252 471.25984251968504 105.11811023622047 68.50393700787401 Né
816.1417322834645 471.25984251968504 87.4015748031496 68.50393700787401 à
832.6771653543307 471.25984251968504 140.5511811023622 68.50393700787401 Paris.

628.3464566929134 522.0472440944882 120.4724409448819 70.86614173228347 Rue
698.0314960629921 522.0472440944882 102.75590551181102 70.86614173228347 de
748.8188976377953 522.0472440944882 206.69291338582678 70.86614173228347 Turenne,
904.7244094488188 522.0472440944882 120.4724409448819 70.86614173228347 59,
955.511811023622 522.0472440944882 138.18897637795277 70.86614173228347 Paris.

370.86614173228344 576.3779527559055 142.91338582677164 81.49606299212599 61.
452.3622047244094 576.3779527559055 184.251968503937 81.49606299212599 Clair
575.1968503937007 576.3779527559055 122.83464566929133 81.49606299212599 de
636.6141732283464 576.3779527559055 184.251968503937 81.49606299212599 Lune,
758.2677165354331 576.3779527559055 184.251968503937 81.49606299212599 Bords
881.1023622047244 576.3779527559055 122.83464566929133 81.49606299212599 de
942.5196850393701 576.3779527559055 224.40944881889763 81.49606299212599 l’Oise,
1085.4330708661416 576.3779527559055 245.66929133858267 81.49606299212599 Isle

372.0472440944882 647.2440944881889 141.73228346456693 72.04724409448819 62.
452.3622047244094 647.2440944881889 242.1259842519685 72.04724409448819 Souvenir
634.2519685039371 647.2440944881889 120.4724409448819 72.04724409448819 de
694.488188976378 647.2440944881889 120.4724409448819 72.04724409448819 la
754.7244094488188 647.2440944881889 181.88976377952756 72.04724409448819 Seine
876.3779527559055 647.2440944881889 100.39370078740157 72.04724409448819 à
916.5354330708661 647.2440944881889 181.88976377952756 72.04724409448819 Rouen
1038.1889763779527 647.2440944881889 201.96850393700788 72.04724409448819 (effet
1178.740157480315 647.2440944881889 120.4724409448819 72.04724409448819 du
1218.8976377952756 647.2440944881889 161.81102362204723 72.04724409448819 soir).

367.3228346456693 709.8425196850394 159.4488188976378 77.95275590551181 63.
458.26771653543307 709.8425196850394 137.00787401574803 77.95275590551181 Un
526.7716535433071 709.8425196850394 227.95275590551182 77.95275590551181 Chemin
686.2204724409448 709.8425196850394 114.56692913385827 77.95275590551181 à
709.8425196850394 709.8425196850394 296.45669291338584 77.95275590551181 Valmondois.

400.3937007874016 872.8346456692914 308.26771653543307 122.83464566929133 BUTTURA
596.4566929133858 872.8346456692914 727.5590551181102 122.83464566929133 (Antoine

444.09448818897636 981.496062992126 93.30708661417323 66.14173228346456 Né
490.15748031496065 981.496062992126 77.95275590551181 66.14173228346456 à
520.8661417322835 981.496062992126 154.7244094488189 66.14173228346456 Paris,
629.5275590551181 981.496062992126 185.43307086614172 66.14173228346456 élève
768.8976377952756 981.496062992126 93.30708661417323 66.14173228346456 de
816.1417322834645 981.496062992126 108.66141732283465 66.14173228346456 MM.
877.5590551181102 981.496062992126 200.78740157480314 66.14173228346456 Biennoury
1032.283464566929 981.496062992126 93.30708661417323 66.14173228346456 et
1062.992125984252 981.496062992126 217.3228346456693 66.14173228346456 Barrias

496.06299212598424 1033.4645669291338 120.4724409448819 61.41732283464567 Rue
565.7480314960629 1033.4645669291338 103.93700787401575 61.41732283464567 du
617.7165354330708 1033.4645669291338 206.69291338582678 61.41732283464567 Faubourg
772.4409448818898 1033.4645669291338 292.9133858267717 61.41732283464567 Poissonnière,
1013.3858267716536 1033.4645669291338 120.4724409448819 61.41732283464567 54,
1083.0708661417323 1033.4645669291338 86.22047244094489 61.41732283464567 à
1099.6062992125985 1033.4645669291338 138.18897637795277 61.41732283464567 Paris,

612.992125984252 1085.4330708661416 99.21259842519684 79.13385826771653 et
662.5984251968504 1085.4330708661416 82.67716535433071 79.13385826771653 à
695.6692913385826 1085.4330708661416 164.17322834645668 79.13385826771653 Cannes
793.7007874015748 1085.4330708661416 329.5275590551181 79.13385826771653 (Alpes

374.40944881889766 1142.1259842519685 141.73228346456693 98.03149606299213 64.
454.7244094488189 1142.1259842519685 141.73228346456693 98.03149606299213 Vue
536.2204724409448 1142.1259842519685 121.65354330708661 98.03149606299213 de
596.4566929133858 1142.1259842519685 121.65354330708661 98.03149606299213 la
657.8740157480315 1142.1259842519685 181.88976377952756 98.03149606299213 ville
778.3464566929134 1142.1259842519685 121.65354330708661 98.03149606299213 de
839.7637795275591 1142.1259842519685 222.04724409448818 98.03149606299213 Cannes,
1001.5748031496063 1142.1259842519685 201.96850393700788 98.03149606299213 (prise
1143.3070866141732 1142.1259842519685 121.65354330708661 98.03149606299213 de
1203.5433070866143 1142.1259842519685 121.65354330708661 98.03149606299213 la
1243.7007874015749 1142.1259842519685 141.73228346456693 98.03149606299213 Croi

499.6062992125984 1214.1732283464567 177.16535433070865 73.22834645669292 sette).

472.4409448818898 1375.984251968504 289.37007874015745 107.48031496062993 BYLANET
682.6771653543307 1375.984251968504 184.251968503937 107.48031496062993 (le
787.7952755905512 1375.984251968504 236.2204724409449 107.48031496062993 comte
944.8818897637796 1375.984251968504 262.20472440944883 107.48031496062993 Alfred
1103.1496062992126 1375.984251968504 157.08661417322836 107.48031496062993 de),

557.4803149606299 1469.291338582677 174.8031496062992 68.50393700787401 Elève
688.5826771653543 1469.291338582677 87.4015748031496 68.50393700787401 de
732.2834645669292 1469.291338582677 87.4015748031496 68.50393700787401 B.
775.9842519685039 1469.291338582677 87.4015748031496 68.50393700787401 C.
819.6850393700787 1469.291338582677 174.8031496062992 68.50393700787401 Koekkvek
950.7874015748032 1469.291338582677 87.4015748031496 68.50393700787401 de
980.3149606299213 1469.291338582677 188.9763779527559 68.50393700787401 Clèves

590.5511811023622 1534.251968503937 210.23622047244095 74.40944881889764 Médailles
752.3622047244095 1534.251968503937 80.31496062992126 74.40944881889764 à
785.4330708661417 1534.251968503937 193.70078740157481 74.40944881889764 Orléans,
930.7086614173228 1534.251968503937 80.31496062992126 74.40944881889764 à
947.2440944881889 1534.251968503937 193.70078740157481 74.40944881889764 Bruxelles.

373.2283464566929 1587.4015748031495 146.45669291338584 70.86614173228347 65.
457.0866141732283 1587.4015748031495 250.39370078740157 70.86614173228347 Moutons,
644.8818897637796 1587.4015748031495 271.65354330708664 70.86614173228347 (souvenir
832.6771653543307 1587.4015748031495 250.39370078740157 70.86614173228347 d’Écosse).

581.1023622047244 1759.8425196850394 268.1102362204724 92.1259842519685 CAILLE
768.8976377952756 1759.8425196850394 240.9448818897638 92.1259842519685 (Mlle
903.5433070866142 1759.8425196850394 240.9448818897638 92.1259842519685 Fanny),

669.6850393700787 1829.5275590551182 164.17322834645668 89.76377952755905 Elève
793.7007874015748 1829.5275590551182 82.67716535433071 89.76377952755905 de
835.0393700787401 1829.5275590551182 82.67716535433071 89.76377952755905 M.
862.2047244094488 1829.5275590551182 191.33858267716536 89.76377952755905 Chaplin

657.8740157480315 1901.5748031496064 121.65354330708661 68.50393700787401 Rue
727.5590551181102 1901.5748031496064 103.93700787401575 68.50393700787401 de
779.5275590551181 1901.5748031496064 155.90551181102362 68.50393700787401 Rome,
883.4645669291339 1901.5748031496064 121.65354330708661 68.50393700787401 73,
935.4330708661417 1901.5748031496064 139.37007874015748 68.50393700787401 Paris.

374.40944881889766 1957.0866141732283 145.2755905511811 82.67716535433071 66.
458.26771653543307 1957.0866141732283 290.5511811023622 82.67716535433071 Baigneuse,
686.2204724409448 1957.0866141732283 249.21259842519686 82.67716535433071 (faïence
852.7559055118111 1957.0866141732283 227.95275590551182 82.67716535433071 camaieu).

377.9527559055118 2027.9527559055118 141.73228346456693 77.95275590551181 67.
459.4488188976378 2027.9527559055118 121.65354330708661 77.95275590551181 La
519.6850393700787 2027.9527559055118 263.38582677165357 77.95275590551181 Peinture,
702.7559055118111 2027.9527559055118 304.7244094488189 77.95275590551181 (porcelaine).
