1707.8740157480315 2770.8661417322833
798.4251968503937 333.07086614173227 150.0 85.03937007874016 —
857.4803149606299 333.07086614173227 179.5275590551181 85.03937007874016 54
917.7165354330708 333.07086614173227 89.76377952755905 85.03937007874016 —

609.4488188976378 442.9133858267717 322.4409448818898 99.21259842519684 GERMAIN
814.9606299212599 442.9133858267717 380.31496062992125 99.21259842519684 (Théodule),

650.7874015748032 525.5905511811023 81.49606299212599 77.95275590551181 Né
690.9448818897638 525.5905511811023 67.32283464566929 77.95275590551181 à
718.1102362204724 525.5905511811023 135.82677165354332 77.95275590551181 Paris,
812.5984251968504 525.5905511811023 162.99212598425197 77.95275590551181 élève
935.4330708661417 525.5905511811023 81.49606299212599 77.95275590551181 de
975.5905511811023 525.5905511811023 81.49606299212599 77.95275590551181 M.
1002.7559055118111 525.5905511811023 162.99212598425197 77.95275590551181 Ribot

485.43307086614175 579.9212598425197 113.38582677165354 96.85039370078741 Rue
550.3937007874016 579.9212598425197 309.4488188976378 96.85039370078741 Pierre-Guyenne,
811.4173228346457 579.9212598425197 98.03149606299213 96.85039370078741 2,
859.8425196850394 579.9212598425197 81.49606299212599 96.85039370078741 à
891.7322834645669 579.9212598425197 227.95275590551182 96.85039370078741 Argenteuil
1054.724409448819 579.9212598425197 292.9133858267717 96.85039370078741 (Seine

388.5826771653543 637.7952755905512 177.16535433070865 88.58267716535433 152.
499.6062992125984 637.7952755905512 222.04724409448818 88.58267716535433 Nature
633.0708661417323 637.7952755905512 177.16535433070865 88.58267716535433 morte.

670.8661417322835 788.9763779527559 274.01574803149606 107.48031496062993 GIRARD
835.0393700787401 788.9763779527559 301.18110236220474 107.48031496062993 (Albert),

597.6377952755905 890.5511811023622 89.76377952755905 59.05511811023622 Né
642.5196850393701 890.5511811023622 74.40944881889764 59.05511811023622 à
673.2283464566929 890.5511811023622 150.0 59.05511811023622 Paris,
777.1653543307086 890.5511811023622 179.5275590551181 59.05511811023622 élève
912.992125984252 890.5511811023622 89.76377952755905 59.05511811023622 de
957.8740157480315 890.5511811023622 89.76377952755905 59.05511811023622 H.
987.4015748031496 890.5511811023622 224.40944881889763 59.05511811023622 Flandrin

625.9842519685039 938.9763779527559 116.92913385826772 85.03937007874016 1er
692.1259842519685 938.9763779527559 150.0 85.03937007874016 grand
792.5196850393701 938.9763779527559 133.46456692913387 85.03937007874016 prix
875.1968503937007 938.9763779527559 100.39370078740157 85.03937007874016 de
925.9842519685039 938.9763779527559 150.0 85.03937007874016 Rome,
1025.1968503937007 938.9763779527559 150.0 85.03937007874016 1861.
1109.0551181102362 938.9763779527559 82.67716535433071 85.03937007874016 Ex.

696.8503937007874 994.488188976378 122.83464566929133 57.874015748031496 Rue
767.7165354330708 994.488188976378 105.11811023622047 57.874015748031496 de
819.6850393700787 994.488188976378 158.26771653543307 57.874015748031496 Rome,
925.9842519685039 994.488188976378 122.83464566929133 57.874015748031496 50,
979.1338582677165 994.488188976378 140.5511811023622 57.874015748031496 Paris.

390.9448818897638 1029.9212598425197 175.98425196850394 93.30708661417323 153.
501.9685039370079 1029.9212598425197 264.56692913385825 93.30708661417323 Pâturage
699.2125984251968 1029.9212598425197 132.28346456692913 93.30708661417323 de
765.3543307086615 1029.9212598425197 242.1259842519685 93.30708661417323 Chevaux
941.3385826771654 1029.9212598425197 132.28346456692913 93.30708661417323 au
1007.4803149606299 1029.9212598425197 175.98425196850394 93.30708661417323 bord
1117.3228346456692 1029.9212598425197 132.28346456692913 93.30708661417323 de
1183.4645669291338 1029.9212598425197 132.28346456692913 93.30708661417323 la
1249.6062992125985 1029.9212598425197 175.98425196850394 93.30708661417323 Mer,
1337.007874015748 1029.9212598425197 88.58267716535433 93.30708661417323 en

529.1338582677165 1103.1496062992126 283.46456692913387 77.95275590551181 Normandie.

390.9448818897638 1156.2992125984251 175.98425196850394 80.31496062992126 154.
501.9685039370079 1156.2992125984251 287.00787401574803 80.31496062992126 Labourage
721.6535433070866 1156.2992125984251 132.28346456692913 80.31496062992126 en
766.5354330708661 1156.2992125984251 242.1259842519685 80.31496062992126 Touraine.

390.9448818897638 1228.3464566929133 165.35433070866142 85.03937007874016 155.
494.88188976377955 1228.3464566929133 206.69291338582678 85.03937007874016 Femmes
640.1574803149606 1228.3464566929133 124.01574803149606 85.03937007874016 de
702.7559055118111 1228.3464566929133 227.95275590551182 85.03937007874016 Cervara
868.1102362204724 1228.3464566929133 206.69291338582678 85.03937007874016 allant
1013.3858267716536 1228.3464566929133 103.93700787401575 85.03937007874016 à
1054.724409448819 1228.3464566929133 124.01574803149606 85.03937007874016 la
1096.0629921259842 1228.3464566929133 227.95275590551182 85.03937007874016 fontaine.

651.9685039370079 1390.1574803149606 361.4173228346457 105.11811023622047 GIRARDET
892.9133858267717 1390.1574803149606 271.65354330708664 105.11811023622047 (Karl),

510.23622047244095 1481.1023622047244 86.22047244094489 72.04724409448819 Né
552.7559055118111 1481.1023622047244 72.04724409448819 72.04724409448819 à
582.2834645669292 1481.1023622047244 187.79527559055117 72.04724409448819 Neuchâtel
726.3779527559055 1481.1023622047244 187.79527559055117 72.04724409448819 (Suisse),
870.4724409448819 1481.1023622047244 172.44094488188978 72.04724409448819 élève
1000.3937007874016 1481.1023622047244 86.22047244094489 72.04724409448819 de
1042.9133858267717 1481.1023622047244 86.22047244094489 72.04724409448819 M.
1086.6141732283465 1481.1023622047244 86.22047244094489 72.04724409448819 L.
1114.9606299212599 1481.1023622047244 201.96850393700788 72.04724409448819 Cogniet

779.5275590551181 1540.1574803149606 141.73228346456693 57.874015748031496 Hois
850.3937007874016 1540.1574803149606 194.88188976377953 57.874015748031496 concours.

728.7401574803149 1587.4015748031495 118.11023622047244 81.49606299212599 Rue
796.0629921259842 1587.4015748031495 168.89763779527559 81.49606299212599 Breda,
914.1732283464567 1587.4015748031495 118.11023622047244 81.49606299212599 30,
964.9606299212599 1587.4015748031495 135.82677165354332 81.49606299212599 Paris.

389.76377952755905 1634.6456692913387 185.43307086614172 92.1259842519685 156.
483.07086614173227 1634.6456692913387 231.49606299212599 92.1259842519685 Paysage.

569.2913385826772 1784.6456692913387 285.8267716535433 112.20472440944881 GISLAIN
751.1811023622047 1784.6456692913387 492.5196850393701 112.20472440944881 (Pierre

542.1259842519685 1888.5826771653544 87.4015748031496 67.32283464566929 Né
585.8267716535433 1888.5826771653544 73.22834645669292 67.32283464566929 à
615.3543307086615 1888.5826771653544 116.92913385826772 67.32283464566929 Trun
688.5826771653543 1888.5826771653544 160.62992125984252 67.32283464566929 (Orne),
805.511811023622 1888.5826771653544 175.98425196850394 67.32283464566929 élève
936.6141732283464 1888.5826771653544 87.4015748031496 67.32283464566929 de
981.496062992126 1888.5826771653544 132.28346456692913 67.32283464566929 Court
1068.8976377952756 1888.5826771653544 87.4015748031496 67.32283464566929 et
1098.4251968503936 1888.5826771653544 190.15748031496062 67.32283464566929 d'Yvon

399.21259842519686 1933.4645669291338 216.14173228346456 79.13385826771653 Médailles
564.5669291338583 1933.4645669291338 99.21259842519684 79.13385826771653 de
615.3543307086615 1933.4645669291338 183.0708661417323 79.13385826771653 bronze,
747.6377952755905 1933.4645669291338 216.14173228346456 79.13385826771653 Saint-Lô,
912.992125984252 1933.4645669291338 148.8188976377953 79.13385826771653 1867,
1013.3858267716536 1933.4645669291338 216.14173228346456 79.13385826771653 d’argent,
1178.740157480315 1933.4645669291338 199.60629921259843 79.13385826771653 Alençon,
1312.2047244094488 1933.4645669291338 115.74803149606299 79.13385826771653 1865.

798.4251968503937 1994.8818897637796 93.30708661417323 64.96062992125984 A
817.3228346456693 1994.8818897637796 205.51181102362204 64.96062992125984 Argentan.

396.8503937007874 2044.4881889763778 155.90551181102362 76.77165354330708 157.
493.7007874015748 2044.4881889763778 233.85826771653544 76.77165354330708 Portrait
668.503937007874 2044.4881889763778 116.92913385826772 76.77165354330708 de
727.5590551181102 2044.4881889763778 116.92913385826772 76.77165354330708 M.
785.4330708661417 2044.4881889763778 194.88188976377953 76.77165354330708 l’abbé
922.4409448818898 2044.4881889763778 213.7795275590551 76.77165354330708 Corbin,
1077.1653543307086 2044.4881889763778 233.85826771653544 76.77165354330708 chanoine
1253.1496062992126 2044.4881889763778 116.92913385826772 76.77165354330708 de
1292.1259842519685 2044.4881889763778 135.82677165354332 76.77165354330708 Sécz.

394.48818897637796 2109.448818897638 168.89763779527559 88.58267716535433 158.
500.78740157480314 2109.448818897638 253.93700787401573 88.58267716535433 Portrait
690.9448818897638 2109.448818897638 126.37795275590551 88.58267716535433 de
753.5433070866142 2109.448818897638 126.37795275590551 88.58267716535433 M.
817.3228346456693 2109.448818897638 211.41732283464566 88.58267716535433 Lebouc
964.9606299212599 2109.448818897638 211.41732283464566 88.58267716535433 ancien
1092.5196850393702 2109.448818897638 168.89763779527559 88.58267716535433 avoué.
