1736.2204724409448 2725.984251968504
673.2283464566929 285.8267716535433 150.0 90.94488188976378 —
732.2834645669292 285.8267716535433 179.5275590551181 90.94488188976378 55
792.5196850393701 285.8267716535433 89.76377952755905 90.94488188976378 —

467.7165354330709 398.0314960629921 283.46456692913387 88.58267716535433 GOUPIL
637.7952755905512 398.0314960629921 453.54330708661416 88.58267716535433 (Léon

392.12598425196853 492.5196850393701 88.58267716535433 56.69291338582677 Né
435.8267716535433 492.5196850393701 73.22834645669292 56.69291338582677 à
465.3543307086614 492.5196850393701 147.63779527559055 56.69291338582677 Paris,
568.1102362204724 492.5196850393701 177.16535433070865 56.69291338582677 élève
700.3937007874016 492.5196850393701 88.58267716535433 56.69291338582677 de
745.2755905511812 492.5196850393701 132.28346456692913 56.69291338582677 Henry
833.8582677165355 492.5196850393701 88.58267716535433 56.69291338582677 et
877.5590551181102 492.5196850393701 88.58267716535433 56.69291338582677 de
922.4409448818898 492.5196850393701 102.75590551181102 56.69291338582677 Ary
966.1417322834645 492.5196850393701 220.86614173228347 56.69291338582677 Scheffer

347.244094488189 555.1181102362204 187.79527559055117 60.23622047244095 Mention
483.07086614173227 555.1181102362204 238.58267716535434 60.23622047244095 honorable,
669.6850393700787 555.1181102362204 170.07874015748033 60.23622047244095 Rouen,
788.9763779527559 555.1181102362204 153.54330708661416 60.23622047244095 1859;
891.7322834645669 555.1181102362204 204.33070866141733 60.23622047244095 médaille
1044.0944881889764 555.1181102362204 101.5748031496063 60.23622047244095 de
1078.3464566929133 555.1181102362204 153.54330708661416 60.23622047244095 bronze,

649.6062992125984 597.6377952755905 105.11811023622047 61.41732283464567 le
702.7559055118111 597.6377952755905 174.8031496062992 61.41732283464567 Havre,
806.6929133858267 597.6377952755905 122.83464566929133 61.41732283464567 1868.

578.7401574803149 643.7007874015748 118.11023622047244 77.95275590551181 Rue
646.0629921259842 643.7007874015748 101.5748031496063 77.95275590551181 de
696.8503937007874 643.7007874015748 168.89763779527559 77.95275590551181 Douai,
813.7795275590552 643.7007874015748 118.11023622047244 77.95275590551181 22,
864.5669291338583 643.7007874015748 134.64566929133858 77.95275590551181 Paris.

275.1968503937008 707.4803149606299 157.08661417322836 96.85039370078741 159.
373.2283464566929 707.4803149606299 118.11023622047244 96.85039370078741 La
432.2834645669291 707.4803149606299 196.06299212598427 96.85039370078741 sortie
570.4724409448819 707.4803149606299 118.11023622047244 96.85039370078741 de
609.4488188976378 707.4803149606299 235.03937007874015 96.85039370078741 l’Hôpital.

366.1417322834646 966.1417322834645 393.3070866141732 105.11811023622047 GRANDJEAN
638.9763779527559 966.1417322834645 575.1968503937007 105.11811023622047 (Edmond

395.6692913385827 1079.5275590551182 88.58267716535433 73.22834645669292 Né
440.5511811023622 1079.5275590551182 74.40944881889764 73.22834645669292 à
470.0787401574803 1079.5275590551182 147.63779527559055 73.22834645669292 Paris,
574.0157480314961 1079.5275590551182 177.16535433070865 73.22834645669292 élève
706.2992125984252 1079.5275590551182 88.58267716535433 73.22834645669292 de
751.1811023622047 1079.5275590551182 103.93700787401575 73.22834645669292 MM.
810.2362204724409 1079.5275590551182 133.46456692913387 73.22834645669292 Pils,
898.8188976377953 1079.5275590551182 118.11023622047244 73.22834645669292 Vvon
972.0472440944882 1079.5275590551182 88.58267716535433 73.22834645669292 et
1001.5748031496063 1079.5275590551182 192.51968503937007 73.22834645669292 Signol

481.8897637795276 1131.4960629921259 116.92913385826772 72.04724409448819 Rue
548.0314960629921 1131.4960629921259 333.07086614173227 72.04724409448819 Saint-Hippolyte,
831.496062992126 1131.4960629921259 116.92913385826772 72.04724409448819 22,
881.1023622047244 1131.4960629921259 232.6771653543307 72.04724409448819 Passy

284.6456692913386 1195.275590551181 158.26771653543307 70.86614173228347 160.
383.8582677165354 1195.275590551181 256.2992125984252 70.86614173228347 Intérieur
561.0236220472441 1195.275590551181 217.3228346456693 70.86614173228347 d’écurie.

276.37795275590554 1269.6850393700788 173.6220472440945 68.50393700787401 161.
383.8582677165354 1269.6850393700788 129.92125984251967 68.50393700787401 Le
450.0 1269.6850393700788 282.2834645669291 68.50393700787401 Labourage
666.1417322834645 1269.6850393700788 173.6220472440945 68.50393700787401 dans
774.8031496062993 1269.6850393700788 129.92125984251967 68.50393700787401 la
818.503937007874 1269.6850393700788 194.88188976377953 68.50393700787401 Vendée.

517.3228346456693 1534.251968503937 290.5511811023622 99.21259842519684 GROBON
692.1259842519685 1534.251968503937 376.7716535433071 99.21259842519684 (Frédéric),

341.33858267716533 1612.2047244094488 93.30708661417323 87.4015748031496 Né
387.40157480314963 1612.2047244094488 77.95275590551181 87.4015748031496 à
419.29133858267716 1612.2047244094488 140.5511811023622 87.4015748031496 Lyon,
512.5984251968504 1612.2047244094488 187.79527559055117 87.4015748031496 élève
653.1496062992126 1612.2047244094488 93.30708661417323 87.4015748031496 de
700.3937007874016 1612.2047244094488 171.25984251968504 87.4015748031496 l'Ecole
825.5905511811023 1612.2047244094488 109.84251968503936 87.4015748031496 des
888.1889763779527 1612.2047244094488 218.50393700787401 87.4015748031496 Beaux-Arts
1059.4488188976377 1612.2047244094488 93.30708661417323 87.4015748031496 de
1091.3385826771653 1612.2047244094488 171.25984251968504 87.4015748031496 Lyon

575.1968503937007 1677.1653543307086 124.01574803149606 72.04724409448819 de
657.8740157480315 1677.1653543307086 179.5275590551181 72.04724409448819 Bonnefond
796.0629921259842 1677.1653543307086 82.67716535433071 72.04724409448819 et
837.4015748031496 1677.1653543307086 82.67716535433071 72.04724409448819 de
865.7480314960629 1677.1653543307086 165.35433070866142 72.04724409448819 Orsel

394.48818897637796 1710.236220472441 224.40944881889763 88.58267716535433 Médailles
568.1102362204724 1710.236220472441 190.15748031496062 88.58267716535433 bronze,
706.2992125984252 1710.236220472441 172.44094488188978 88.58267716535433 Rouen,
826.7716535433071 1710.236220472441 155.90551181102362 88.58267716535433 1858,
930.7086614173228 1710.236220472441 224.40944881889763 88.58267716535433 Besançon,
1086.6141732283465 1710.236220472441 120.4724409448819 88.58267716535433 1860.

577.5590551181102 1776.3779527559054 118.11023622047244 72.04724409448819 Rue
644.8818897637796 1776.3779527559054 100.39370078740157 72.04724409448819 de
694.488188976378 1776.3779527559054 185.43307086614172 72.04724409448819 Vanves,
829.1338582677165 1776.3779527559054 118.11023622047244 72.04724409448819 46,
879.9212598425197 1776.3779527559054 134.64566929133858 72.04724409448819 Paris.

283.46456692913387 1836.6141732283465 161.81102362204723 90.94488188976378 162.
385.03937007874015 1836.6141732283465 141.73228346456693 90.94488188976378 Vue
465.3543307086614 1836.6141732283465 121.65354330708661 90.94488188976378 de
526.7716535433071 1836.6141732283465 121.65354330708661 90.94488188976378 la
587.007874015748 1836.6141732283465 181.88976377952756 90.94488188976378 ville
708.6614173228346 1836.6141732283465 121.65354330708661 90.94488188976378 de
770.0787401574803 1836.6141732283465 303.54330708661416 90.94488188976378 Saint-Mâlo,
1013.3858267716536 1836.6141732283465 181.88976377952756 90.94488188976378 prise
1135.0393700787401 1836.6141732283465 121.65354330708661 90.94488188976378 du
1175.1968503937007 1836.6141732283465 141.73228346456693 90.94488188976378 grand

448.81889763779526 1893.3070866141732 181.88976377952756 82.67716535433071 port,
570.4724409448819 1893.3070866141732 101.5748031496063 82.67716535433071 à
610.6299212598425 1893.3070866141732 181.88976377952756 82.67716535433071 marée
711.0236220472441 1893.3070866141732 161.81102362204723 82.67716535433071 basse.

282.2834645669291 1937.007874015748 145.2755905511811 83.85826771653544 163
366.1417322834646 1937.007874015748 145.2755905511811 83.85826771653544 Vue
448.81889763779526 1937.007874015748 125.19685039370079 83.85826771653544 de
511.4173228346457 1937.007874015748 290.5511811023622 83.85826771653544 Saint-Mâlo
740.5511811023622 1937.007874015748 186.61417322834646 83.85826771653544 prise
864.5669291338583 1937.007874015748 125.19685039370079 83.85826771653544 de
927.1653543307086 1937.007874015748 125.19685039370079 83.85826771653544 la
989.7637795275591 1937.007874015748 186.61417322834646 83.85826771653544 plage
1114.9606299212599 1937.007874015748 125.19685039370079 83.85826771653544 de
1156.2992125984251 1937.007874015748 145.2755905511811 83.85826771653544 Saint

426.37795275590554 2007.8740157480315 200.78740157480314 67.32283464566929 Servan.

278.74015748031496 2050.3937007874015 175.98425196850394 95.66929133858268 164.
388.5826771653543 2050.3937007874015 153.54330708661416 95.66929133858268 Vue
477.1653543307087 2050.3937007874015 131.10236220472441 95.66929133858268 du
542.1259842519685 2050.3937007874015 329.5275590551181 95.66929133858268 Bas-Meudon,
805.511811023622 2050.3937007874015 175.98425196850394 95.66929133858268 près
892.9133858267717 2050.3937007874015 175.98425196850394 95.66929133858268 Paris.
