1707.8740157480315 2770.8661417322833
662.5984251968504 418.1102362204724 301.18110236220474 101.5748031496063 HERSON
842.1259842519685 418.1102362204724 301.18110236220474 101.5748031496063 (Emile),

651.9685039370079 507.87401574803147 82.67716535433071 80.31496062992126 Né
693.3070866141733 507.87401574803147 69.68503937007874 80.31496062992126 à
721.6535433070866 507.87401574803147 138.18897637795277 80.31496062992126 Paris,
818.503937007874 507.87401574803147 166.53543307086613 80.31496062992126 élève
942.5196850393701 507.87401574803147 82.67716535433071 80.31496062992126 de
985.0393700787401 507.87401574803147 82.67716535433071 80.31496062992126 M.
1012.2047244094488 507.87401574803147 152.36220472440945 80.31496062992126 Diaz

610.6299212598425 566.9291338582677 220.86614173228347 72.04724409448819 Médaille
777.1653543307086 566.9291338582677 239.76377952755905 72.04724409448819 d'argent,
960.2362204724409 566.9291338582677 184.251968503937 72.04724409448819 Rouen,
1071.259842519685 566.9291338582677 128.74015748031496 72.04724409448819 1841.

688.5826771653543 623.6220472440945 115.74803149606299 67.32283464566929 Rue
754.7244094488188 623.6220472440945 99.21259842519684 67.32283464566929 du
804.3307086614174 623.6220472440945 198.4251968503937 67.32283464566929 Sentier,
951.9685039370079 623.6220472440945 115.74803149606299 67.32283464566929 26,
1001.5748031496063 623.6220472440945 132.28346456692913 67.32283464566929 Paris.

390.9448818897638 666.1417322834645 161.81102362204723 109.84251968503936 179.
492.5196850393701 666.1417322834645 141.73228346456693 109.84251968503936 Vue
572.8346456692914 666.1417322834645 183.0708661417323 109.84251968503936 prise
695.6692913385826 666.1417322834645 101.5748031496063 109.84251968503936 à
735.8267716535433 666.1417322834645 263.38582677165357 109.84251968503936 Barbison,
938.9763779527559 666.1417322834645 183.0708661417323 109.84251968503936 forêt
1060.6299212598426 666.1417322834645 121.65354330708661 109.84251968503936 de
1100.7874015748032 666.1417322834645 304.7244094488189 109.84251968503936 Fontainebleau

644.8818897637796 870.4724409448819 300.0 98.03149606299213 HUGARD
824.4094488188977 870.4724409448819 330.70866141732284 98.03149606299213 (Claude),

542.1259842519685 955.511811023622 86.22047244094489 72.04724409448819 Né
584.6456692913385 955.511811023622 72.04724409448819 72.04724409448819 à
614.1732283464567 955.511811023622 144.09448818897638 72.04724409448819 Cluses
714.5669291338583 955.511811023622 272.8346456692913 72.04724409448819 (Haute-Savoie),
943.7007874015748 955.511811023622 172.44094488188978 72.04724409448819 élève
1073.6220472440946 955.511811023622 86.22047244094489 72.04724409448819 de
1101.9685039370079 955.511811023622 172.44094488188978 72.04724409448819 Diday

497.244094488189 1008.6614173228346 252.75590551181102 72.04724409448819 Médailles,
695.6692913385826 1008.6614173228346 180.70866141732284 72.04724409448819 Paris,
822.0472440944882 1008.6614173228346 162.99212598425197 72.04724409448819 1844,
930.7086614173228 1008.6614173228346 162.99212598425197 72.04724409448819 1846;
1039.3700787401574 1008.6614173228346 145.2755905511811 72.04724409448819 hors
1112.5984251968505 1008.6614173228346 199.60629921259843 72.04724409448819 concours.

389.76377952755905 1067.716535433071 161.81102362204723 79.13385826771653 180.
491.33858267716533 1067.716535433071 121.65354330708661 79.13385826771653 Le
551.5748031496063 1067.716535433071 161.81102362204723 79.13385826771653 soir
653.1496062992126 1067.716535433071 161.81102362204723 79.13385826771653 dans
753.5433070866142 1067.716535433071 121.65354330708661 79.13385826771653 la
814.9606299212599 1067.716535433071 201.96850393700788 79.13385826771653 Vallée
956.6929133858267 1067.716535433071 121.65354330708661 79.13385826771653 de
996.8503937007874 1067.716535433071 161.81102362204723 79.13385826771653 Sixte.

389.76377952755905 1127.9527559055118 160.62992125984252 85.03937007874016 181.
490.15748031496065 1127.9527559055118 181.88976377952756 85.03937007874016 Effet
611.8110236220473 1127.9527559055118 120.4724409448819 85.03937007874016 de
672.0472440944882 1127.9527559055118 160.62992125984252 85.03937007874016 Lune
772.4409448818898 1127.9527559055118 140.5511811023622 85.03937007874016 sur
852.7559055118111 1127.9527559055118 120.4724409448819 85.03937007874016 la
914.1732283464567 1127.9527559055118 242.1259842519685 85.03937007874016 Toucque,
1094.8818897637796 1127.9527559055118 160.62992125984252 85.03937007874016 près
1175.1968503937007 1127.9527559055118 222.04724409448818 85.03937007874016 Trouville

602.3622047244095 1295.6692913385828 357.87401574803147 129.92125984251967 HURAULT
863.3858267716536 1295.6692913385828 194.88188976377953 129.92125984251967 DE
928.3464566929134 1295.6692913385828 259.84251968503935 129.92125984251967 LIGNY,

790.1574803149606 1410.236220472441 113.38582677165354 61.41732283464567 Né
846.8503937007874 1410.236220472441 94.48818897637796 61.41732283464567 à
865.7480314960629 1410.236220472441 151.1811023622047 61.41732283464567 Rouen.

643.7007874015748 1452.755905511811 114.56692913385827 74.40944881889764 Rue
709.8425196850394 1452.755905511811 98.03149606299213 74.40944881889764 de
758.2677165354331 1452.755905511811 295.2755905511811 74.40944881889764 l’Impératrice,
1005.1181102362204 1452.755905511811 98.03149606299213 74.40944881889764 2,
1038.1889763779527 1452.755905511811 131.10236220472441 74.40944881889764 Rouen.

387.40157480314963 1509.4488188976377 173.6220472440945 80.31496062992126 182.
494.88188976377955 1509.4488188976377 259.84251968503935 80.31496062992126 Souvenir
689.7637795275591 1509.4488188976377 151.1811023622047 80.31496062992126 des
754.7244094488188 1509.4488188976377 238.58267716535434 80.31496062992126 Pyrénées.

956.6929133858267 1580.3149606299212 159.4488188976378 92.1259842519685 (Voir
1075.984251968504 1580.3149606299212 93.30708661417323 92.1259842519685 aux
1116.1417322834645 1580.3149606299212 198.4251968503937 92.1259842519685 dessins)

513.7795275590552 1753.9370078740158 437.00787401574803 113.38582677165354 JANET-LANGE
833.8582677165355 1753.9370078740158 437.00787401574803 113.38582677165354 (Ange

441.73228346456693 1854.3307086614172 90.94488188976378 69.68503937007874 Né
487.79527559055117 1854.3307086614172 75.59055118110236 69.68503937007874 à
517.3228346456693 1854.3307086614172 151.1811023622047 69.68503937007874 Paris,
622.4409448818898 1854.3307086614172 180.70866141732284 69.68503937007874 élève
758.2677165354331 1854.3307086614172 90.94488188976378 69.68503937007874 de
803.1496062992126 1854.3307086614172 151.1811023622047 69.68503937007874 Horace
909.4488188976378 1854.3307086614172 151.1811023622047 69.68503937007874 Vernet
1014.5669291338583 1854.3307086614172 90.94488188976378 69.68503937007874 et
1059.4488188976377 1854.3307086614172 90.94488188976378 69.68503937007874 de
1104.3307086614172 1854.3307086614172 90.94488188976378 69.68503937007874 M.
1150.3937007874015 1854.3307086614172 90.94488188976378 69.68503937007874 A.
1179.9212598425197 1854.3307086614172 180.70866141732284 69.68503937007874 Colin

454.7244094488189 1915.748031496063 243.30708661417322 59.05511811023622 Médailles,
646.0629921259842 1915.748031496063 173.6220472440945 59.05511811023622 Paris,
767.7165354330708 1915.748031496063 155.90551181102362 59.05511811023622 1859;
871.6535433070866 1915.748031496063 155.90551181102362 59.05511811023622 Lyon,
975.5905511811023 1915.748031496063 155.90551181102362 59.05511811023622 1862;
1079.5275590551182 1915.748031496063 207.8740157480315 59.05511811023622 médaille
1217.716535433071 1915.748031496063 121.65354330708661 59.05511811023622 d'or,

501.9685039370079 1965.3543307086613 167.71653543307087 57.874015748031496 Rouen,
618.8976377952756 1965.3543307086613 151.1811023622047 57.874015748031496 1862;
720.4724409448819 1965.3543307086613 184.251968503937 57.874015748031496 rappel,
853.9370078740158 1965.3543307086613 151.1811023622047 57.874015748031496 1864;
955.511811023622 1965.3543307086613 100.39370078740157 57.874015748031496 le
1005.1181102362204 1965.3543307086613 167.71653543307087 57.874015748031496 Havre,
1123.2283464566929 1965.3543307086613 151.1811023622047 57.874015748031496 1868.
1207.0866141732283 1965.3543307086613 83.85826771653544 57.874015748031496 Ex.

700.3937007874016 2014.9606299212599 114.56692913385827 63.77952755905512 Rue
766.5354330708661 2014.9606299212599 196.06299212598427 63.77952755905512 d’Enfer,
912.992125984252 2014.9606299212599 114.56692913385827 63.77952755905512 77,
962.5984251968504 2014.9606299212599 131.10236220472441 63.77952755905512 Paris.

379.13385826771656 2068.1102362204724 170.07874015748033 80.31496062992126 183.
485.43307086614175 2068.1102362204724 148.8188976377953 80.31496062992126 Les
570.4724409448819 2068.1102362204724 317.7165354330709 80.31496062992126 Pourvoyeurs
824.4094488188977 2068.1102362204724 127.55905511811024 80.31496062992126 de
888.1889763779527 2068.1102362204724 127.55905511811024 80.31496062992126 la
930.7086614173228 2068.1102362204724 211.41732283464566 80.31496062992126 Cantine.
