1736.2204724409448 2725.984251968504
767.7165354330708 263.38582677165357 145.2755905511811 68.50393700787401 —
796.0629921259842 263.38582677165357 115.74803149606299 68.50393700787401 61

719.2913385826772 369.68503937007875 229.13385826771653 93.30708661417323 LAYS
833.8582677165355 369.68503937007875 199.60629921259843 93.30708661417323 (J.),

415.748031496063 444.09448818897636 89.76377952755905 80.31496062992126 Né
460.62992125984255 444.09448818897636 75.59055118110236 80.31496062992126 à
491.33858267716533 444.09448818897636 300.0 80.31496062992126 Saint-Barthélemy
746.4566929133858 444.09448818897636 180.70866141732284 80.31496062992126 (Loire),
882.2834645669292 444.09448818897636 180.70866141732284 80.31496062992126 élève
1016.9291338582677 444.09448818897636 89.76377952755905 80.31496062992126 de
1061.8110236220473 444.09448818897636 89.76377952755905 80.31496062992126 M.
1092.5196850393702 444.09448818897636 255.11811023622047 80.31496062992126 Saint

370.86614173228344 514.9606299212599 118.11023622047244 57.874015748031496 1er
438.18897637795277 514.9606299212599 134.64566929133858 57.874015748031496 prix
522.0472440944882 514.9606299212599 85.03937007874016 57.874015748031496 à
556.2992125984252 514.9606299212599 152.36220472440945 57.874015748031496 Lyon;
657.8740157480315 514.9606299212599 219.68503937007873 57.874015748031496 Médailles
826.7716535433071 514.9606299212599 152.36220472440945 57.874015748031496 d’or,
928.3464566929134 514.9606299212599 185.43307086614172 57.874015748031496 Genève;
1062.992125984252 514.9606299212599 203.1496062992126 57.874015748031496 Médaille
1215.3543307086613 514.9606299212599 101.5748031496063 57.874015748031496 de
1248.4251968503936 514.9606299212599 152.36220472440945 57.874015748031496 vermeil

403.93700787401576 559.8425196850394 86.22047244094489 64.96062992125984 à
439.37007874015745 559.8425196850394 171.25984251968504 64.96062992125984 Nîmes,
558.6614173228346 559.8425196850394 275.1968503937008 64.96062992125984 Montpellier;
781.8897637795276 559.8425196850394 223.22834645669292 64.96062992125984 Médailles
954.3307086614174 559.8425196850394 206.69291338582678 64.96062992125984 d’argent
1109.0551181102362 559.8425196850394 86.22047244094489 64.96062992125984 à
1143.3070866141732 559.8425196850394 171.25984251968504 64.96062992125984 Dijon,
1246.0629921259842 559.8425196850394 154.7244094488189 64.96062992125984 Troyes,

407.4803149606299 617.7165354330708 226.77165354330708 88.58267716535433 Marseille;
585.8267716535433 617.7165354330708 210.23622047244095 88.58267716535433 Médailles
747.6377952755905 617.7165354330708 96.85039370078741 88.58267716535433 de
796.0629921259842 617.7165354330708 161.81102362204723 88.58267716535433 bronze
909.4488188976378 617.7165354330708 81.49606299212599 88.58267716535433 à
942.5196850393701 617.7165354330708 178.3464566929134 88.58267716535433 Bayonne
1071.259842519685 617.7165354330708 96.85039370078741 88.58267716535433 et
1119.6850393700788 617.7165354330708 96.85039370078741 88.58267716535433 au
1169.291338582677 617.7165354330708 161.81102362204723 88.58267716535433 Havre,
1266.1417322834645 617.7165354330708 96.85039370078741 88.58267716535433 etc.

637.7952755905512 664.9606299212599 119.29133858267717 82.67716535433071 Rue
705.1181102362204 664.9606299212599 307.0866141732283 82.67716535433071 Sainte-Hélène,
961.4173228346457 664.9606299212599 119.29133858267717 82.67716535433071 41,
1012.2047244094488 664.9606299212599 119.29133858267717 82.67716535433071 Lyon.

370.86614173228344 732.2834645669292 167.71653543307087 87.4015748031496 194.
475.98425196850394 732.2834645669292 126.37795275590551 87.4015748031496 Un
538.5826771653543 732.2834645669292 167.71653543307087 87.4015748031496 Vase
643.7007874015748 732.2834645669292 126.37795275590551 87.4015748031496 de
707.4803149606299 732.2834645669292 210.23622047244095 87.4015748031496 Fleurs
853.9370078740158 732.2834645669292 251.5748031496063 87.4015748031496 variées,
1042.9133858267717 732.2834645669292 146.45669291338584 87.4015748031496 sur
1126.7716535433071 732.2834645669292 146.45669291338584 87.4015748031496 une
1210.6299212598426 732.2834645669292 188.9763779527559 87.4015748031496 table
1315.748031496063 732.2834645669292 83.85826771653544 87.4015748031496 en

537.4015748031496 785.4330708661417 153.54330708661416 67.32283464566929 bois
614.1732283464567 785.4330708661417 191.33858267716536 67.32283464566929 sculpté.

602.3622047244095 922.4409448818898 340.15748031496065 95.66929133858268 LEFEBVRE
829.1338582677165 922.4409448818898 340.15748031496065 95.66929133858268 (Charles),

506.6929133858268 1001.5748031496063 88.58267716535433 73.22834645669292 Né
550.3937007874016 1001.5748031496063 73.22834645669292 73.22834645669292 à
579.9212598425197 1001.5748031496063 146.45669291338584 73.22834645669292 Paris,
682.6771653543307 1001.5748031496063 175.98425196850394 73.22834645669292 élève
813.7795275590552 1001.5748031496063 88.58267716535433 73.22834645669292 de
858.6614173228346 1001.5748031496063 116.92913385826772 73.22834645669292 Gros
931.8897637795276 1001.5748031496063 88.58267716535433 73.22834645669292 et
975.5905511811023 1001.5748031496063 146.45669291338584 73.22834645669292 d’Abel
1078.3464566929133 1001.5748031496063 88.58267716535433 73.22834645669292 de
1107.8740157480315 1001.5748031496063 175.98425196850394 73.22834645669292 Pujol

487.79527559055117 1066.5354330708662 219.68503937007873 66.14173228346456 Chevalier
656.6929133858267 1066.5354330708662 101.5748031496063 66.14173228346456 de
707.4803149606299 1066.5354330708662 101.5748031496063 66.14173228346456 la
758.2677165354331 1066.5354330708662 168.89763779527559 66.14173228346456 Légion
876.3779527559055 1066.5354330708662 236.2204724409449 66.14173228346456 d'honneur;
1061.8110236220473 1066.5354330708662 135.82677165354332 66.14173228346456 hors
1130.3149606299212 1066.5354330708662 185.43307086614172 66.14173228346456 concours.

662.5984251968504 1122.0472440944882 116.92913385826772 70.86614173228347 Rue
728.7401574803149 1122.0472440944882 99.21259842519684 70.86614173228347 de
778.3464566929134 1122.0472440944882 216.14173228346456 70.86614173228347 Verneuil,
944.8818897637796 1122.0472440944882 116.92913385826772 70.86614173228347 41,
994.488188976378 1122.0472440944882 133.46456692913387 70.86614173228347 Paris.

379.13385826771656 1185.8267716535433 153.54330708661416 82.67716535433071 195
466.53543307086613 1185.8267716535433 197.24409448818898 82.67716535433071 Saint
575.1968503937007 1185.8267716535433 262.20472440944883 82.67716535433071 Sébastien.

546.8503937007874 1335.8267716535433 334.251968503937 89.76377952755905 LEFEBVRE
770.0787401574803 1335.8267716535433 473.62204724409446 89.76377952755905 (Louis

621.2598425196851 1419.6850393700788 81.49606299212599 67.32283464566929 Né
662.5984251968504 1419.6850393700788 68.50393700787401 67.32283464566929 à
689.7637795275591 1419.6850393700788 135.82677165354332 67.32283464566929 Blois,
785.4330708661417 1419.6850393700788 162.99212598425197 67.32283464566929 élève
908.2677165354331 1419.6850393700788 81.49606299212599 67.32283464566929 de
948.4251968503937 1419.6850393700788 81.49606299212599 67.32283464566929 M.
975.5905511811023 1419.6850393700788 204.33070866141733 67.32283464566929 Thiollet

661.4173228346457 1475.1968503937007 134.64566929133858 79.13385826771653 Quai
745.2755905511812 1475.1968503937007 101.5748031496063 79.13385826771653 de
796.0629921259842 1475.1968503937007 203.1496062992126 79.13385826771653 Gesvres,
948.4251968503937 1475.1968503937007 118.11023622047244 79.13385826771653 14,
999.2125984251968 1475.1968503937007 134.64566929133858 79.13385826771653 Paris.

380.31496062992125 1533.0708661417323 161.81102362204723 83.85826771653544 196.
481.8897637795276 1533.0708661417323 183.0708661417323 83.85826771653544 Allée
603.5433070866142 1533.0708661417323 121.65354330708661 83.85826771653544 de
663.7795275590552 1533.0708661417323 161.81102362204723 83.85826771653544 bois
765.3543307086615 1533.0708661417323 121.65354330708661 83.85826771653544 au
826.7716535433071 1533.0708661417323 161.81102362204723 83.85826771653544 mois
907.0866141732283 1533.0708661417323 203.1496062992126 83.85826771653544 d’avril.

385.03937007874015 1598.0314960629921 168.89763779527559 77.95275590551181 197.
491.33858267716533 1598.0314960629921 147.63779527559055 77.95275590551181 Vue
575.1968503937007 1598.0314960629921 190.15748031496062 77.95275590551181 prise
701.5748031496063 1598.0314960629921 126.37795275590551 77.95275590551181 au
765.3543307086615 1598.0314960629921 211.41732283464566 77.95275590551181 Guildo
891.7322834645669 1598.0314960629921 380.31496062992125 77.95275590551181 (Côtes

598.8188976377953 1749.2125984251968 171.25984251968504 98.03149606299213 LE
683.8582677165355 1749.2125984251968 314.1732283464567 98.03149606299213 GENTILE
884.6456692913385 1749.2125984251968 314.1732283464567 98.03149606299213 (Victor),

761.8110236220473 1837.7952755905512 106.2992125984252 72.04724409448819 Né
814.9606299212599 1837.7952755905512 88.58267716535433 72.04724409448819 à
850.3937007874016 1837.7952755905512 175.98425196850394 72.04724409448819 Paris.
955.511811023622 1837.7952755905512 88.58267716535433 72.04724409448819 Ex.

578.7401574803149 1888.5826771653544 120.4724409448819 80.31496062992126 Rue
648.4251968503937 1888.5826771653544 102.75590551181102 80.31496062992126 de
699.2125984251968 1888.5826771653544 102.75590551181102 80.31496062992126 la
751.1811023622047 1888.5826771653544 137.00787401574803 80.31496062992126 Tour
836.2204724409448 1888.5826771653544 257.4803149606299 80.31496062992126 d’Auvergne,
1041.732283464567 1888.5826771653544 120.4724409448819 80.31496062992126 33,
1093.7007874015749 1888.5826771653544 137.00787401574803 80.31496062992126 Paris.

388.5826771653543 1953.5433070866143 165.35433070866142 80.31496062992126 198.
492.5196850393701 1953.5433070866143 206.69291338582678 80.31496062992126 Moulin
637.7952755905512 1953.5433070866143 145.2755905511811 80.31496062992126 sur
720.4724409448819 1953.5433070866143 145.2755905511811 80.31496062992126 les
803.1496062992126 1953.5433070866143 186.61417322834646 80.31496062992126 bords
927.1653543307086 1953.5433070866143 124.01574803149606 80.31496062992126 du
989.7637795275591 1953.5433070866143 248.03149606299212 80.31496062992126 Remongol
1155.1181102362204 1953.5433070866143 269.29133858267716 80.31496062992126 (Morbihan).

387.40157480314963 2018.5039370078741 172.44094488188978 96.85039370078741 199.
494.88188976377955 2018.5039370078741 258.66141732283467 96.85039370078741 Fontaine
689.7637795275591 2018.5039370078741 151.1811023622047 96.85039370078741 aux
775.9842519685039 2018.5039370078741 258.66141732283467 96.85039370078741 environs
969.6850393700787 2018.5039370078741 302.3622047244094 96.85039370078741 d’Aubusson
1185.8267716535433 2018.5039370078741 237.4015748031496 96.85039370078741 (Creuse).
