1707.8740157480315 2770.8661417322833
767.7165354330708 294.09448818897636 150.0 73.22834645669292 —
826.7716535433071 294.09448818897636 179.5275590551181 73.22834645669292 62
887.007874015748 294.09448818897636 89.76377952755905 73.22834645669292 —

617.7165354330708 402.755905511811 268.1102362204724 116.92913385826772 LEGRIP
779.5275590551181 402.755905511811 348.4251968503937 116.92913385826772 (Frédéric),

385.03937007874015 493.7007874015748 94.48818897637796 87.4015748031496 Né
432.2834645669291 493.7007874015748 79.13385826771653 87.4015748031496 à
464.1732283464567 493.7007874015748 158.26771653543307 87.4015748031496 Rouen,
575.1968503937007 493.7007874015748 190.15748031496062 87.4015748031496 élève
716.9291338582677 493.7007874015748 94.48818897637796 87.4015748031496 de
764.1732283464567 493.7007874015748 142.91338582677164 87.4015748031496 David
859.8425196850394 493.7007874015748 190.15748031496062 87.4015748031496 d’Angers
1002.7559055118111 493.7007874015748 94.48818897637796 87.4015748031496 et
1050.0 493.7007874015748 94.48818897637796 87.4015748031496 de
1097.244094488189 493.7007874015748 94.48818897637796 87.4015748031496 H.
1129.1338582677165 493.7007874015748 237.4015748031496 87.4015748031496 Langlois

672.0472440944882 555.1181102362204 114.56692913385827 70.86614173228347 Rue
738.1889763779527 555.1181102362204 212.5984251968504 70.86614173228347 Visconti,
901.1811023622047 555.1181102362204 114.56692913385827 70.86614173228347 11,
949.6062992125984 555.1181102362204 131.10236220472441 70.86614173228347 Paris.

351.9685039370079 609.4488188976378 159.4488188976378 88.58267716535433 200.
452.3622047244094 609.4488188976378 239.76377952755905 88.58267716535433 Laveuses
631.8897637795276 609.4488188976378 139.37007874015748 88.58267716535433 aux
711.0236220472441 609.4488188976378 179.5275590551181 88.58267716535433 bords
831.496062992126 609.4488188976378 119.29133858267717 88.58267716535433 de
890.5511811023622 609.4488188976378 119.29133858267717 88.58267716535433 la
950.7874015748032 609.4488188976378 199.60629921259843 88.58267716535433 Seine.
1090.1574803149606 609.4488188976378 99.21259842519684 88.58267716535433 à
1110.236220472441 609.4488188976378 239.76377952755905 88.58267716535433 Bonnières.

350.78740157480314 669.6850393700787 164.17322834645668 89.76377952755905 201.
452.3622047244094 669.6850393700787 122.83464566929133 89.76377952755905 Le
514.9606299212599 669.6850393700787 205.51181102362204 89.76377952755905 Moulin
657.8740157480315 669.6850393700787 122.83464566929133 89.76377952755905 de
719.2913385826772 669.6850393700787 409.84251968503935 89.76377952755905 Maisons-Lafitte,
1068.8976377952756 669.6850393700787 164.17322834645668 89.76377952755905 près
1150.3937007874015 669.6850393700787 164.17322834645668 89.76377952755905 Paris.

353.1496062992126 729.9212598425197 162.99212598425197 89.76377952755905 202.
454.7244094488189 729.9212598425197 203.1496062992126 89.76377952755905 Moulin
596.4566929133858 729.9212598425197 141.73228346456693 89.76377952755905 sur
677.9527559055118 729.9212598425197 121.65354330708661 89.76377952755905 la
739.3700787401575 729.9212598425197 223.22834645669292 89.76377952755905 rivière
881.1023622047244 729.9212598425197 203.1496062992126 89.76377952755905 d’Yères.

589.3700787401575 1046.4566929133857 334.251968503937 131.10236220472441 LELARGE
801.9685039370079 1046.4566929133857 334.251968503937 131.10236220472441 (Léonce),

432.2834645669291 1166.9291338582677 93.30708661417323 85.03937007874016 Né
478.34645669291336 1166.9291338582677 77.95275590551181 85.03937007874016 à
510.23622047244095 1166.9291338582677 154.7244094488189 85.03937007874016 Rouen,
617.7165354330708 1166.9291338582677 186.61417322834646 85.03937007874016 élève
758.2677165354331 1166.9291338582677 93.30708661417323 85.03937007874016 de
804.3307086614174 1166.9291338582677 108.66141732283465 85.03937007874016 MM.
865.7480314960629 1166.9291338582677 93.30708661417323 85.03937007874016 G.
912.992125984252 1166.9291338582677 139.37007874015748 85.03937007874016 Morin
1006.2992125984252 1166.9291338582677 93.30708661417323 85.03937007874016 et
1052.3622047244094 1166.9291338582677 93.30708661417323 85.03937007874016 L.
1083.0708661417323 1166.9291338582677 217.3228346456693 85.03937007874016 Cogniet

527.9527559055118 1225.984251968504 219.68503937007873 67.32283464566929 Médailles
696.8503937007874 1225.984251968504 101.5748031496063 67.32283464566929 en
746.4566929133858 1225.984251968504 152.36220472440945 67.32283464566929 1843,
848.0314960629921 1225.984251968504 152.36220472440945 67.32283464566929 1844,
949.6062992125984 1225.984251968504 152.36220472440945 67.32283464566929 1860,
1050.0 1225.984251968504 83.85826771653544 67.32283464566929 à
1067.716535433071 1225.984251968504 134.64566929133858 67.32283464566929 Rouen.

546.8503937007874 1281.4960629921259 177.16535433070865 77.95275590551181 Avenue
670.8661417322835 1281.4960629921259 106.2992125984252 77.95275590551181 du
724.0157480314961 1281.4960629921259 317.7165354330709 77.95275590551181 Mont-Riboudet,
988.5826771653543 1281.4960629921259 124.01574803149606 77.95275590551181 49,
1041.732283464567 1281.4960629921259 141.73228346456693 77.95275590551181 Rouen.

342.5196850393701 1320.4724409448818 183.0708661417323 81.49606299212599 203.
457.0866141732283 1320.4724409448818 137.00787401574803 81.49606299212599 La
501.9685039370079 1320.4724409448818 160.62992125984252 81.49606299212599 Mort.

487.79527559055117 1672.4409448818897 310.62992125984255 106.2992125984252 LELARGE
685.0393700787401 1672.4409448818897 536.2204724409448 106.2992125984252 (Raphaël

422.8346456692913 1765.748031496063 89.76377952755905 74.40944881889764 Né
467.7165354330709 1765.748031496063 75.59055118110236 74.40944881889764 à
498.4251968503937 1765.748031496063 179.5275590551181 74.40944881889764 Bolleroy
633.0708661417323 1765.748031496063 225.59055118110237 74.40944881889764 (Calvados),
813.7795275590552 1765.748031496063 179.5275590551181 74.40944881889764 élève
948.4251968503937 1765.748031496063 89.76377952755905 74.40944881889764 de
993.3070866141733 1765.748031496063 134.64566929133858 74.40944881889764 David
1067.716535433071 1765.748031496063 225.59055118110237 74.40944881889764 d’Angers

518.503937007874 1823.6220472440946 212.5984251968504 59.05511811023622 Médailles
682.6771653543307 1823.6220472440946 196.06299212598427 59.05511811023622 d’argent
829.1338582677165 1823.6220472440946 98.03149606299213 59.05511811023622 et
878.7401574803149 1823.6220472440946 98.03149606299213 59.05511811023622 de
927.1653543307086 1823.6220472440946 164.17322834645668 59.05511811023622 bronze
1041.732283464567 1823.6220472440946 81.49606299212599 59.05511811023622 à
1058.267716535433 1823.6220472440946 131.10236220472441 59.05511811023622 Rouen.

525.5905511811023 1864.9606299212599 120.4724409448819 82.67716535433071 Rue
595.2755905511812 1864.9606299212599 258.66141732283467 82.67716535433071 Lemarchand,
801.9685039370079 1864.9606299212599 120.4724409448819 82.67716535433071 11,
871.6535433070866 1864.9606299212599 103.93700787401575 82.67716535433071 au
905.9055118110236 1864.9606299212599 276.37795275590554 82.67716535433071 Boisguillaume.

335.43307086614175 1932.283464566929 173.6220472440945 81.49606299212599 204.
442.9133858267717 1932.283464566929 238.58267716535434 81.49606299212599 Paysage
616.5354330708661 1932.283464566929 346.06299212598424 81.49606299212599 (appartenant
897.6377952755905 1932.283464566929 108.66141732283465 81.49606299212599 à
941.3385826771654 1932.283464566929 129.92125984251967 81.49606299212599 M.
983.8582677165355 1932.283464566929 108.66141732283465 81.49606299212599 G..

335.43307086614175 1996.0629921259842 162.99212598425197 81.49606299212599 205.
437.00787401574803 1996.0629921259842 264.56692913385825 81.49606299212599 Intérieur
641.3385826771654 1996.0629921259842 122.83464566929133 81.49606299212599 de
702.7559055118111 1996.0629921259842 183.0708661417323 81.49606299212599 Forêt
804.3307086614174 1996.0629921259842 244.48818897637796 81.49606299212599 (paysage).

336.61417322834643 2059.8425196850394 162.99212598425197 95.66929133858268 206.
438.18897637795277 2059.8425196850394 183.0708661417323 95.66929133858268 Bords
561.0236220472441 2059.8425196850394 122.83464566929133 95.66929133858268 de
622.4409448818898 2059.8425196850394 122.83464566929133 95.66929133858268 la
682.6771653543307 2059.8425196850394 183.0708661417323 95.66929133858268 Seine
785.4330708661417 2059.8425196850394 244.48818897637796 95.66929133858268 (paysage).
