1736.2204724409448 2725.984251968504
708.6614173228346 257.4803149606299 152.36220472440945 77.95275590551181 —
739.3700787401575 257.4803149606299 121.65354330708661 77.95275590551181 63

468.8976377952756 369.68503937007875 261.0236220472441 103.93700787401575 LEMAN
614.1732283464567 369.68503937007875 552.7559055118111 103.93700787401575 (Jacques

532.6771653543307 462.99212598425197 79.13385826771653 64.96062992125984 Né
571.6535433070866 462.99212598425197 66.14173228346456 64.96062992125984 à
598.8188976377953 462.99212598425197 145.2755905511811 64.96062992125984 l’Aigle
705.1181102362204 462.99212598425197 145.2755905511811 64.96062992125984 (Orne),
810.2362204724409 462.99212598425197 159.4488188976378 64.96062992125984 élève
929.5275590551181 462.99212598425197 79.13385826771653 64.96062992125984 de
955.511811023622 462.99212598425197 159.4488188976378 64.96062992125984 Picot

618.8976377952756 512.5984251968504 116.92913385826772 74.40944881889764 Rue
685.0393700787401 512.5984251968504 100.39370078740157 74.40944881889764 de
735.8267716535433 512.5984251968504 166.53543307086613 74.40944881889764 Douai,
851.5748031496063 512.5984251968504 116.92913385826772 74.40944881889764 39,
901.1811023622047 512.5984251968504 133.46456692913387 74.40944881889764 Paris.

305.90551181102364 585.8267716535433 184.251968503937 72.04724409448819 207.
421.65354330708664 585.8267716535433 207.8740157480315 72.04724409448819 Louis
559.8425196850394 585.8267716535433 161.81102362204723 72.04724409448819 XIV
653.1496062992126 585.8267716535433 138.18897637795277 72.04724409448819 et
721.6535433070866 585.8267716535433 161.81102362204723 72.04724409448819 les
813.7795275590552 585.8267716535433 369.68503937007875 72.04724409448819 Ambassadeurs
1114.9606299212599 585.8267716535433 138.18897637795277 72.04724409448819 du
1183.4645669291338 585.8267716535433 161.81102362204723 72.04724409448819 roi
1253.1496062992126 585.8267716535433 92.1259842519685 72.04724409448819 de

446.45669291338584 646.0629921259842 168.89763779527559 77.95275590551181 Siam.

479.5275590551181 706.2992125984252 103.93700787401575 73.22834645669292 Le
531.496062992126 706.2992125984252 121.65354330708661 73.22834645669292 Roi
601.1811023622047 706.2992125984252 139.37007874015748 73.22834645669292 leur
688.5826771653543 706.2992125984252 155.90551181102362 73.22834645669292 donna
792.5196850393701 706.2992125984252 209.0551181102362 73.22834645669292 audience
949.6062992125984 706.2992125984252 139.37007874015748 73.22834645669292 dans
1035.8267716535433 706.2992125984252 103.93700787401575 73.22834645669292 la
1087.7952755905512 706.2992125984252 173.6220472440945 73.22834645669292 grande
1192.9133858267717 706.2992125984252 155.90551181102362 73.22834645669292 galcrie

445.2755905511811 767.7165354330708 112.20472440944881 59.05511811023622 des
510.23622047244095 767.7165354330708 160.62992125984252 59.05511811023622 glaces
622.4409448818898 767.7165354330708 96.85039370078741 59.05511811023622 de
670.8661417322835 767.7165354330708 242.1259842519685 59.05511811023622 Versailles.
864.5669291338583 767.7165354330708 112.20472440944881 59.05511811023622 Ils
928.3464566929134 767.7165354330708 160.62992125984252 59.05511811023622 firent
1041.732283464567 767.7165354330708 112.20472440944881 59.05511811023622 une
1105.5118110236222 767.7165354330708 128.74015748031496 59.05511811023622 fort
1187.007874015748 767.7165354330708 145.2755905511811 59.05511811023622 belle
1267.3228346456692 767.7165354330708 80.31496062992126 59.05511811023622 ha-

444.09448818897636 817.3228346456693 161.81102362204723 57.874015748031496 rangue
557.4803149606299 817.3228346456693 113.38582677165354 57.874015748031496 que
622.4409448818898 817.3228346456693 161.81102362204723 57.874015748031496 l’abbé
734.6456692913385 817.3228346456693 96.85039370078741 57.874015748031496 de
783.0708661417323 817.3228346456693 177.16535433070865 57.874015748031496 Lionne,
911.8110236220473 817.3228346456693 274.01574803149606 57.874015748031496 missionnaire,
1137.4015748031495 817.3228346456693 210.23622047244095 57.874015748031496 traduisit
1282.6771653543308 817.3228346456693 64.96062992125984 57.874015748031496 en

444.09448818897636 864.5669291338583 240.9448818897638 56.69291338582677 français.
629.5275590551181 864.5669291338583 129.92125984251967 56.69291338582677 Ils
703.9370078740158 864.5669291338583 259.84251968503935 56.69291338582677 marquèrent
908.2677165354331 864.5669291338583 111.02362204724409 56.69291338582677 au
963.7795275590552 864.5669291338583 129.92125984251967 56.69291338582677 roi
1037.007874015748 864.5669291338583 129.92125984251967 56.69291338582677 des
1111.4173228346456 864.5669291338583 222.04724409448818 56.69291338582677 respects
1260.236220472441 864.5669291338583 92.1259842519685 56.69291338582677 qui

446.45669291338584 918.8976377952756 217.3228346456693 50.78740157480315 allaient
608.2677165354331 918.8976377952756 198.4251968503937 50.78740157480315 presque
753.5433070866142 918.8976377952756 198.4251968503937 50.78740157480315 jusqu’à
897.6377952755905 918.8976377952756 289.37007874015745 50.78740157480315 l’adoration.
1132.6771653543308 918.8976377952756 162.99212598425197 50.78740157480315 Quand
1241.3385826771653 918.8976377952756 108.66141732283465 50.78740157480315 M.
1277.9527559055118 918.8976377952756 72.04724409448819 50.78740157480315 de

447.6377952755906 964.9606299212599 171.25984251968504 46.06299212598425 Lionne
566.9291338582677 964.9606299212599 119.29133858267717 46.06299212598425 eut
635.4330708661417 964.9606299212599 171.25984251968504 46.06299212598425 achevé
754.7244094488188 964.9606299212599 102.75590551181102 46.06299212598425 sa
805.511811023622 964.9606299212599 205.51181102362204 46.06299212598425 lecture,
959.0551181102362 964.9606299212599 102.75590551181102 46.06299212598425 le
1011.0236220472441 964.9606299212599 187.79527559055117 46.06299212598425 premier
1130.3149606299212 964.9606299212599 222.04724409448818 46.06299212598425 ambassadeur

447.6377952755906 1012.2047244094488 157.08661417322836 53.1496062992126 monta
552.7559055118111 1012.2047244094488 121.65354330708661 53.1496062992126 les
622.4409448818898 1012.2047244094488 173.6220472440945 53.1496062992126 degrés
744.0944881889764 1012.2047244094488 103.93700787401575 53.1496062992126 du
796.0629921259842 1012.2047244094488 157.08661417322836 53.1496062992126 trône
900.0 1012.2047244094488 139.37007874015748 53.1496062992126 pour
987.4015748031496 1012.2047244094488 209.0551181102362 53.1496062992126 remettre
1143.3070866141732 1012.2047244094488 87.4015748031496 53.1496062992126 à
1178.740157480315 1012.2047244094488 157.08661417322836 53.1496062992126 Louis
1264.9606299212599 1012.2047244094488 87.4015748031496 53.1496062992126 XIV

448.81889763779526 1055.9055118110236 93.30708661417323 74.40944881889764 la
494.88188976377955 1055.9055118110236 155.90551181102362 74.40944881889764 lettre
604.7244094488188 1055.9055118110236 93.30708661417323 74.40944881889764 de
651.9685039370079 1055.9055118110236 109.84251968503936 74.40944881889764 son
698.0314960629921 1055.9055118110236 187.79527559055117 74.40944881889764 souverain.

711.0236220472441 1113.7795275590552 225.59055118110237 87.4015748031496 (Mémoires
894.0944881889764 1113.7795275590552 85.03937007874016 87.4015748031496 de
936.6141732283464 1113.7795275590552 140.5511811023622 87.4015748031496 l’abbé
1034.6456692913387 1113.7795275590552 85.03937007874016 87.4015748031496 de
1062.992125984252 1113.7795275590552 197.24409448818898 87.4015748031496 Choisy)

601.1811023622047 1251.9685039370079 172.44094488188978 119.29133858267717 LE
687.4015748031496 1251.9685039370079 230.31496062992127 119.29133858267717 MORE
801.9685039370079 1251.9685039370079 259.84251968503935 119.29133858267717 (Paul),

555.1181102362204 1351.1811023622047 87.4015748031496 74.40944881889764 Né
598.8188976377953 1351.1811023622047 73.22834645669292 74.40944881889764 à
627.1653543307086 1351.1811023622047 131.10236220472441 74.40944881889764 Caen,
714.5669291338583 1351.1811023622047 174.8031496062992 74.40944881889764 élève
846.8503937007874 1351.1811023622047 87.4015748031496 74.40944881889764 de
890.5511811023622 1351.1811023622047 87.4015748031496 74.40944881889764 M.
918.8976377952756 1351.1811023622047 204.33070866141733 74.40944881889764 Couture

637.7952755905512 1418.5039370078741 116.92913385826772 67.32283464566929 Rue
705.1181102362204 1418.5039370078741 200.78740157480314 67.32283464566929 Blanche,
855.1181102362204 1418.5039370078741 116.92913385826772 67.32283464566929 82,
905.9055118110236 1418.5039370078741 133.46456692913387 67.32283464566929 Paris.

316.53543307086613 1484.6456692913387 185.43307086614172 86.22047244094489 208.
432.2834645669291 1484.6456692913387 139.37007874015748 86.22047244094489 Le
479.5275590551181 1484.6456692913387 139.37007874015748 86.22047244094489 Gué.

892.9133858267717 1538.976377952756 159.4488188976378 70.86614173228347 (Voir
1012.2047244094488 1538.976377952756 93.30708661417323 70.86614173228347 aux
1052.3622047244094 1538.976377952756 198.4251968503937 70.86614173228347 dessins)

442.9133858267717 1707.8740157480315 282.2834645669291 81.49606299212599 LESREL
611.8110236220473 1707.8740157480315 621.2598425196851 81.49606299212599 (Adolphe

466.53543307086613 1775.1968503937007 89.76377952755905 76.77165354330708 Né
511.4173228346457 1775.1968503937007 75.59055118110236 76.77165354330708 à
542.1259842519685 1775.1968503937007 150.0 76.77165354330708 Genets
647.2440944881889 1775.1968503937007 194.88188976377953 76.77165354330708 (Manche),
797.2440944881889 1775.1968503937007 180.70866141732284 76.77165354330708 élève
931.8897637795276 1775.1968503937007 89.76377952755905 76.77165354330708 de
976.7716535433071 1775.1968503937007 89.76377952755905 76.77165354330708 M.
1007.4803149606299 1775.1968503937007 194.88188976377953 76.77165354330708 Gérôme

592.9133858267717 1840.1574803149606 118.11023622047244 76.77165354330708 Rue
660.2362204724409 1840.1574803149606 100.39370078740157 76.77165354330708 de
709.8425196850394 1840.1574803149606 235.03937007874015 76.77165354330708 Vaugirard,
895.2755905511812 1840.1574803149606 134.64566929133858 76.77165354330708 119,
962.5984251968504 1840.1574803149606 134.64566929133858 76.77165354330708 Paris.

320.0787401574803 1902.755905511811 181.88976377952756 70.86614173228347 209.
433.46456692913387 1902.755905511811 250.39370078740157 70.86614173228347 L’Amour
592.9133858267717 1902.755905511811 272.8346456692913 70.86614173228347 vainqueur.

323.62204724409446 1968.8976377952756 159.4488188976378 67.32283464566929 210.
424.01574803149606 1968.8976377952756 159.4488188976378 67.32283464566929 Tête
523.2283464566929 1968.8976377952756 199.60629921259843 67.32283464566929 (étude
663.7795275590552 1968.8976377952756 159.4488188976378 67.32283464566929 pour
764.1732283464567 1968.8976377952756 120.4724409448819 67.32283464566929 le
823.2283464566929 1968.8976377952756 219.68503937007873 67.32283464566929 tableau
983.8582677165355 1968.8976377952756 259.84251968503935 67.32283464566929 «l’Aurore
1163.3858267716535 1968.8976377952756 100.39370078740157 67.32283464566929 »).

321.25984251968504 2032.6771653543308 167.71653543307087 89.76377952755905 211.
426.37795275590554 2032.6771653543308 252.75590551181102 89.76377952755905 Pêcheuse
615.3543307086615 2032.6771653543308 126.37795275590551 89.76377952755905 de
657.8740157480315 2032.6771653543308 294.09448818897636 89.76377952755905 coquillages.
