1707.8740157480315 2770.8661417322833
706.2992125984252 288.18897637795277 151.1811023622047 73.22834645669292 —
766.5354330708661 288.18897637795277 180.70866141732284 73.22834645669292 72
826.7716535433071 288.18897637795277 90.94488188976378 73.22834645669292 —

559.8425196850394 348.4251968503937 258.66141732283467 83.85826771653544 MORIN
702.7559055118111 348.4251968503937 344.88188976377955 83.85826771653544 (Gustave),

338.9763779527559 426.37795275590554 94.48818897637796 56.69291338582677 Né
386.2204724409449 426.37795275590554 79.13385826771653 56.69291338582677 à
416.92913385826773 426.37795275590554 158.26771653543307 56.69291338582677 Rouen,
527.9527559055118 426.37795275590554 188.9763779527559 56.69291338582677 élève
669.6850393700787 426.37795275590554 94.48818897637796 56.69291338582677 de
718.1102362204724 426.37795275590554 188.9763779527559 56.69291338582677 Chaumont
859.8425196850394 426.37795275590554 94.48818897637796 56.69291338582677 et
907.0866141732283 426.37795275590554 94.48818897637796 56.69291338582677 de
954.3307086614174 426.37795275590554 94.48818897637796 56.69291338582677 M.
1001.5748031496063 426.37795275590554 126.37795275590551 56.69291338582677 Léon
1065.3543307086613 426.37795275590554 220.86614173228347 56.69291338582677 Cogniet

400.3937007874016 478.34645669291336 217.3228346456693 63.77952755905512 Chevalier
568.1102362204724 478.34645669291336 100.39370078740157 63.77952755905512 de
617.7165354330708 478.34645669291336 100.39370078740157 63.77952755905512 la
668.503937007874 478.34645669291336 167.71653543307087 63.77952755905512 Légion
785.4330708661417 478.34645669291336 235.03937007874015 63.77952755905512 d'honneur;
969.6850393700787 478.34645669291336 134.64566929133858 63.77952755905512 hors
1037.007874015748 478.34645669291336 184.251968503937 63.77952755905512 concours.

548.0314960629921 530.3149606299213 187.79527559055117 62.59842519685039 Enclave
683.8582677165355 530.3149606299213 289.37007874015745 62.59842519685039 Sainte-Marie,
922.4409448818898 530.3149606299213 85.03937007874016 62.59842519685039 à
940.1574803149606 530.3149606299213 135.82677165354332 62.59842519685039 Rouen,

290.5511811023622 574.0157480314961 144.09448818897638 82.67716535433071 272
372.0472440944882 574.0157480314961 268.1102362204724 82.67716535433071 Pêcheuses
578.7401574803149 574.0157480314961 124.01574803149606 82.67716535433071 de
641.3385826771654 574.0157480314961 206.69291338582678 82.67716535433071 moules
785.4330708661417 574.0157480314961 102.75590551181102 82.67716535433071 à
826.7716535433071 574.0157480314961 309.4488188976378 82.67716535433071 Villerville
1053.5433070866143 574.0157480314961 268.1102362204724 82.67716535433071 (Calvados).

288.18897637795277 638.9763779527559 183.0708661417323 76.77165354330708 273.
401.5748031496063 638.9763779527559 137.00787401574803 76.77165354330708 La
471.25984251968504 638.9763779527559 297.6377952755906 76.77165354330708 Promenade
699.2125984251968 638.9763779527559 137.00787401574803 76.77165354330708 du
745.2755905511812 638.9763779527559 183.0708661417323 76.77165354330708 matin.

921.2598425196851 683.8582677165355 161.81102362204723 98.03149606299213 (Voir
1041.732283464567 683.8582677165355 94.48818897637796 98.03149606299213 aux
1081.8897637795276 683.8582677165355 201.96850393700788 98.03149606299213 dessins)

525.5905511811023 819.6850393700787 238.58267716535434 88.58267716535433 MORIN
683.8582677165355 819.6850393700787 238.58267716535434 88.58267716535433 (Mlle
817.3228346456693 819.6850393700787 265.748031496063 88.58267716535433 Léonie),

405.11811023622045 892.9133858267717 108.66141732283465 79.13385826771653 Née
466.53543307086613 892.9133858267717 77.95275590551181 79.13385826771653 à
498.4251968503937 892.9133858267717 154.7244094488189 79.13385826771653 Rouen,
607.0866141732283 892.9133858267717 186.61417322834646 79.13385826771653 élève
746.4566929133858 892.9133858267717 93.30708661417323 79.13385826771653 de
792.5196850393701 892.9133858267717 93.30708661417323 79.13385826771653 M.
839.7637795275591 892.9133858267717 93.30708661417323 79.13385826771653 G.
885.8267716535433 892.9133858267717 154.7244094488189 79.13385826771653 Morin,
994.488188976378 892.9133858267717 108.66141732283465 79.13385826771653 son
1040.5511811023623 892.9133858267717 171.25984251968504 79.13385826771653 père

662.5984251968504 951.9685039370079 207.8740157480315 59.05511811023622 Médaille
819.6850393700787 951.9685039370079 86.22047244094489 59.05511811023622 à
836.2204724409448 951.9685039370079 121.65354330708661 59.05511811023622 Caen.

557.4803149606299 998.0314960629921 188.9763779527559 64.96062992125984 Enclave
695.6692913385826 998.0314960629921 292.9133858267717 64.96062992125984 Sainte-Marie,
918.8976377952756 998.0314960629921 138.18897637795277 64.96062992125984 Rouen,

290.5511811023622 1045.275590551181 165.35433070866142 77.95275590551181 274.
393.3070866141732 1045.275590551181 206.69291338582678 77.95275590551181 Fleurs
517.3228346456693 1045.275590551181 165.35433070866142 77.95275590551181 d’été.

561.0236220472441 1183.4645669291338 301.18110236220474 89.76377952755905 MORRIS
742.9133858267717 1183.4645669291338 301.18110236220474 89.76377952755905 (Henry),

368.503937007874 1259.0551181102362 88.58267716535433 76.77165354330708 Né
413.38582677165357 1259.0551181102362 74.40944881889764 76.77165354330708 à
442.9133858267717 1259.0551181102362 192.51968503937007 76.77165354330708 Liverpool
591.7322834645669 1259.0551181102362 252.75590551181102 76.77165354330708 (Angleterre),
799.6062992125984 1259.0551181102362 178.3464566929134 76.77165354330708 élève
933.0708661417323 1259.0551181102362 88.58267716535433 76.77165354330708 de
977.9527559055118 1259.0551181102362 103.93700787401575 76.77165354330708 Van
1021.6535433070866 1259.0551181102362 223.22834645669292 76.77165354330708 Ysendyck

542.1259842519685 1318.1102362204724 212.5984251968504 67.32283464566929 Boulevard
706.2992125984252 1318.1102362204724 98.03149606299213 67.32283464566929 de
754.7244094488188 1318.1102362204724 98.03149606299213 67.32283464566929 la
804.3307086614174 1318.1102362204724 162.99212598425197 67.32283464566929 Seine,
918.8976377952756 1318.1102362204724 81.49606299212599 67.32283464566929 à
934.2519685039371 1318.1102362204724 147.63779527559055 67.32283464566929 Poissy.

287.00787401574803 1364.1732283464567 174.8031496062992 74.40944881889764 275.
395.6692913385827 1364.1732283464567 152.36220472440945 74.40944881889764 Vue
483.07086614173227 1364.1732283464567 131.10236220472441 74.40944881889764 de
526.7716535433071 1364.1732283464567 261.0236220472441 74.40944881889764 Granville.

287.00787401574803 1423.2283464566929 173.6220472440945 74.40944881889764 276.
394.48818897637796 1423.2283464566929 151.1811023622047 74.40944881889764 Les
481.8897637795276 1423.2283464566929 216.14173228346456 74.40944881889764 Grèves
633.0708661417323 1423.2283464566929 129.92125984251967 74.40944881889764 de
698.0314960629921 1423.2283464566929 129.92125984251967 74.40944881889764 la
762.992125984252 1423.2283464566929 194.88188976377953 74.40944881889764 Séez,
892.9133858267717 1423.2283464566929 173.6220472440945 74.40944881889764 près
1001.5748031496063 1423.2283464566929 129.92125984251967 74.40944881889764 du
1066.5354330708662 1423.2283464566929 173.6220472440945 74.40944881889764 Mont
1152.755905511811 1423.2283464566929 173.6220472440945 74.40944881889764 Saint

432.2834645669291 1476.3779527559054 192.51968503937007 63.77952755905512 Michel.

287.00787401574803 1533.0708661417323 164.17322834645668 77.95275590551181 277.
388.5826771653543 1533.0708661417323 225.59055118110237 77.95275590551181 Paysage
552.7559055118111 1533.0708661417323 164.17322834645668 77.95275590551181 près
655.511811023622 1533.0708661417323 122.83464566929133 77.95275590551181 de
716.9291338582677 1533.0708661417323 266.92913385826773 77.95275590551181 Liverpool
902.3622047244095 1533.0708661417323 307.0866141732283 77.95275590551181 (Angleterre).

451.18110236220474 1660.6299212598426 376.7716535433071 94.48818897637796 MOULIGNON
741.7322834645669 1660.6299212598426 348.4251968503937 94.48818897637796 (Léopold
974.4094488188977 1660.6299212598426 173.6220472440945 94.48818897637796 de),

292.9133858267717 1745.6692913385828 94.48818897637796 92.1259842519685 Né
340.15748031496065 1745.6692913385828 77.95275590551181 92.1259842519685 à
370.86614173228344 1745.6692913385828 187.79527559055117 92.1259842519685 Pontoise
511.4173228346457 1745.6692913385828 312.99212598425197 92.1259842519685 (Seine-et-Oise),
778.3464566929134 1745.6692913385828 187.79527559055117 92.1259842519685 élève
918.8976377952756 1745.6692913385828 94.48818897637796 92.1259842519685 de
966.1417322834645 1745.6692913385828 94.48818897637796 92.1259842519685 P.
1013.3858267716536 1745.6692913385828 203.1496062992126 92.1259842519685 Delaroche
1169.291338582677 1745.6692913385828 94.48818897637796 92.1259842519685 et
1201.1811023622047 1745.6692913385828 125.19685039370079 92.1259842519685 de

744.0944881889764 1798.8188976377953 126.37795275590551 61.41732283464567 Picot

531.496062992126 1837.7952755905512 186.61417322834646 69.68503937007874 Mention
667.3228346456693 1837.7952755905512 237.4015748031496 69.68503937007874 honorable,
853.9370078740158 1837.7952755905512 170.07874015748033 69.68503937007874 Paris,
955.511811023622 1837.7952755905512 119.29133858267717 69.68503937007874 1862.

566.9291338582677 1905.1181102362204 115.74803149606299 55.511811023622045 Rue
633.0708661417323 1905.1181102362204 99.21259842519684 55.511811023622045 de
682.6771653543307 1905.1181102362204 231.49606299212599 55.511811023622045 Bruxelles,
864.5669291338583 1905.1181102362204 115.74803149606299 55.511811023622045 36,
914.1732283464567 1905.1181102362204 132.28346456692913 55.511811023622045 Paris.

281.1023622047244 1935.8267716535433 198.4251968503937 76.77165354330708 278.
405.11811023622045 1935.8267716535433 148.8188976377953 76.77165354330708 Le
479.5275590551181 1935.8267716535433 198.4251968503937 76.77165354330708 Rêve
604.7244094488188 1935.8267716535433 148.8188976377953 76.77165354330708 de
679.1338582677165 1935.8267716535433 274.01574803149606 76.77165354330708 Sybille
877.5590551181102 1935.8267716535433 223.22834645669292 76.77165354330708 (tiré
1026.3779527559054 1935.8267716535433 148.8188976377953 76.77165354330708 du
1101.9685039370079 1935.8267716535433 223.22834645669292 76.77165354330708 roman
1225.984251968504 1935.8267716535433 99.21259842519684 76.77165354330708 de

451.18110236220474 1998.4251968503936 119.29133858267717 69.68503937007874 M.
511.4173228346457 1998.4251968503936 119.29133858267717 69.68503937007874 O.
550.3937007874016 1998.4251968503936 238.58267716535434 69.68503937007874 Feuillet).

916.5354330708661 2051.5748031496064 161.81102362204723 87.4015748031496 (Voir
1037.007874015748 2051.5748031496064 94.48818897637796 87.4015748031496 aux
1077.1653543307086 2051.5748031496064 201.96850393700788 87.4015748031496 dessins)
