1707.8740157480315 2770.8661417322833
777.1653543307086 364.96062992125985 144.09448818897638 80.31496062992126 —
833.8582677165355 364.96062992125985 172.44094488188978 80.31496062992126 76
891.7322834645669 364.96062992125985 86.22047244094489 80.31496062992126 —

650.7874015748032 479.5275590551181 289.37007874015745 96.85039370078741 PERRET
823.2283464566929 479.5275590551181 289.37007874015745 96.85039370078741 (Henri),

375.59055118110234 563.3858267716536 89.76377952755905 64.96062992125984 Né
420.4724409448819 563.3858267716536 74.40944881889764 64.96062992125984 à
451.18110236220474 563.3858267716536 89.76377952755905 64.96062992125984 la
496.06299212598424 563.3858267716536 359.0551181102362 64.96062992125984 Chapelle-Saint-Denis
810.2362204724409 563.3858267716536 179.5275590551181 64.96062992125984 (Seine),
943.7007874015748 563.3858267716536 179.5275590551181 64.96062992125984 élève
1078.3464566929133 563.3858267716536 89.76377952755905 64.96062992125984 de
1123.2283464566929 563.3858267716536 105.11811023622047 64.96062992125984 son
1183.4645669291338 563.3858267716536 119.29133858267717 64.96062992125984 père
1257.8740157480315 563.3858267716536 89.76377952755905 64.96062992125984 et
1288.5826771653544 563.3858267716536 119.29133858267717 64.96062992125984 de

760.6299212598425 622.4409448818898 115.74803149606299 61.41732283464567 M.
825.5905511811023 622.4409448818898 192.51968503937007 61.41732283464567 Daubigny

612.992125984252 666.1417322834645 205.51181102362204 66.14173228346456 Médaille
766.5354330708661 666.1417322834645 102.75590551181102 66.14173228346456 de
817.3228346456693 666.1417322834645 187.79527559055117 66.14173228346456 bronze,
954.3307086614174 666.1417322834645 171.25984251968504 66.14173228346456 Rouen,
1057.0866141732283 666.1417322834645 119.29133858267717 66.14173228346456 1864.

672.0472440944882 724.0157480314961 83.85826771653544 56.69291338582677 A
705.1181102362204 724.0157480314961 168.89763779527559 56.69291338582677 Auvers
806.6929133858267 724.0157480314961 303.54330708661416 56.69291338582677 (Seine

370.86614173228344 771.2598425196851 168.89763779527559 70.86614173228347 297.
475.98425196850394 771.2598425196851 147.63779527559055 70.86614173228347 Une
561.0236220472441 771.2598425196851 252.75590551181102 70.86614173228347 Matinée,
751.1811023622047 771.2598425196851 190.15748031496062 70.86614173228347 bords
877.5590551181102 771.2598425196851 126.37795275590551 70.86614173228347 de
940.1574803149606 771.2598425196851 126.37795275590551 70.86614173228347 la
982.6771653543307 771.2598425196851 168.89763779527559 70.86614173228347 Seine.

374.40944881889766 835.0393700787401 192.51968503937007 72.04724409448819 298.
494.88188976377955 835.0393700787401 168.89763779527559 72.04724409448819 Une
590.5511811023622 835.0393700787401 361.4173228346457 72.04724409448819 Après-Midi,
856.2992125984252 835.0393700787401 120.4724409448819 72.04724409448819 de.

612.992125984252 989.7637795275591 308.26771653543307 88.58267716535433 PIERDON
809.0551181102362 989.7637795275591 363.7795275590551 88.58267716535433 (François),

477.1653543307087 1064.1732283464567 87.4015748031496 75.59055118110236 Né
520.8661417322835 1064.1732283464567 73.22834645669292 75.59055118110236 à
549.2125984251968 1064.1732283464567 335.43307086614175 75.59055118110236 Saint-Gérand-le-Puy
840.9448818897638 1064.1732283464567 190.15748031496062 75.59055118110236 (Allier),
987.4015748031496 1064.1732283464567 174.8031496062992 75.59055118110236 élève
1118.5039370078741 1064.1732283464567 87.4015748031496 75.59055118110236 de
1148.0314960629921 1064.1732283464567 174.8031496062992 75.59055118110236 Tudot

579.9212598425197 1122.0472440944882 213.7795275590551 62.59842519685039 Médailles
744.0944881889764 1122.0472440944882 82.67716535433071 62.59842519685039 à
777.1653543307086 1122.0472440944882 180.70866141732284 62.59842519685039 Moulins
909.4488188976378 1122.0472440944882 99.21259842519684 62.59842519685039 et
957.8740157480315 1122.0472440944882 99.21259842519684 62.59842519685039 au
1007.4803149606299 1122.0472440944882 164.17322834645668 62.59842519685039 Havre,
1106.6929133858268 1122.0472440944882 114.56692913385827 62.59842519685039 1868.

561.0236220472441 1168.1102362204724 118.11023622047244 74.40944881889764 Rue
628.3464566929134 1168.1102362204724 101.5748031496063 74.40944881889764 du
679.1338582677165 1168.1102362204724 252.75590551181102 74.40944881889764 Rond-Point,
881.1023622047244 1168.1102362204724 118.11023622047244 74.40944881889764 19,
948.4251968503937 1168.1102362204724 201.96850393700788 74.40944881889764 Boulogne
1083.0708661417323 1168.1102362204724 168.89763779527559 74.40944881889764 (Seine).

380.31496062992125 1217.716535433071 171.25984251968504 100.39370078740157 299.
487.79527559055117 1217.716535433071 128.74015748031496 100.39370078740157 Le
551.5748031496063 1217.716535433071 236.2204724409449 100.39370078740157 Clocher
722.8346456692914 1217.716535433071 128.74015748031496 100.39370078740157 du
766.5354330708661 1217.716535433071 213.7795275590551 100.39370078740157 Village.

450.0 1372.4409448818897 666.1417322834645 90.94488188976378 PIETTE-MONFOUCAULT
995.6692913385826 1372.4409448818897 362.59842519685037 90.94488188976378 (Ludovic),

445.2755905511811 1468.1102362204724 90.94488188976378 49.60629921259842 Né
491.33858267716533 1468.1102362204724 76.77165354330708 49.60629921259842 à
522.0472440944882 1468.1102362204724 137.00787401574803 49.60629921259842 Niort
612.992125984252 1468.1102362204724 274.01574803149606 49.60629921259842 (Deux-Sèvres),
842.1259842519685 1468.1102362204724 183.0708661417323 49.60629921259842 élève
979.1338582677165 1468.1102362204724 90.94488188976378 49.60629921259842 de
1024.015748031496 1468.1102362204724 90.94488188976378 49.60629921259842 M.
1070.0787401574803 1468.1102362204724 167.71653543307087 49.60629921259842 Faustin
1176.3779527559054 1468.1102362204724 198.4251968503937 49.60629921259842 Besson

498.4251968503937 1508.267716535433 198.4251968503937 63.77952755905512 Mentions
647.2440944881889 1508.267716535433 231.49606299212599 63.77952755905512 honorables
829.1338582677165 1508.267716535433 99.21259842519684 63.77952755905512 et
878.7401574803149 1508.267716535433 198.4251968503937 63.77952755905512 médaille
1028.740157480315 1508.267716535433 198.4251968503937 63.77952755905512 d’argent
1177.5590551181103 1508.267716535433 82.67716535433071 63.77952755905512 à
1194.0944881889764 1508.267716535433 132.28346456692913 63.77952755905512 Rouen.

616.5354330708661 1557.8740157480315 85.03937007874016 70.86614173228347 A
649.6062992125984 1557.8740157480315 220.86614173228347 70.86614173228347 Melleray,
819.6850393700787 1557.8740157480315 135.82677165354332 70.86614173228347 près
904.7244094488188 1557.8740157480315 170.07874015748033 70.86614173228347 Lassay
1006.2992125984252 1557.8740157480315 203.1496062992126 70.86614173228347 (Mayenne).

392.12598425196853 1614.5669291338584 181.88976377952756 64.96062992125984 300.
505.51181102362204 1614.5669291338584 205.51181102362204 64.96062992125984 Ferme
642.5196850393701 1614.5669291338584 181.88976377952756 64.96062992125984 dans
755.9055118110236 1614.5669291338584 137.00787401574803 64.96062992125984 le
801.9685039370079 1614.5669291338584 159.4488188976378 64.96062992125984 Maine

390.9448818897638 1677.1653543307086 175.98425196850394 75.59055118110236 301.
501.9685039370079 1677.1653543307086 220.86614173228347 75.59055118110236 Chemin
655.511811023622 1677.1653543307086 175.98425196850394 75.59055118110236 dans
765.3543307086615 1677.1653543307086 154.7244094488189 75.59055118110236 les
831.496062992126 1677.1653543307086 154.7244094488189 75.59055118110236 Bois.

396.8503937007874 1739.763779527559 170.07874015748033 79.13385826771653 302.
503.1496062992126 1739.763779527559 148.8188976377953 79.13385826771653 Les
588.1889763779527 1739.763779527559 212.5984251968504 79.13385826771653 Petits
714.5669291338583 1739.763779527559 233.85826771653544 79.13385826771653 Glaneurs.

1031.1023622047244 1792.9133858267717 161.81102362204723 90.94488188976378 (Voir
1151.5748031496064 1792.9133858267717 94.48818897637796 90.94488188976378 aux
1191.732283464567 1792.9133858267717 201.96850393700788 90.94488188976378 dessins)

713.3858267716536 1935.8267716535433 243.30708661417322 113.38582677165354 PINTA
848.0314960629921 1935.8267716535433 270.4724409448819 113.38582677165354 (Louis),

563.3858267716536 2018.5039370078741 89.76377952755905 74.40944881889764 Né
608.2677165354331 2018.5039370078741 75.59055118110236 74.40944881889764 à
638.9763779527559 2018.5039370078741 120.4724409448819 74.40944881889764 Ervy
714.5669291338583 2018.5039370078741 165.35433070866142 74.40944881889764 (Aube),
833.8582677165355 2018.5039370078741 180.70866141732284 74.40944881889764 élève
969.6850393700787 2018.5039370078741 89.76377952755905 74.40944881889764 de
1014.5669291338583 2018.5039370078741 89.76377952755905 74.40944881889764 M.
1059.4488188976377 2018.5039370078741 89.76377952755905 74.40944881889764 F.
1090.1574803149606 2018.5039370078741 194.88188976377953 74.40944881889764 Dupuis

729.9212598425197 2085.8267716535433 119.29133858267717 72.04724409448819 Rue
797.2440944881889 2085.8267716535433 186.61417322834646 72.04724409448819 Linnée,
933.0708661417323 2085.8267716535433 119.29133858267717 72.04724409448819 22,
983.8582677165355 2085.8267716535433 135.82677165354332 72.04724409448819 Paris.

406.2992125984252 2143.700787401575 160.62992125984252 77.95275590551181 303
497.244094488189 2143.700787401575 138.18897637795277 77.95275590551181 Un
566.9291338582677 2143.700787401575 276.37795275590554 77.95275590551181 Attelage
751.1811023622047 2143.700787401575 298.81889763779526 77.95275590551181 morvandeau.
