1736.2204724409448 2725.984251968504
692.1259842519685 218.50393700787401 151.1811023622047 73.22834645669292 —
721.6535433070866 218.50393700787401 120.4724409448819 73.22834645669292 77

535.0393700787401 318.8976377952756 310.62992125984255 100.39370078740157 POIRSON
732.2834645669292 318.8976377952756 338.9763779527559 100.39370078740157 (Maurice),

525.5905511811023 412.20472440944883 85.03937007874016 75.59055118110236 Né
568.1102362204724 412.20472440944883 70.86614173228347 75.59055118110236 à
596.4566929133858 412.20472440944883 141.73228346456693 75.59055118110236 Paris,
695.6692913385826 412.20472440944883 170.07874015748033 75.59055118110236 élève
824.4094488188977 412.20472440944883 85.03937007874016 75.59055118110236 le
866.9291338582677 412.20472440944883 85.03937007874016 75.59055118110236 M.
895.2755905511812 412.20472440944883 198.4251968503937 75.59055118110236 Cabanel

617.7165354330708 458.26771653543307 127.55905511811024 82.67716535433071 Cité
696.8503937007874 458.26771653543307 191.33858267716536 82.67716535433071 Trévise,
839.7637795275591 458.26771653543307 95.66929133858268 82.67716535433071 3,
871.6535433070866 458.26771653543307 127.55905511811024 82.67716535433071 Paris.

288.18897637795277 522.0472440944882 188.9763779527559 86.22047244094489 304.
406.2992125984252 522.0472440944882 165.35433070866142 86.22047244094489 Les
477.1653543307087 522.0472440944882 258.66141732283467 86.22047244094489 Amoureux.

435.8267716535433 719.2913385826772 511.4173228346457 86.22047244094489 PONTHUS-CINIER
833.8582677165355 719.2913385826772 341.33858267716533 86.22047244094489 (Antoine),

653.1496062992126 780.7086614173228 196.06299212598427 68.50393700787401 Diverses
784.2519685039371 780.7086614173228 196.06299212598427 68.50393700787401 médailles.

517.3228346456693 837.4015748031496 170.07874015748033 59.05511811023622 Avenue
636.6141732283464 837.4015748031496 102.75590551181102 59.05511811023622 de
687.4015748031496 837.4015748031496 290.5511811023622 59.05511811023622 l’Archevêché,
925.9842519685039 837.4015748031496 102.75590551181102 59.05511811023622 1,
976.7716535433071 837.4015748031496 85.03937007874016 59.05511811023622 à
994.488188976378 837.4015748031496 119.29133858267717 59.05511811023622 Lyon.

297.6377952755906 891.7322834645669 172.44094488188978 67.32283464566929 305.
405.11811023622045 891.7322834645669 193.70078740157481 67.32283464566929 Ravin
533.8582677165355 891.7322834645669 128.74015748031496 67.32283464566929 de
598.8188976377953 891.7322834645669 128.74015748031496 67.32283464566929 la
663.7795275590552 891.7322834645669 172.44094488188978 67.32283464566929 Tour
771.2598425196851 891.7322834645669 128.74015748031496 67.32283464566929 de
835.0393700787401 891.7322834645669 214.96062992125985 67.32283464566929 Bouton
964.9606299212599 891.7322834645669 236.2204724409449 67.32283464566929 (Morvan).

389.76377952755905 1072.4409448818897 262.20472440944883 98.03149606299213 PREYAT
572.8346456692914 1072.4409448818897 235.03937007874015 98.03149606299213 (Mme,
729.9212598425197 1072.4409448818897 183.0708661417323 98.03149606299213 née
835.0393700787401 1072.4409448818897 262.20472440944883 98.03149606299213 Émilie
990.9448818897638 1072.4409448818897 262.20472440944883 98.03149606299213 BRUINE),

403.93700787401576 1158.6614173228347 103.93700787401575 81.49606299212599 Née
464.1732283464567 1158.6614173228347 74.40944881889764 81.49606299212599 à
493.7007874015748 1158.6614173228347 148.8188976377953 81.49606299212599 Paris,
597.6377952755905 1158.6614173228347 178.3464566929134 81.49606299212599 élève
731.1023622047244 1158.6614173228347 89.76377952755905 81.49606299212599 de
775.9842519685039 1158.6614173228347 148.8188976377953 81.49606299212599 Preyat
879.9212598425197 1158.6614173228347 89.76377952755905 81.49606299212599 et
924.8031496062993 1158.6614173228347 89.76377952755905 81.49606299212599 de
969.6850393700787 1158.6614173228347 89.76377952755905 81.49606299212599 M.
1014.5669291338583 1158.6614173228347 89.76377952755905 81.49606299212599 L.
1044.0944881889764 1158.6614173228347 207.8740157480315 81.49606299212599 Cogniet

605.9055118110236 1217.716535433071 164.17322834645668 73.22834645669292 Avenue
720.4724409448819 1217.716535433071 98.03149606299213 73.22834645669292 de
770.0787401574803 1217.716535433071 213.7795275590551 73.22834645669292 Breteuil,
917.7165354330708 1217.716535433071 131.10236220472441 73.22834645669292 Paris.

304.7244094488189 1264.9606299212599 159.4488188976378 89.76377952755905 306
395.6692913385827 1264.9606299212599 181.88976377952756 89.76377952755905 Tête
486.61417322834643 1264.9606299212599 226.77165354330708 89.76377952755905 (Étude).

386.2204724409449 1425.5905511811025 571.6535433070866 101.5748031496063 PUYROCHE-WAGNER
866.9291338582677 1425.5905511811025 240.9448818897638 101.5748031496063 (Mme
987.4015748031496 1425.5905511811025 270.4724409448819 101.5748031496063 Élise),

362.59842519685037 1523.6220472440946 107.48031496062993 62.59842519685039 Née
424.01574803149606 1523.6220472440946 76.77165354330708 62.59842519685039 à
454.7244094488189 1523.6220472440946 168.89763779527559 62.59842519685039 Dresde,
577.5590551181102 1523.6220472440946 184.251968503937 62.59842519685039 élève
715.7480314960629 1523.6220472440946 92.1259842519685 62.59842519685039 de
761.8110236220473 1523.6220472440946 214.96062992125985 62.59842519685039 Saint-Jean
931.8897637795276 1523.6220472440946 92.1259842519685 62.59842519685039 et
977.9527559055118 1523.6220472440946 92.1259842519685 62.59842519685039 de
1024.015748031496 1523.6220472440946 92.1259842519685 62.59842519685039 M.
1054.724409448819 1523.6220472440946 245.66929133858267 62.59842519685039 Groenland

579.9212598425197 1583.8582677165355 168.89763779527559 62.59842519685039 Avenue
698.0314960629921 1583.8582677165355 101.5748031496063 62.59842519685039 de
747.6377952755905 1583.8582677165355 219.68503937007873 62.59842519685039 Noailles,
916.5354330708661 1583.8582677165355 118.11023622047244 62.59842519685039 40,
967.3228346456693 1583.8582677165355 118.11023622047244 62.59842519685039 Lyon.

311.81102362204723 1629.9212598425197 170.07874015748033 75.59055118110236 307.
418.1102362204724 1629.9212598425197 212.5984251968504 75.59055118110236 Fleurs
566.9291338582677 1629.9212598425197 170.07874015748033 75.59055118110236 dans
672.0472440944882 1629.9212598425197 127.55905511811024 75.59055118110236 un
714.5669291338583 1629.9212598425197 191.33858267716536 75.59055118110236 panier.

483.07086614173227 1804.724409448819 288.18897637795277 99.21259842519684 RACINE
655.511811023622 1804.724409448819 519.6850393700787 99.21259842519684 (Joseph

490.15748031496065 1883.8582677165355 87.4015748031496 69.68503937007874 Né
533.8582677165355 1883.8582677165355 72.04724409448819 69.68503937007874 à
562.2047244094488 1883.8582677165355 87.4015748031496 69.68503937007874 la
605.9055118110236 1883.8582677165355 217.3228346456693 69.68503937007874 Guadeloupe,
780.7086614173228 1883.8582677165355 174.8031496062992 69.68503937007874 élève
910.6299212598425 1883.8582677165355 87.4015748031496 69.68503937007874 de
954.3307086614174 1883.8582677165355 87.4015748031496 69.68503937007874 M.
983.8582677165355 1883.8582677165355 203.1496062992126 69.68503937007874 Lejeune

629.5275590551181 1941.732283464567 116.92913385826772 64.96062992125984 Rue
696.8503937007874 1941.732283464567 200.78740157480314 64.96062992125984 d’Assas,
846.8503937007874 1941.732283464567 133.46456692913387 64.96062992125984 116,
914.1732283464567 1941.732283464567 133.46456692913387 64.96062992125984 Paris.

320.0787401574803 1994.8818897637796 162.99212598425197 81.49606299212599 308.
421.65354330708664 1994.8818897637796 203.1496062992126 81.49606299212599 Fruits
564.5669291338583 1994.8818897637796 121.65354330708661 81.49606299212599 et
604.7244094488188 1994.8818897637796 183.0708661417323 81.49606299212599 Gibier.
