1736.2204724409448 2725.984251968504
680.3149606299213 239.76377952755905 142.91338582677164 77.95275590551181 —
737.007874015748 239.76377952755905 171.25984251968504 77.95275590551181 79
794.8818897637796 239.76377952755905 86.22047244094489 77.95275590551181 —

532.6771653543307 363.7795275590551 259.84251968503935 94.48818897637796 RHEM
662.5984251968504 363.7795275590551 357.87401574803147 94.48818897637796 (Edmond),

359.0551181102362 444.09448818897636 88.58267716535433 66.14173228346456 Né
402.755905511811 444.09448818897636 74.40944881889764 66.14173228346456 à
432.2834645669291 444.09448818897636 162.99212598425197 66.14173228346456 Maromme
550.3937007874016 444.09448818897636 340.15748031496065 66.14173228346456 (Seine-Inférieure),
845.6692913385826 444.09448818897636 177.16535433070865 66.14173228346456 élève
979.1338582677165 444.09448818897636 88.58267716535433 66.14173228346456 de
1008.6614173228346 444.09448818897636 192.51968503937007 66.14173228346456 Pasin.

529.1338582677165 505.51181102362204 200.78740157480314 63.77952755905512 Médaille
680.3149606299213 505.51181102362204 100.39370078740157 63.77952755905512 de
729.9212598425197 505.51181102362204 184.251968503937 63.77952755905512 bronze,
864.5669291338583 505.51181102362204 100.39370078740157 63.77952755905512 au
897.6377952755905 505.51181102362204 134.64566929133858 63.77952755905512 Havre.

348.4251968503937 558.6614173228346 133.46456692913387 64.96062992125984 Chez
431.1023622047244 558.6614173228346 100.39370078740157 64.96062992125984 M.
481.8897637795276 558.6614173228346 249.21259842519686 64.96062992125984 Carpentier,
681.496062992126 558.6614173228346 216.14173228346456 64.96062992125984 boulevard
848.0314960629921 558.6614173228346 249.21259842519686 64.96062992125984 Montmartre,
1047.6377952755906 558.6614173228346 100.39370078740157 64.96062992125984 8,
1080.708661417323 558.6614173228346 133.46456692913387 64.96062992125984 Paris.

264.56692913385825 618.8976377952756 168.89763779527559 67.32283464566929 316.
369.68503937007875 618.8976377952756 211.41732283464566 67.32283464566929 Entrée
518.503937007874 618.8976377952756 126.37795275590551 67.32283464566929 du
581.1023622047244 618.8976377952756 168.89763779527559 67.32283464566929 port
687.4015748031496 618.8976377952756 126.37795275590551 67.32283464566929 de
728.7401574803149 618.8976377952756 211.41732283464566 67.32283464566929 St

264.56692913385825 692.1259842519685 172.44094488188978 72.04724409448819 317.
372.0472440944882 692.1259842519685 172.44094488188978 72.04724409448819 Gave
479.5275590551181 692.1259842519685 172.44094488188978 72.04724409448819 dans
587.007874015748 692.1259842519685 151.1811023622047 72.04724409448819 les
651.9685039370079 692.1259842519685 236.2204724409449 72.04724409448819 Pyrénées.

269.29133858267716 750.0 158.26771653543307 92.1259842519685 318.
368.503937007874 750.0 138.18897637795277 92.1259842519685 Les
447.6377952755906 750.0 178.3464566929134 92.1259842519685 bords
566.9291338582677 750.0 119.29133858267717 92.1259842519685 de
625.9842519685039 750.0 119.29133858267717 92.1259842519685 la
686.2204724409448 750.0 178.3464566929134 92.1259842519685 Rance
784.2519685039371 750.0 396.8503937007874 92.1259842519685 (Ille

900.0 826.7716535433071 160.62992125984252 81.49606299212599 (Voir
1020.4724409448819 826.7716535433071 93.30708661417323 81.49606299212599 aux
1060.6299212598426 826.7716535433071 200.78740157480314 81.49606299212599 dessins)

532.6771653543307 1042.9133858267717 252.75590551181102 99.21259842519684 RIBOT
673.2283464566929 1042.9133858267717 366.1417322834646 99.21259842519684 (Théodule),

440.5511811023622 1142.1259842519685 86.22047244094489 63.77952755905512 Né
483.07086614173227 1142.1259842519685 72.04724409448819 63.77952755905512 à
511.4173228346457 1142.1259842519685 171.25984251968504 63.77952755905512 Breteuil
640.1574803149606 1142.1259842519685 157.08661417322836 63.77952755905512 (Eure),
754.7244094488188 1142.1259842519685 171.25984251968504 63.77952755905512 élève
883.4645669291339 1142.1259842519685 86.22047244094489 63.77952755905512 de
925.9842519685039 1142.1259842519685 86.22047244094489 63.77952755905512 M.
955.511811023622 1142.1259842519685 185.43307086614172 63.77952755905512 Glaize

380.31496062992125 1198.8188976377953 259.84251968503935 79.13385826771653 Médailles,
584.6456692913385 1198.8188976377953 185.43307086614172 79.13385826771653 Paris,
715.7480314960629 1198.8188976377953 148.8188976377953 79.13385826771653 186t
807.8740157480315 1198.8188976377953 111.02362204724409 79.13385826771653 et
863.3858267716536 1198.8188976377953 167.71653543307087 79.13385826771653 1865;
975.5905511811023 1198.8188976377953 185.43307086614172 79.13385826771653 Rouen.
1086.6141732283465 1198.8188976377953 93.30708661417323 79.13385826771653 Ex.

556.2992125984252 1255.5118110236222 79.13385826771653 79.13385826771653 A
587.007874015748 1255.5118110236222 222.04724409448818 79.13385826771653 Argenteuil
746.4566929133858 1255.5118110236222 284.6456692913386 79.13385826771653 (Seine

269.29133858267716 1324.015748031496 167.71653543307087 75.59055118110236 319.
374.40944881889766 1324.015748031496 125.19685039370079 75.59055118110236 Le
437.00787401574803 1324.015748031496 250.39370078740157 75.59055118110236 Supplice
624.8031496062993 1324.015748031496 146.45669291338584 75.59055118110236 des
687.4015748031496 1324.015748031496 167.71653543307087 75.59055118110236 coins.

269.29133858267716 1384.251968503937 172.44094488188978 80.31496062992126 320.
376.7716535433071 1384.251968503937 236.2204724409449 80.31496062992126 Pêcheur
548.0314960629921 1384.251968503937 128.74015748031496 80.31496062992126 de
591.7322834645669 1384.251968503937 257.4803149606299 80.31496062992126 Trouville.

269.29133858267716 1445.6692913385828 166.53543307086613 74.40944881889764 321.
374.40944881889766 1445.6692913385828 250.39370078740157 74.40944881889764 Portrait
561.0236220472441 1445.6692913385828 125.19685039370079 74.40944881889764 de
623.6220472440945 1445.6692913385828 145.2755905511811 74.40944881889764 Mme
686.2204724409448 1445.6692913385828 125.19685039370079 74.40944881889764 ***.

396.8503937007874 1667.716535433071 537.4015748031496 102.75590551181102 RICHARD-CAVARO
814.9606299212599 1667.716535433071 357.87401574803147 102.75590551181102 (Charles).

503.1496062992126 1746.8503937007874 88.58267716535433 83.85826771653544 Né
546.8503937007874 1746.8503937007874 73.22834645669292 83.85826771653544 à
576.3779527559055 1746.8503937007874 161.81102362204723 83.85826771653544 Vernon,
694.488188976378 1746.8503937007874 177.16535433070865 83.85826771653544 élève
826.7716535433071 1746.8503937007874 88.58267716535433 83.85826771653544 de
870.4724409448819 1746.8503937007874 88.58267716535433 83.85826771653544 M.
900.0 1746.8503937007874 191.33858267716536 83.85826771653544 Ingres

284.6456692913386 1798.8188976377953 235.03937007874015 70.86614173228347 Médailles,
468.8976377952756 1798.8188976377953 83.85826771653544 70.86614173228347 à
501.9685039370079 1798.8188976377953 184.251968503937 70.86614173228347 Amiens,
636.6141732283464 1798.8188976377953 100.39370078740157 70.86614173228347 3e
686.2204724409448 1798.8188976377953 83.85826771653544 70.86614173228347 à
720.4724409448819 1798.8188976377953 268.1102362204724 70.86614173228347 l'Exposition
937.7952755905512 1798.8188976377953 268.1102362204724 70.86614173228347 universelle,
1138.5826771653544 1798.8188976377953 167.71653543307087 70.86614173228347 Besançon

698.0314960629921 1856.6929133858268 159.4488188976378 59.05511811023622 Porto,
794.8818897637796 1856.6929133858268 95.66929133858268 59.05511811023622 etc.

591.7322834645669 1895.6692913385828 115.74803149606299 96.85039370078741 Rue
657.8740157480315 1895.6692913385828 230.31496062992127 96.85039370078741 Perronnet,
838.5826771653543 1895.6692913385828 99.21259842519684 96.85039370078741 7,
871.6535433070866 1895.6692913385828 132.28346456692913 96.85039370078741 Paris.

279.9212598425197 1978.3464566929133 173.6220472440945 87.4015748031496 322.
387.40157480314963 1978.3464566929133 194.88188976377953 87.4015748031496 Après
517.3228346456693 1978.3464566929133 238.58267716535434 87.4015748031496 l’orage
690.9448818897638 1978.3464566929133 281.1023622047244 87.4015748031496 (Idylle.)
907.0866141732283 1978.3464566929133 216.14173228346456 87.4015748031496 (Essai
1058.267716535433 1978.3464566929133 129.92125984251967 87.4015748031496 de
1101.9685039370079 1978.3464566929133 216.14173228346456 87.4015748031496 peinture

421.65354330708664 2038.5826771653544 190.15748031496062 77.95275590551181 mate.)
