1736.2204724409448 2725.984251968504
765.3543307086615 250.39370078740157 140.5511811023622 89.76377952755905 —
822.0472440944882 250.39370078740157 168.89763779527559 89.76377952755905 81
878.7401574803149 250.39370078740157 85.03937007874016 89.76377952755905 —

431.1023622047244 375.59055118110234 340.15748031496065 74.40944881889764 ROHAULT
677.9527559055118 375.59055118110234 185.43307086614172 74.40944881889764 DE
771.2598425196851 375.59055118110234 309.4488188976378 74.40944881889764 FLEURY
956.6929133858267 375.59055118110234 340.15748031496065 74.40944881889764 (Hubert),

450.0 451.18110236220474 90.94488188976378 56.69291338582677 Né
496.06299212598424 451.18110236220474 75.59055118110236 56.69291338582677 à
525.5905511811023 451.18110236220474 151.1811023622047 56.69291338582677 Paris,
630.7086614173228 451.18110236220474 180.70866141732284 56.69291338582677 élève
766.5354330708661 451.18110236220474 90.94488188976378 56.69291338582677 de
812.5984251968504 451.18110236220474 105.11811023622047 56.69291338582677 MM.
872.8346456692914 451.18110236220474 211.41732283464566 56.69291338582677 Brascassat
1038.1889763779527 451.18110236220474 90.94488188976378 56.69291338582677 et
1068.8976377952756 451.18110236220474 225.59055118110237 56.69291338582677 Anastas.

633.0708661417323 499.6062992125984 115.74803149606299 63.77952755905512 Rue
699.2125984251968 499.6062992125984 279.9212598425197 63.77952755905512 Saint-Lazare,
929.5275590551181 499.6062992125984 115.74803149606299 63.77952755905512 13,
979.1338582677165 499.6062992125984 131.10236220472441 63.77952755905512 Paris.

350.78740157480314 552.7559055118111 167.71653543307087 79.13385826771653 329.
455.90551181102364 552.7559055118111 271.65354330708664 79.13385826771653 L’Ecueil,
664.9606299212599 552.7559055118111 250.39370078740157 79.13385826771653 souvenir
852.7559055118111 552.7559055118111 125.19685039370079 79.13385826771653 de
894.0944881889764 552.7559055118111 230.31496062992127 79.13385826771653 Bretagne.

353.1496062992126 611.8110236220473 177.16535433070865 85.03937007874016 330.
464.1732283464567 611.8110236220473 199.60629921259843 85.03937007874016 Après
596.4566929133858 611.8110236220473 132.28346456692913 85.03937007874016 la
641.3385826771654 611.8110236220473 220.86614173228347 85.03937007874016 Tempête.

535.0393700787401 747.6377952755905 278.74015748031496 89.76377952755905 RONNER
731.1023622047244 747.6377952755905 223.22834645669292 89.76377952755905 (Mme
842.1259842519685 747.6377952755905 362.59842519685037 89.76377952755905 Henriette),

557.4803149606299 831.496062992126 103.93700787401575 62.59842519685039 Née
617.7165354330708 831.496062992126 74.40944881889764 62.59842519685039 à
647.2440944881889 831.496062992126 207.8740157480315 62.59842519685039 Amsterdam,
810.2362204724409 831.496062992126 178.3464566929134 62.59842519685039 élève
943.7007874015748 831.496062992126 88.58267716535433 62.59842519685039 de
988.5826771653543 831.496062992126 103.93700787401575 62.59842519685039 son
1033.4645669291338 831.496062992126 162.99212598425197 62.59842519685039 père

360.23622047244095 875.1968503937007 181.88976377952756 70.86614173228347 Membre
486.61417322834643 875.1968503937007 108.66141732283465 70.86614173228347 de
542.1259842519685 875.1968503937007 255.11811023622047 70.86614173228347 l’Académie
741.7322834645669 875.1968503937007 181.88976377952756 70.86614173228347 royale
869.2913385826772 875.1968503937007 127.55905511811024 70.86614173228347 des
941.3385826771654 875.1968503937007 255.11811023622047 70.86614173228347 Beaux-Arts
1142.1259842519685 875.1968503937007 108.66141732283465 70.86614173228347 de
1177.5590551181103 875.1968503937007 218.50393700787401 70.86614173228347 Rotterdam;

400.3937007874016 936.6141732283464 166.53543307086613 59.05511811023622 brevet
517.3228346456693 936.6141732283464 233.85826771653544 59.05511811023622 d'honneur,
700.3937007874016 936.6141732283464 183.0708661417323 59.05511811023622 Oporto;
833.8582677165355 936.6141732283464 217.3228346456693 59.05511811023622 médailles
1001.5748031496063 936.6141732283464 150.0 59.05511811023622 d'or,
1101.9685039370079 936.6141732283464 83.85826771653544 59.05511811023622 à
1135.0393700787401 936.6141732283464 100.39370078740157 59.05511811023622 la
1184.6456692913387 936.6141732283464 150.0 59.05511811023622 Haye,
1268.5039370078741 936.6141732283464 133.46456692913387 59.05511811023622 Oporto

401.5748031496063 982.6771653543307 99.21259842519684 57.874015748031496 et
451.18110236220474 982.6771653543307 232.6771653543307 57.874015748031496 Amsterdam;
634.2519685039371 982.6771653543307 199.60629921259843 57.874015748031496 médaille
783.0708661417323 982.6771653543307 99.21259842519684 57.874015748031496 de
833.8582677165355 982.6771653543307 199.60629921259843 57.874015748031496 vermeil,
982.6771653543307 982.6771653543307 183.0708661417323 57.874015748031496 Troyes;
1116.1417322834645 982.6771653543307 166.53543307086613 57.874015748031496 grande
1215.3543307086613 982.6771653543307 183.0708661417323 57.874015748031496 médaille,

399.21259842519686 1039.3700787401574 155.90551181102362 57.874015748031496 Lyon;
503.1496062992126 1039.3700787401574 224.40944881889763 57.874015748031496 Médailles
675.5905511811023 1039.3700787401574 224.40944881889763 57.874015748031496 d’argent,
848.0314960629921 1039.3700787401574 172.44094488188978 57.874015748031496 Rouen,
969.6850393700787 1039.3700787401574 103.93700787401575 57.874015748031496 la
1020.4724409448819 1039.3700787401574 155.90551181102362 57.874015748031496 Haye,
1124.4094488188975 1039.3700787401574 155.90551181102362 57.874015748031496 Metz,
1228.3464566929133 1039.3700787401574 103.93700787401575 57.874015748031496 le
1262.5984251968505 1039.3700787401574 138.18897637795277 57.874015748031496 Havre;

401.5748031496063 1090.1574803149606 209.0551181102362 70.86614173228347 médailles
563.3858267716536 1090.1574803149606 96.85039370078741 70.86614173228347 de
611.8110236220473 1090.1574803149606 177.16535433070865 70.86614173228347 bronze,
740.5511811023622 1090.1574803149606 160.62992125984252 70.86614173228347 Dijon,
852.7559055118111 1090.1574803149606 160.62992125984252 70.86614173228347 Nancy,
949.6062992125984 1090.1574803149606 96.85039370078741 70.86614173228347 etc.

556.2992125984252 1133.8582677165355 114.56692913385827 83.85826771653544 Rue
621.2598425196851 1133.8582677165355 98.03149606299213 83.85826771653544 du
670.8661417322835 1133.8582677165355 211.41732283464566 83.85826771653544 Maalbeck,
833.8582677165355 1133.8582677165355 196.06299212598427 83.85826771653544 Ixelles,
980.3149606299213 1133.8582677165355 98.03149606299213 83.85826771653544 4,
1012.2047244094488 1133.8582677165355 196.06299212598427 83.85826771653544 Bruxelles.

362.59842519685037 1194.0944881889764 170.07874015748033 80.31496062992126 331.
468.8976377952756 1194.0944881889764 148.8188976377953 80.31496062992126 Les
532.6771653543307 1194.0944881889764 255.11811023622047 80.31496062992126 Plaideurs.

628.3464566929134 1345.275590551181 462.99212598425197 86.22047244094489 ROOSEMBOOM,

726.3779527559055 1418.5039370078741 165.35433070866142 72.04724409448819 Élève
850.3937007874016 1418.5039370078741 82.67716535433071 72.04724409448819 de
878.7401574803149 1418.5039370078741 178.3464566929134 72.04724409448819 Meunier

772.4409448818898 1475.1968503937007 86.22047244094489 73.22834645669292 A
790.1574803149606 1475.1968503937007 207.8740157480315 73.22834645669292 Bruxelles.

363.7795275590551 1530.708661417323 157.08661417322836 75.59055118110236 332
453.54330708661416 1530.708661417323 134.64566929133858 75.59055118110236 La
498.4251968503937 1530.708661417323 245.66929133858267 75.59055118110236 Toilette.

630.7086614173228 1668.8976377952756 300.0 89.76377952755905 ROSIER
810.2362204724409 1668.8976377952756 329.5275590551181 89.76377952755905 (Amédée),

374.40944881889766 1737.4015748031495 99.21259842519684 68.50393700787401 Né
424.01574803149606 1737.4015748031495 82.67716535433071 68.50393700787401 à
457.0866141732283 1737.4015748031495 165.35433070866142 68.50393700787401 Meaux,
572.8346456692914 1737.4015748031495 198.4251968503937 68.50393700787401 élève
720.4724409448819 1737.4015748031495 99.21259842519684 68.50393700787401 de
770.0787401574803 1737.4015748031495 115.74803149606299 68.50393700787401 MM.
836.2204724409448 1737.4015748031495 132.28346456692913 68.50393700787401 Léon
918.8976377952756 1737.4015748031495 181.88976377952756 68.50393700787401 Cogniet
1051.1811023622047 1737.4015748031495 99.21259842519684 68.50393700787401 et
1084.251968503937 1737.4015748031495 329.5275590551181 68.50393700787401 Durand

411.0236220472441 1784.6456692913387 209.0551181102362 82.67716535433071 Médailles
572.8346456692914 1784.6456692913387 177.16535433070865 82.67716535433071 bronze,
701.5748031496063 1784.6456692913387 160.62992125984252 82.67716535433071 Rouen,
813.7795275590552 1784.6456692913387 145.2755905511811 82.67716535433071 1837,
910.6299212598425 1784.6456692913387 193.70078740157481 82.67716535433071 vermeil,
1055.9055118110236 1784.6456692913387 145.2755905511811 82.67716535433071 1860,
1152.755905511811 1784.6456692913387 177.16535433070865 82.67716535433071 rappel,
1264.9606299212599 1784.6456692913387 113.38582677165354 82.67716535433071 1862.

636.6141732283464 1833.0708661417323 79.13385826771653 77.95275590551181 A
667.3228346456693 1833.0708661417323 268.1102362204724 77.95275590551181 Ville-d’Avray
872.8346456692914 1833.0708661417323 283.46456692913387 77.95275590551181 (Seine

374.40944881889766 1886.2204724409448 162.99212598425197 74.40944881889764 333.
475.98425196850394 1886.2204724409448 224.40944881889763 74.40944881889764 Venise,
638.9763779527559 1886.2204724409448 204.33070866141733 74.40944881889764 soleil
761.8110236220473 1886.2204724409448 224.40944881889763 74.40944881889764 couchant.

374.40944881889766 1926.3779527559054 165.35433070866142 102.75590551181102 334.
477.1653543307087 1926.3779527559054 248.03149606299212 102.75590551181102 Environs
662.5984251968504 1926.3779527559054 124.01574803149606 102.75590551181102 de
725.1968503937007 1926.3779527559054 124.01574803149606 102.75590551181102 la
786.6141732283464 1926.3779527559054 185.43307086614172 102.75590551181102 Haye,
910.6299212598425 1926.3779527559054 185.43307086614172 102.75590551181102 effet
1034.6456692913387 1926.3779527559054 124.01574803149606 102.75590551181102 de
1075.984251968504 1926.3779527559054 144.09448818897638 102.75590551181102 nuit.

380.31496062992125 2005.5118110236222 165.35433070866142 105.11811023622047 335.
483.07086614173227 2005.5118110236222 124.01574803149606 105.11811023622047 Le
544.488188976378 2005.5118110236222 185.43307086614172 105.11811023622047 grand
668.503937007874 2005.5118110236222 185.43307086614172 105.11811023622047 canal
792.5196850393701 2005.5118110236222 102.75590551181102 105.11811023622047 à
833.8582677165355 2005.5118110236222 226.77165354330708 105.11811023622047 Venise,
999.2125984251968 2005.5118110236222 185.43307086614172 105.11811023622047 effet
1123.2283464566929 2005.5118110236222 124.01574803149606 105.11811023622047 du
1164.5669291338584 2005.5118110236222 165.35433070866142 105.11811023622047 matin.
