1736.2204724409448 2725.984251968504
804.3307086614174 274.01574803149606 142.91338582677164 90.94488188976378 —
832.6771653543307 274.01574803149606 114.56692913385827 90.94488188976378 85

624.8031496062993 387.40157480314963 282.2834645669291 98.03149606299213 SEBRON
793.7007874015748 387.40157480314963 395.6692913385827 98.03149606299213 (Hippolyte),

435.8267716535433 475.98425196850394 96.85039370078741 62.59842519685039 Né
484.251968503937 475.98425196850394 81.49606299212599 62.59842519685039 à
517.3228346456693 475.98425196850394 194.88188976377953 62.59842519685039 Caudebec
663.7795275590552 475.98425196850394 373.2283464566929 62.59842519685039 (Seine-Inférieure),
987.4015748031496 475.98425196850394 194.88188976377953 62.59842519685039 élève
1133.8582677165355 475.98425196850394 96.85039370078741 62.59842519685039 de
1166.9291338582677 475.98425196850394 226.77165354330708 62.59842519685039 Daguerre

705.1181102362204 526.7716535433071 122.83464566929133 64.96062992125984 et
787.7952755905512 526.7716535433071 81.49606299212599 64.96062992125984 de
827.9527559055118 526.7716535433071 81.49606299212599 64.96062992125984 M.
869.2913385826772 526.7716535433071 108.66141732283465 64.96062992125984 Léon
923.6220472440945 526.7716535433071 191.33858267716536 64.96062992125984 Cogniet

398.0314960629921 583.4645669291339 231.49606299212599 60.23622047244095 Chevalier
576.3779527559055 583.4645669291339 107.48031496062993 60.23622047244095 de
629.5275590551181 583.4645669291339 107.48031496062993 60.23622047244095 la
682.6771653543307 583.4645669291339 178.3464566929134 60.23622047244095 Légion
807.8740157480315 583.4645669291339 231.49606299212599 60.23622047244095 d’Honneur
986.2204724409448 583.4645669291339 107.48031496062993 60.23622047244095 et
1039.3700787401574 583.4645669291339 107.48031496062993 60.23622047244095 de
1092.5196850393702 583.4645669291339 196.06299212598427 60.23622047244095 l’ordre
1235.4330708661416 583.4645669291339 107.48031496062993 60.23622047244095 de
1270.8661417322835 583.4645669291339 160.62992125984252 60.23622047244095 Léopold

673.2283464566929 624.8031496062993 102.75590551181102 57.874015748031496 de
724.0157480314961 624.8031496062993 222.04724409448818 57.874015748031496 Belgique;
895.2755905511812 624.8031496062993 137.00787401574803 57.874015748031496 hors
963.7795275590552 624.8031496062993 187.79527559055117 57.874015748031496 concours.

390.9448818897638 666.1417322834645 178.3464566929134 64.96062992125984 356.
501.9685039370079 666.1417322834645 222.04724409448818 64.96062992125984 Ruines
657.8740157480315 666.1417322834645 200.78740157480314 64.96062992125984 d’une
791.3385826771654 666.1417322834645 222.04724409448818 64.96062992125984 abbaye
947.2440944881889 666.1417322834645 133.46456692913387 64.96062992125984 en
992.1259842519685 666.1417322834645 266.92913385826773 64.96062992125984 Normandie.

396.8503937007874 726.3779527559055 161.81102362204723 75.59055118110236 357.
498.4251968503937 726.3779527559055 201.96850393700788 75.59055118110236 Maison
638.9763779527559 726.3779527559055 161.81102362204723 75.59055118110236 d’un
740.5511811023622 726.3779527559055 222.04724409448818 75.59055118110236 Notaire
902.3622047244095 726.3779527559055 121.65354330708661 75.59055118110236 au
962.5984251968504 726.3779527559055 161.81102362204723 75.59055118110236 XIVe
1044.0944881889764 726.3779527559055 181.88976377952756 75.59055118110236 siècle.

1031.1023622047244 784.2519685039371 160.62992125984252 86.22047244094489 (Voir
1150.3937007874015 784.2519685039371 93.30708661417323 86.22047244094489 aux
1190.5511811023623 784.2519685039371 200.78740157480314 86.22047244094489 dessins)

604.7244094488188 1131.4960629921259 253.93700787401573 88.58267716535433 SÉLIM
774.8031496062993 1131.4960629921259 225.59055118110237 88.58267716535433 (Mme
887.007874015748 1131.4960629921259 338.9763779527559 88.58267716535433 Honorine),

627.1653543307086 1212.992125984252 98.03149606299213 69.68503937007874 Née
683.8582677165355 1212.992125984252 70.86614173228347 69.68503937007874 à
712.2047244094488 1212.992125984252 140.5511811023622 69.68503937007874 Rouen,
810.2362204724409 1212.992125984252 168.89763779527559 69.68503937007874 élève
936.6141732283464 1212.992125984252 85.03937007874016 69.68503937007874 de
979.1338582677165 1212.992125984252 85.03937007874016 69.68503937007874 A.
1007.4803149606299 1212.992125984252 211.41732283464566 69.68503937007874 Scheffer

406.2992125984252 1264.9606299212599 229.13385826771653 59.05511811023622 Médlailles
585.8267716535433 1264.9606299212599 212.5984251968504 59.05511811023622 d’argent,
750.0 1264.9606299212599 196.06299212598427 59.05511811023622 Alençon,
896.4566929133858 1264.9606299212599 147.63779527559055 59.05511811023622 1865,
994.488188976378 1264.9606299212599 98.03149606299213 59.05511811023622 de
1044.0944881889764 1264.9606299212599 179.5275590551181 59.05511811023622 bronze,
1175.1968503937007 1264.9606299212599 98.03149606299213 59.05511811023622 au
1223.6220472440946 1264.9606299212599 162.99212598425197 59.05511811023622 Havre,
1321.6535433070867 1264.9606299212599 114.56692913385827 59.05511811023622 1868.

679.1338582677165 1322.8346456692914 124.01574803149606 64.96062992125984 Rue
750.0 1322.8346456692914 283.46456692913387 64.96062992125984 d’Amsterdam,
980.3149606299213 1322.8346456692914 124.01574803149606 64.96062992125984 92,
1033.4645669291338 1322.8346456692914 141.73228346456693 64.96062992125984 Paris.

406.2992125984252 1368.8976377952756 158.26771653543307 63.77952755905512 358.
505.51181102362204 1368.8976377952756 237.4015748031496 63.77952755905512 Portrait
683.8582677165355 1368.8976377952756 119.29133858267717 63.77952755905512 du
742.9133858267717 1368.8976377952756 158.26771653543307 63.77952755905512 fils
842.1259842519685 1368.8976377952756 119.29133858267717 63.77952755905512 de
882.2834645669292 1368.8976377952756 217.3228346456693 63.77952755905512 l’Auteur.

661.4173228346457 1688.976377952756 301.18110236220474 114.56692913385827 SELLIER
852.7559055118111 1688.976377952756 328.34645669291336 114.56692913385827 (Charles),

442.9133858267717 1783.4645669291338 92.1259842519685 66.14173228346456 Né
488.9763779527559 1783.4645669291338 76.77165354330708 66.14173228346456 à
519.6850393700787 1783.4645669291338 154.7244094488189 66.14173228346456 Nancy,
628.3464566929134 1783.4645669291338 185.43307086614172 66.14173228346456 élève
767.7165354330708 1783.4645669291338 92.1259842519685 66.14173228346456 de
813.7795275590552 1783.4645669291338 139.37007874015748 66.14173228346456 Louis
905.9055118110236 1783.4645669291338 170.07874015748033 66.14173228346456 Leborne
1029.9212598425197 1783.4645669291338 92.1259842519685 66.14173228346456 et
1075.984251968504 1783.4645669291338 92.1259842519685 66.14173228346456 de
1122.0472440944882 1783.4645669291338 92.1259842519685 66.14173228346456 M.
1169.291338582677 1783.4645669291338 92.1259842519685 66.14173228346456 L.
1200.0 1783.4645669291338 216.14173228346456 66.14173228346456 Cogniet

504.3307086614173 1838.976377952756 154.7244094488189 56.69291338582677 Grand
608.2677165354331 1838.976377952756 138.18897637795277 56.69291338582677 prix
694.488188976378 1838.976377952756 103.93700787401575 56.69291338582677 de
746.4566929133858 1838.976377952756 154.7244094488189 56.69291338582677 Rome,
849.2125984251968 1838.976377952756 154.7244094488189 56.69291338582677 1857;
953.1496062992126 1838.976377952756 224.40944881889763 56.69291338582677 médaille,
1125.5905511811025 1838.976377952756 172.44094488188978 56.69291338582677 Paris,
1229.5275590551182 1838.976377952756 120.4724409448819 56.69291338582677 1865.

666.1417322834645 1886.2204724409448 183.0708661417323 64.96062992125984 Avenue
793.7007874015748 1886.2204724409448 109.84251968503936 64.96062992125984 de
848.0314960629921 1886.2204724409448 200.78740157480314 64.96062992125984 Wagram,
994.488188976378 1886.2204724409448 127.55905511811024 64.96062992125984 67,
1048.8188976377953 1886.2204724409448 146.45669291338584 64.96062992125984 Paris.

409.84251968503935 1945.275590551181 173.6220472440945 67.32283464566929 359.
518.503937007874 1945.275590551181 129.92125984251967 67.32283464566929 Le
583.4645669291339 1945.275590551181 239.76377952755905 67.32283464566929 Piqueur
757.0866141732283 1945.275590551181 217.3228346456693 67.32283464566929 romain
909.4488188976378 1945.275590551181 129.92125984251967 67.32283464566929 en
953.1496062992126 1945.275590551181 217.3228346456693 67.32283464566929 tournée.

413.38582677165357 2010.236220472441 164.17322834645668 63.77952755905512 360.
516.1417322834645 2010.236220472441 268.1102362204724 63.77952755905512 Italienne
721.6535433070866 2010.236220472441 164.17322834645668 63.77952755905512 près
824.4094488188977 2010.236220472441 124.01574803149606 63.77952755905512 de
885.8267716535433 2010.236220472441 124.01574803149606 63.77952755905512 la
948.4251968503937 2010.236220472441 205.51181102362204 63.77952755905512 Madone
1092.5196850393702 2010.236220472441 124.01574803149606 63.77952755905512 de
1133.8582677165355 2010.236220472441 308.26771653543307 63.77952755905512 San

572.8346456692914 2061.0236220472443 121.65354330708661 60.23622047244095 à
597.6377952755905 2061.0236220472443 170.07874015748033 60.23622047244095 Rome.
