1743.3070866141732 2770.8661417322833
771.2598425196851 290.5511811023622 145.2755905511811 75.59055118110236 —
829.1338582677165 290.5511811023622 173.6220472440945 75.59055118110236 90
887.007874015748 290.5511811023622 87.4015748031496 75.59055118110236 —

497.244094488189 403.93700787401576 363.7795275590551 99.21259842519684 VEYRASSAT
748.8188976377953 403.93700787401576 503.1496062992126 99.21259842519684 (Jules

775.9842519685039 488.9763779527559 105.11811023622047 66.14173228346456 Né
829.1338582677165 488.9763779527559 87.4015748031496 66.14173228346456 à
845.6692913385826 488.9763779527559 140.5511811023622 66.14173228346456 Paris.

362.59842519685037 519.6850393700787 178.3464566929134 87.4015748031496 Membre
487.79527559055117 519.6850393700787 107.48031496062993 87.4015748031496 de
540.9448818897638 519.6850393700787 250.39370078740157 87.4015748031496 l’Académie
737.007874015748 519.6850393700787 107.48031496062993 87.4015748031496 de
791.3385826771654 519.6850393700787 250.39370078740157 87.4015748031496 Rotterdam;
987.4015748031496 519.6850393700787 232.6771653543307 87.4015748031496 Médailles
1165.748031496063 519.6850393700787 160.62992125984252 87.4015748031496 d’or,
1255.5118110236222 519.6850393700787 142.91338582677164 87.4015748031496 Rouen,

399.21259842519686 579.9212598425197 162.99212598425197 75.59055118110236 Paris,
513.7795275590552 579.9212598425197 147.63779527559055 75.59055118110236 1866;
611.8110236220473 579.9212598425197 212.5984251968504 75.59055118110236 Médailles
774.8031496062993 579.9212598425197 212.5984251968504 75.59055118110236 d’argent,
938.9763779527559 579.9212598425197 162.99212598425197 75.59055118110236 Rouen,
1053.5433070866143 579.9212598425197 179.5275590551181 75.59055118110236 Troyes,
1183.4645669291338 579.9212598425197 162.99212598425197 75.59055118110236 Dijon,
1281.4960629921259 579.9212598425197 114.56692913385827 75.59055118110236 Metz,

399.21259842519686 615.3543307086615 178.3464566929134 64.96062992125984 Nantes,
529.1338582677165 615.3543307086615 96.85039370078741 64.96062992125984 le
577.5590551181102 615.3543307086615 161.81102362204723 64.96062992125984 Havre,
675.5905511811023 615.3543307086615 96.85039370078741 64.96062992125984 etc.

620.0787401574803 643.7007874015748 214.96062992125985 92.1259842519685 Boulevard
785.4330708661417 643.7007874015748 99.21259842519684 92.1259842519685 de
835.0393700787401 643.7007874015748 181.88976377952756 92.1259842519685 Clichy,
968.503937007874 643.7007874015748 99.21259842519684 92.1259842519685 7,
1001.5748031496063 643.7007874015748 132.28346456692913 92.1259842519685 Paris.

355.51181102362204 712.2047244094488 170.07874015748033 95.66929133858268 387.
461.81102362204723 712.2047244094488 233.85826771653544 95.66929133858268 Chevaux
631.8897637795276 712.2047244094488 127.55905511811024 95.66929133858268 de
694.488188976378 712.2047244094488 212.5984251968504 95.66929133858268 halage
843.3070866141733 712.2047244094488 170.07874015748033 95.66929133858268 dans
949.6062992125984 712.2047244094488 127.55905511811024 95.66929133858268 un
1013.3858267716536 712.2047244094488 148.8188976377953 95.66929133858268 bac
1098.4251968503936 712.2047244094488 148.8188976377953 95.66929133858268 sur
1182.283464566929 712.2047244094488 127.55905511811024 95.66929133858268 la
1224.8031496062993 712.2047244094488 170.07874015748033 95.66929133858268 Haute-

519.6850393700787 778.3464566929134 199.60629921259843 75.59055118110236 Seine,
659.0551181102362 778.3464566929134 179.5275590551181 75.59055118110236 effet
779.5275590551181 778.3464566929134 119.29133858267717 75.59055118110236 du
819.6850393700787 778.3464566929134 159.4488188976378 75.59055118110236 matin.

516.1417322834645 845.6692913385826 256.2992125984252 67.32283464566929 (Appartient
720.4724409448819 845.6692913385826 85.03937007874016 67.32283464566929 à
754.7244094488188 845.6692913385826 102.75590551181102 67.32283464566929 M.
806.6929133858267 845.6692913385826 290.5511811023622 67.32283464566929 Bénard-Leduc,
1046.4566929133857 845.6692913385826 102.75590551181102 67.32283464566929 de
1080.708661417323 845.6692913385826 153.54330708661416 67.32283464566929 Rouen).

620.0787401574803 986.2204724409448 261.0236220472441 93.30708661417323 VIARD
764.1732283464567 986.2204724409448 347.244094488189 93.30708661417323 (Georges),

760.6299212598425 1053.5433070866143 106.2992125984252 68.50393700787401 Né
813.7795275590552 1053.5433070866143 88.58267716535433 68.50393700787401 à
831.496062992126 1053.5433070866143 141.73228346456693 68.50393700787401 Paris.

668.503937007874 1103.1496062992126 116.92913385826772 74.40944881889764 Rue
734.6456692913385 1103.1496062992126 200.78740157480314 74.40944881889764 Clauzel,
885.8267716535433 1103.1496062992126 116.92913385826772 74.40944881889764 25,
935.4330708661417 1103.1496062992126 133.46456692913387 74.40944881889764 Paris.

350.78740157480314 1156.2992125984251 164.17322834645668 75.59055118110236 388.
453.54330708661416 1156.2992125984251 205.51181102362204 75.59055118110236 Fleurs
597.6377952755905 1156.2992125984251 164.17322834645668 75.59055118110236 dans
700.3937007874016 1156.2992125984251 124.01574803149606 75.59055118110236 un
761.8110236220473 1156.2992125984251 164.17322834645668 75.59055118110236 vase
864.5669291338583 1156.2992125984251 124.01574803149606 75.59055118110236 de
925.9842519685039 1156.2992125984251 185.43307086614172 75.59055118110236 verre
1029.9212598425197 1156.2992125984251 164.17322834645668 75.59055118110236 opale.

499.6062992125984 1301.5748031496064 240.9448818897638 96.85039370078741 VIGER
633.0708661417323 1301.5748031496064 588.1889763779527 96.85039370078741 (Jean

350.78740157480314 1366.5354330708662 93.30708661417323 82.67716535433071 Né
396.8503937007874 1366.5354330708662 77.95275590551181 82.67716535433071 à
428.74015748031496 1366.5354330708662 186.61417322834646 82.67716535433071 Argentan
568.1102362204724 1366.5354330708662 171.25984251968504 82.67716535433071 (Orne),
693.3070866141733 1366.5354330708662 186.61417322834646 82.67716535433071 élève
833.8582677165355 1366.5354330708662 93.30708661417323 82.67716535433071 de
879.9212598425197 1366.5354330708662 171.25984251968504 82.67716535433071 Lehmann
1005.1181102362204 1366.5354330708662 93.30708661417323 82.67716535433071 et
1051.1811023622047 1366.5354330708662 93.30708661417323 82.67716535433071 de
1098.4251968503936 1366.5354330708662 93.30708661417323 82.67716535433071 P.
1129.1338582677165 1366.5354330708662 249.21259842519686 82.67716535433071 Delaroche

631.8897637795276 1430.3149606299212 175.98425196850394 79.13385826771653 Passage
760.6299212598425 1430.3149606299212 224.40944881889763 79.13385826771653 Stanislas,
936.6141732283464 1430.3149606299212 95.66929133858268 79.13385826771653 7,
968.503937007874 1430.3149606299212 128.74015748031496 79.13385826771653 Paris.

341.33858267716533 1482.283464566929 173.6220472440945 59.05511811023622 389.
450.0 1482.283464566929 261.0236220472441 59.05511811023622 Souvenir
646.0629921259842 1482.283464566929 131.10236220472441 59.05511811023622 de
711.0236220472441 1482.283464566929 131.10236220472441 59.05511811023622 la
754.7244094488188 1482.283464566929 261.0236220472441 59.05511811023622 Malmaison.

381.496062992126 1524.8031496062993 98.03149606299213 80.31496062992126 Un
431.1023622047244 1524.8031496062993 147.63779527559055 80.31496062992126 jour,
529.1338582677165 1524.8031496062993 196.06299212598427 80.31496062992126 Hortense
676.7716535433071 1524.8031496062993 98.03149606299213 80.31496062992126 et
725.1968503937007 1524.8031496062993 98.03149606299213 80.31496062992126 sa
774.8031496062993 1524.8031496062993 131.10236220472441 80.31496062992126 mère
856.2992125984252 1524.8031496062993 212.5984251968504 80.31496062992126 prenaient
1020.4724409448819 1524.8031496062993 98.03149606299213 80.31496062992126 le
1070.0787401574803 1524.8031496062993 147.63779527559055 80.31496062992126 frais
1168.1102362204724 1524.8031496062993 131.10236220472441 80.31496062992126 dans
1249.6062992125985 1524.8031496062993 98.03149606299213 80.31496062992126 le
1282.6771653543308 1524.8031496062993 98.03149606299213 80.31496062992126 parc

346.06299212598424 1579.1338582677165 95.66929133858268 66.14173228346456 de
393.3070866141732 1579.1338582677165 95.66929133858268 66.14173228346456 la
441.73228346456693 1579.1338582677165 223.22834645669292 66.14173228346456 Malmaison,
616.5354330708661 1579.1338582677165 159.4488188976378 66.14173228346456 toutes
728.7401574803149 1579.1338582677165 112.20472440944881 66.14173228346456 les
792.5196850393701 1579.1338582677165 207.8740157480315 66.14173228346456 personnes
951.9685039370079 1579.1338582677165 112.20472440944881 66.14173228346456 qui
1015.7480314960629 1579.1338582677165 112.20472440944881 66.14173228346456 s’y
1079.5275590551182 1579.1338582677165 223.22834645669292 66.14173228346456 trouvaient
1238.976377952756 1579.1338582677165 144.09448818897638 66.14173228346456 étaient

343.7007874015748 1631.1023622047244 180.70866141732284 51.968503937007874 assises
475.98425196850394 1631.1023622047244 99.21259842519684 51.968503937007874 en
524.4094488188977 1631.1023622047244 164.17322834645668 51.968503937007874 cercle
640.1574803149606 1631.1023622047244 164.17322834645668 51.968503937007874 autour
754.7244094488188 1631.1023622047244 197.24409448818898 51.968503937007874 d'elles.
903.5433070866142 1631.1023622047244 213.7795275590551 51.968503937007874 Joséphine
1067.716535433071 1631.1023622047244 246.8503937007874 51.968503937007874 s’extasiait
1264.9606299212599 1631.1023622047244 115.74803149606299 51.968503937007874 sur
1314.5669291338584 1631.1023622047244 66.14173228346456 51.968503937007874 le

343.7007874015748 1666.5354330708662 175.98425196850394 57.874015748031496 parfum
466.53543307086613 1666.5354330708662 140.5511811023622 57.874015748031496 d’un
555.1181102362204 1666.5354330708662 193.70078740157481 57.874015748031496 bouquet
695.6692913385826 1666.5354330708662 193.70078740157481 57.874015748031496 qu’elle
836.2204724409448 1666.5354330708662 193.70078740157481 57.874015748031496 portait
976.7716535433071 1666.5354330708662 87.4015748031496 57.874015748031496 à
1012.2047244094488 1666.5354330708662 105.11811023622047 57.874015748031496 la
1064.1732283464567 1666.5354330708662 227.95275590551182 57.874015748031496 ceinture,
1222.4409448818897 1666.5354330708662 158.26771653543307 57.874015748031496 lorsque

342.5196850393701 1699.6062992125985 207.8740157480315 57.874015748031496 Napoléon
498.4251968503937 1699.6062992125985 242.1259842519685 57.874015748031496 ramassant,
688.5826771653543 1699.6062992125985 138.18897637795277 57.874015748031496 sans
774.8031496062993 1699.6062992125985 155.90551181102362 57.874015748031496 qu’on
878.7401574803149 1699.6062992125985 138.18897637795277 57.874015748031496 s’en
964.9606299212599 1699.6062992125985 207.8740157480315 57.874015748031496 aperçût,
1120.8661417322835 1699.6062992125985 120.4724409448819 57.874015748031496 une
1189.3700787401574 1699.6062992125985 190.15748031496062 57.874015748031496 poignée
1309.8425196850394 1699.6062992125985 69.68503937007874 57.874015748031496 de

343.7007874015748 1736.2204724409448 159.4488188976378 51.968503937007874 terre,
454.7244094488189 1736.2204724409448 95.66929133858268 51.968503937007874 la
501.9685039370079 1736.2204724409448 127.55905511811024 51.968503937007874 sema
582.2834645669292 1736.2204724409448 111.02362204724409 51.968503937007874 sur
646.0629921259842 1736.2204724409448 111.02362204724409 51.968503937007874 les
709.8425196850394 1736.2204724409448 159.4488188976378 51.968503937007874 fleurs
820.8661417322835 1736.2204724409448 95.66929133858268 51.968503937007874 de
869.2913385826772 1736.2204724409448 95.66929133858268 51.968503937007874 sa
916.5354330708661 1736.2204724409448 159.4488188976378 51.968503937007874 femme.
1027.5590551181103 1736.2204724409448 111.02362204724409 51.968503937007874 Ah!
1091.3385826771653 1736.2204724409448 111.02362204724409 51.968503937007874 que
1155.1181102362204 1736.2204724409448 95.66929133858268 51.968503937007874 tu
1203.5433070866143 1736.2204724409448 95.66929133858268 51.968503937007874 es
1235.4330708661416 1736.2204724409448 142.91338582677164 51.968503937007874 taquin,

340.15748031496065 1769.291338582677 124.01574803149606 54.330708661417326 lui
411.0236220472441 1769.291338582677 124.01574803149606 54.330708661417326 dit
481.8897637795276 1769.291338582677 229.13385826771653 54.330708661417326 Joséphine
657.8740157480315 1769.291338582677 106.2992125984252 54.330708661417326 de
711.0236220472441 1769.291338582677 106.2992125984252 54.330708661417326 ce
762.992125984252 1769.291338582677 124.01574803149606 54.330708661417326 ton
833.8582677165355 1769.291338582677 106.2992125984252 54.330708661417326 de
887.007874015748 1769.291338582677 140.5511811023622 54.330708661417326 doux
975.5905511811023 1769.291338582677 211.41732283464566 54.330708661417326 reproche
1133.8582677165355 1769.291338582677 124.01574803149606 54.330708661417326 qui
1204.724409448819 1769.291338582677 124.01574803149606 54.330708661417326 lui
1256.6929133858268 1769.291338582677 124.01574803149606 54.330708661417326 était

343.7007874015748 1803.5433070866143 210.23622047244095 59.05511811023622 familier,
505.51181102362204 1803.5433070866143 113.38582677165354 59.05511811023622 que
570.4724409448819 1803.5433070866143 178.3464566929134 59.05511811023622 t’ai-je
700.3937007874016 1803.5433070866143 129.92125984251967 59.05511811023622 fait
781.8897637795276 1803.5433070866143 129.92125984251967 59.05511811023622 pour
862.2047244094488 1803.5433070866143 161.81102362204723 59.05511811023622 abimer
975.5905511811023 1803.5433070866143 145.2755905511811 59.05511811023622 ainsi
1072.4409448818897 1803.5433070866143 113.38582677165354 59.05511811023622 mon
1137.4015748031495 1803.5433070866143 194.88188976377953 59.05511811023622 bouquet?
1283.8582677165355 1803.5433070866143 96.85039370078741 59.05511811023622 Tu
1315.748031496063 1803.5433070866143 64.96062992125984 59.05511811023622 ne

346.06299212598424 1847.244094488189 125.19685039370079 57.874015748031496 vois
424.01574803149606 1847.244094488189 125.19685039370079 57.874015748031496 pas,
501.9685039370079 1847.244094488189 109.84251968503936 57.874015748031496 lui
564.5669291338583 1847.244094488189 187.79527559055117 57.874015748031496 répondit
706.2992125984252 1847.244094488189 203.1496062992126 57.874015748031496 galamient
862.2047244094488 1847.244094488189 203.1496062992126 57.874015748031496 Napoléon,
1019.2913385826772 1847.244094488189 109.84251968503936 57.874015748031496 que
1081.8897637795276 1847.244094488189 140.5511811023622 57.874015748031496 c’est
1176.3779527559054 1847.244094488189 125.19685039370079 57.874015748031496 afin
1254.3307086614172 1847.244094488189 94.48818897637796 57.874015748031496 de
1285.0393700787401 1847.244094488189 94.48818897637796 57.874015748031496 t’en

346.06299212598424 1880.3149606299212 153.54330708661416 64.96062992125984 offrir
453.54330708661416 1880.3149606299212 92.1259842519685 64.96062992125984 un
499.6062992125984 1880.3149606299212 122.83464566929133 64.96062992125984 plus
576.3779527559055 1880.3149606299212 138.18897637795277 64.96062992125984 frais
668.503937007874 1880.3149606299212 92.1259842519685 64.96062992125984 et
714.5669291338583 1880.3149606299212 168.89763779527559 64.96062992125984 cucilli
838.5826771653543 1880.3149606299212 92.1259842519685 64.96062992125984 de
884.6456692913385 1880.3149606299212 92.1259842519685 64.96062992125984 ma
915.3543307086615 1880.3149606299212 168.89763779527559 64.96062992125984 main.....

382.6771653543307 1924.015748031496 257.4803149606299 67.32283464566929 Joséphine
591.7322834645669 1924.015748031496 144.09448818897638 67.32283464566929 ayant
688.5826771653543 1924.015748031496 160.62992125984252 67.32283464566929 divisé
800.7874015748032 1924.015748031496 112.20472440944881 67.32283464566929 son
865.7480314960629 1924.015748031496 177.16535433070865 67.32283464566929 nouveau
993.3070866141733 1924.015748031496 192.51968503937007 67.32283464566929 bouquet,
1138.5826771653544 1924.015748031496 160.62992125984252 67.32283464566929 offrit
1235.4330708661416 1924.015748031496 144.09448818897638 67.32283464566929 une

346.06299212598424 1954.724409448819 193.70078740157481 56.69291338582677 fleur
491.33858267716533 1954.724409448819 80.31496062992126 56.69291338582677 à
524.4094488188977 1954.724409448819 177.16535433070865 56.69291338582677 chacune
653.1496062992126 1954.724409448819 113.38582677165354 56.69291338582677 des
716.9291338582677 1954.724409448819 145.2755905511811 56.69291338582677 dames
813.7795275590552 1954.724409448819 113.38582677165354 56.69291338582677 qui
878.7401574803149 1954.724409448819 177.16535433070865 56.69291338582677 étaient
1007.4803149606299 1954.724409448819 225.59055118110237 56.69291338582677 présentes,
1184.6456692913387 1954.724409448819 96.85039370078741 56.69291338582677 en
1216.5354330708662 1954.724409448819 161.81102362204723 56.69291338582677 leur

347.244094488189 2011.4173228346456 223.22834645669292 66.14173228346456 disant:
522.0472440944882 2011.4173228346456 223.22834645669292 66.14173228346456 Conservez,
696.8503937007874 2011.4173228346456 95.66929133858268 66.14173228346456 je
744.0944881889764 2011.4173228346456 127.55905511811024 66.14173228346456 vous
824.4094488188977 2011.4173228346456 142.91338582677164 66.14173228346456 prie,
918.8976377952756 2011.4173228346456 111.02362204724409 66.14173228346456 ces
982.6771653543307 2011.4173228346456 142.91338582677164 66.14173228346456 roses
1078.3464566929133 2011.4173228346456 95.66929133858268 66.14173228346456 en
1126.7716535433071 2011.4173228346456 191.33858267716536 66.14173228346456 souvenir
1253.1496062992126 2011.4173228346456 127.55905511811024 66.14173228346456 de

348.4251968503937 2036.2204724409448 120.4724409448819 67.32283464566929 la
427.5590551181102 2036.2204724409448 106.2992125984252 67.32283464566929 main
494.88188976377955 2036.2204724409448 93.30708661417323 67.32283464566929 qui
548.0314960629921 2036.2204724409448 93.30708661417323 67.32283464566929 les
601.1811023622047 2036.2204724409448 66.14173228346456 67.32283464566929 a
614.1732283464567 2036.2204724409448 213.7795275590551 67.32283464566929 cueillies

891.7322834645669 2070.472440944882 230.31496062992127 73.22834645669292 (Mémoires
1068.8976377952756 2070.472440944882 106.2992125984252 73.22834645669292 du
1104.3307086614172 2070.472440944882 159.4488188976378 73.22834645669292 temps).
