1736.2204724409448 2725.984251968504
755.9055118110236 256.2992125984252 145.2755905511811 74.40944881889764 —
813.7795275590552 256.2992125984252 173.6220472440945 74.40944881889764 91
871.6535433070866 256.2992125984252 87.4015748031496 74.40944881889764 —

643.7007874015748 367.3228346456693 258.66141732283467 98.03149606299213 VILLA
786.6141732283464 367.3228346456693 288.18897637795277 98.03149606299213 (Emile),

442.9133858267717 450.0 90.94488188976378 56.69291338582677 Né
488.9763779527559 450.0 75.59055118110236 56.69291338582677 à
518.503937007874 450.0 240.9448818897638 56.69291338582677 Montpellier,
714.5669291338583 450.0 180.70866141732284 56.69291338582677 élève
850.3937007874016 450.0 90.94488188976378 56.69291338582677 de
895.2755905511812 450.0 105.11811023622047 56.69291338582677 MM.
955.511811023622 450.0 151.1811023622047 56.69291338582677 Gleyre
1061.8110236220473 450.0 90.94488188976378 56.69291338582677 et
1091.3385826771653 450.0 196.06299212598427 56.69291338582677 Glaize

587.007874015748 512.5984251968504 180.70866141732284 59.05511811023622 Avenue
713.3858267716536 512.5984251968504 108.66141732283465 59.05511811023622 de
767.7165354330708 512.5984251968504 235.03937007874015 59.05511811023622 Breteuil,
948.4251968503937 512.5984251968504 126.37795275590551 59.05511811023622 78,
1002.7559055118111 512.5984251968504 144.09448818897638 59.05511811023622 Paris.

348.4251968503937 556.2992125984252 155.90551181102362 63.77952755905512 390.
445.2755905511811 556.2992125984252 116.92913385826772 63.77952755905512 La
503.1496062992126 556.2992125984252 232.6771653543307 63.77952755905512 Laitière
677.9527559055118 556.2992125984252 116.92913385826772 63.77952755905512 et
737.007874015748 556.2992125984252 116.92913385826772 63.77952755905512 le
794.8818897637796 556.2992125984252 135.82677165354332 63.77952755905512 Pot
872.8346456692914 556.2992125984252 116.92913385826772 63.77952755905512 au
911.8110236220473 556.2992125984252 135.82677165354332 63.77952755905512 lait.

344.88188976377955 616.5354330708661 167.71653543307087 77.95275590551181 391.
450.0 616.5354330708661 146.45669291338584 77.95275590551181 Une
533.8582677165355 616.5354330708661 250.39370078740157 77.95275590551181 nouvelle
700.3937007874016 616.5354330708661 230.31496062992127 77.95275590551181 Perrette.

346.06299212598424 675.5905511811023 162.99212598425197 76.77165354330708 392.
427.5590551181102 675.5905511811023 203.1496062992126 76.77165354330708 Italien.

598.8188976377953 864.5669291338583 318.8976377952756 90.94488188976378 VILLAIN
801.9685039370079 864.5669291338583 318.8976377952756 90.94488188976378 (Eugène),

444.09448818897636 942.5196850393701 88.58267716535433 56.69291338582677 Né
487.79527559055117 942.5196850393701 74.40944881889764 56.69291338582677 à
517.3228346456693 942.5196850393701 147.63779527559055 56.69291338582677 Paris,
621.2598425196851 942.5196850393701 177.16535433070865 56.69291338582677 élève
753.5433070866142 942.5196850393701 88.58267716535433 56.69291338582677 de
798.4251968503937 942.5196850393701 162.99212598425197 56.69291338582677 Charlet
916.5354330708661 942.5196850393701 88.58267716535433 56.69291338582677 et
960.2362204724409 942.5196850393701 88.58267716535433 56.69291338582677 de
1005.1181102362204 942.5196850393701 88.58267716535433 56.69291338582677 M.
1048.8188976377953 942.5196850393701 88.58267716535433 56.69291338582677 L.
1078.3464566929133 942.5196850393701 206.69291338582678 56.69291338582677 Cogniet

512.5984251968504 995.6692913385826 116.92913385826772 85.03937007874016 Rue
578.7401574803149 995.6692913385826 100.39370078740157 85.03937007874016 de
629.5275590551181 995.6692913385826 100.39370078740157 85.03937007874016 la
679.1338582677165 995.6692913385826 250.39370078740157 85.03937007874016 Procession,
879.9212598425197 995.6692913385826 100.39370078740157 85.03937007874016 4,
912.992125984252 995.6692913385826 300.0 85.03937007874016 Vaugirard

343.7007874015748 1050.0 174.8031496062992 89.76377952755905 393.
452.3622047244094 1050.0 153.54330708661416 89.76377952755905 Les
539.7637795275591 1050.0 262.20472440944883 89.76377952755905 derniers
714.5669291338583 1050.0 218.50393700787401 89.76377952755905 moments.

564.5669291338583 1253.1496062992126 214.96062992125985 100.39370078740157 VON
687.4015748031496 1253.1496062992126 305.90551181102364 100.39370078740157 THOREN
871.6535433070866 1253.1496062992126 276.37795275590554 100.39370078740157 (Otto),

707.4803149606299 1339.3700787401574 111.02362204724409 68.50393700787401 Né
762.992125984252 1339.3700787401574 92.1259842519685 68.50393700787401 à
800.7874015748032 1339.3700787401574 204.33070866141733 68.50393700787401 Vienne.
930.7086614173228 1339.3700787401574 92.1259842519685 68.50393700787401 Ex.

563.3858267716536 1383.0708661417323 206.69291338582678 93.30708661417323 Boulevard
721.6535433070866 1383.0708661417323 111.02362204724409 93.30708661417323 des
785.4330708661417 1383.0708661417323 255.11811023622047 93.30708661417323 Batignolles,
993.3070866141733 1383.0708661417323 111.02362204724409 93.30708661417323 21,
1040.5511811023623 1383.0708661417323 127.55905511811024 93.30708661417323 Paris.

340.15748031496065 1446.8503937007874 179.5275590551181 72.04724409448819 394.
452.3622047244094 1446.8503937007874 269.29133858267716 72.04724409448819 Pâturage
654.3307086614174 1446.8503937007874 134.64566929133858 72.04724409448819 en
700.3937007874016 1446.8503937007874 269.29133858267716 72.04724409448819 Normandie.

343.7007874015748 1505.9055118110236 162.99212598425197 98.03149606299213 395.
445.2755905511811 1505.9055118110236 224.40944881889763 98.03149606299213 Herbage
609.4488188976378 1505.9055118110236 102.75590551181102 98.03149606299213 à
649.6062992125984 1505.9055118110236 408.66141732283467 98.03149606299213 Villiers-sur-Mer
976.7716535433071 1505.9055118110236 265.748031496063 98.03149606299213 (Calvados).

591.7322834645669 1716.1417322834645 263.38582677165357 111.02362204724409 WEBER
738.1889763779527 1716.1417322834645 380.31496062992125 111.02362204724409 (Théodore),

698.0314960629921 1800.0 94.48818897637796 64.96062992125984 Né
745.2755905511812 1800.0 79.13385826771653 64.96062992125984 à
775.9842519685039 1800.0 172.44094488188978 64.96062992125984 Leipzic
885.8267716535433 1800.0 141.73228346456693 64.96062992125984 (Saxe).

587.007874015748 1850.7874015748032 222.04724409448818 60.23622047244095 Boulevard
757.0866141732283 1850.7874015748032 102.75590551181102 60.23622047244095 de
809.0551181102362 1850.7874015748032 187.79527559055117 60.23622047244095 Clichy,
946.0629921259842 1850.7874015748032 119.29133858267717 60.23622047244095 21,
996.8503937007874 1850.7874015748032 137.00787401574803 60.23622047244095 Paris.

343.7007874015748 1905.1181102362204 162.99212598425197 80.31496062992126 396.
445.2755905511811 1905.1181102362204 122.83464566929133 80.31496062992126 Le
506.6929133858268 1905.1181102362204 224.40944881889763 80.31496062992126 Passeur
669.6850393700787 1905.1181102362204 122.83464566929133 80.31496062992126 de
731.1023622047244 1905.1181102362204 224.40944881889763 80.31496062992126 Tréboul
874.0157480314961 1905.1181102362204 285.8267716535433 80.31496062992126 (Finistère).

341.33858267716533 1964.1732283464567 161.81102362204723 79.13385826771653 397.
441.73228346456693 1964.1732283464567 222.04724409448818 79.13385826771653 Tréboul
583.4645669291339 1964.1732283464567 283.46456692913387 79.13385826771653 (Finistère).

341.33858267716533 2022.0472440944882 164.17322834645668 92.1259842519685 398.
444.09448818897636 2022.0472440944882 205.51181102362204 92.1259842519685 Sortie
588.1889763779527 2022.0472440944882 124.01574803149606 92.1259842519685 du
629.5275590551181 2022.0472440944882 205.51181102362204 92.1259842519685 Tréport.
