<alto xmlns:xsi="http://www.w3.org/2001/XMLSchema-instance" xmlns="http://www.loc.gov/standards/alto/ns-v2#" xmlns:page="http://schema.primaresearch.org/PAGE/gts/pagecontent/2013-07-15" xsi:schemaLocation="http://www.loc.gov/standards/alto/ns-v2# http://www.loc.gov/standards/alto/alto.xsd">
  <Description>
    <MeasurementUnit>pixel</MeasurementUnit>
    <sourceImageInformation>
         <fileName>Cat_Paris_1969-0135.xml</fileName>
      </sourceImageInformation>
    <OCRProcessing ID="IdOcr">
      <ocrProcessingStep>
        <processingDateTime>2020-07-06T17:33:17.31+02:00</processingDateTime>
        <processingSoftware>
               <softwareCreator>CONTRIBUTORS</softwareCreator>
               <softwareName>pdfalto</softwareName>
               <softwareVersion>0.1</softwareVersion>
            </processingSoftware>
      </ocrProcessingStep>
    </OCRProcessing>
  </Description>
  <Styles>
     <TextStyle ID="FONT0" FONTFAMILY="unknown" FONTSIZE="unknown" FONTTYPE="unknown" FONTWIDTH="unknown" FONTCOLOR="unknown" FONTSTYLE=""/>
     <TextStyle ID="FONT1" FONTFAMILY="unknown" FONTSIZE="unknown" FONTTYPE="unknown" FONTWIDTH="unknown" FONTCOLOR="unknown" FONTSTYLE="bold"/>
     <TextStyle ID="FONT2" FONTFAMILY="unknown" FONTSIZE="unknown" FONTTYPE="unknown" FONTWIDTH="unknown" FONTCOLOR="unknown" FONTSTYLE="italics"/>
</Styles>
  <Tags/>
  <Layout>
    <Page ID="Page1" PHYSICAL_IMG_NR="1" HEIGHT="669.2598425196851" WIDTH="301.03937007874015">
      <PrintSpace HEIGHT="669.2598425196851" WIDTH="276.9448818897638" VPOS="0.0" HPOS="0.0">
        <TextBlock ID="r_1_1" HEIGHT="12.755905511811024" WIDTH="120.18897637795276" VPOS="28.346456692913385" HPOS="7.3700787401574805">
          <TextLine ID="tl_1" BASELINE="161" HEIGHT="20.69291338582677" WIDTH="122.74015748031496" VPOS="24.944881889763778" HPOS="6.2362204724409445">
            <String HEIGHT="20.69291338582677" WIDTH="136.3464566929134" VPOS="24.944881889763778" HPOS="-7.3700787401574805" CONTENT="VOUGOSLAVIE" ID="tl_1_1" STYLEREFS="FONT1"/>
          </TextLine>
        </TextBlock>
        <TextBlock ID="r_2_1" HEIGHT="27.77952755905512" WIDTH="212.88188976377953" VPOS="135.7795275590551" HPOS="54.14173228346457">
          <TextLine ID="tl_2" BASELINE="533" HEIGHT="17.5748031496063" WIDTH="197.85826771653544" VPOS="133.51181102362204" HPOS="52.724409448818896">
            <String HEIGHT="17.5748031496063" WIDTH="68.88188976377953" VPOS="133.51181102362204" HPOS="48.188976377952756" CONTENT="Commissaire" ID="tl_2_1" STYLEREFS="FONT0"/>
            <SP HEIGHT="17.5748031496063" WIDTH="4.535433070866142" VPOS="133.51181102362204" HPOS="117.07086614173228"/>
            <String HEIGHT="17.5748031496063" WIDTH="50.74015748031496" VPOS="133.51181102362204" HPOS="103.46456692913385" CONTENT="général" ID="tl_2_2" STYLEREFS="FONT0"/>
            <SP HEIGHT="17.5748031496063" WIDTH="4.535433070866142" VPOS="133.51181102362204" HPOS="153.92125984251967"/>
            <String HEIGHT="17.5748031496063" WIDTH="22.96062992125984" VPOS="133.51181102362204" HPOS="140.03149606299212" CONTENT=":" ID="tl_2_3" STYLEREFS="FONT0"/>
            <SP HEIGHT="17.5748031496063" WIDTH="4.535433070866142" VPOS="133.51181102362204" HPOS="163.2755905511811"/>
            <String HEIGHT="17.5748031496063" WIDTH="55.275590551181104" VPOS="133.51181102362204" HPOS="149.38582677165354" CONTENT="Boris" ID="tl_2_4" STYLEREFS="FONT1"/>
            <SP HEIGHT="17.5748031496063" WIDTH="4.535433070866142" VPOS="133.51181102362204" HPOS="204.66141732283464"/>
            <String HEIGHT="17.5748031496063" WIDTH="64.34645669291339" VPOS="133.51181102362204" HPOS="186.23622047244095" CONTENT="Vizintin" ID="tl_2_5" STYLEREFS="FONT1"/>
          </TextLine>
          <TextLine ID="tl_3" BASELINE="583" HEIGHT="17.291338582677167" WIDTH="214.86614173228347" VPOS="147.96850393700788" HPOS="53.574803149606296">
            <String HEIGHT="17.291338582677167" WIDTH="64.91338582677166" VPOS="147.96850393700788" HPOS="48.47244094488189" CONTENT="Directeur" ID="tl_3_1" STYLEREFS="FONT0"/>
            <SP HEIGHT="17.291338582677167" WIDTH="5.102362204724409" VPOS="147.96850393700788" HPOS="113.66929133858268"/>
            <String HEIGHT="17.291338582677167" WIDTH="30.04724409448819" VPOS="147.96850393700788" HPOS="98.64566929133858" CONTENT="du" ID="tl_3_2" STYLEREFS="FONT0"/>
            <SP HEIGHT="17.291338582677167" WIDTH="5.102362204724409" VPOS="147.96850393700788" HPOS="128.40944881889763"/>
            <String HEIGHT="17.291338582677167" WIDTH="45.07086614173228" VPOS="147.96850393700788" HPOS="113.66929133858268" CONTENT="Musée" ID="tl_3_3" STYLEREFS="FONT0"/>
            <SP HEIGHT="17.291338582677167" WIDTH="5.102362204724409" VPOS="147.96850393700788" HPOS="158.45669291338584"/>
            <String HEIGHT="17.291338582677167" WIDTH="45.07086614173228" VPOS="147.96850393700788" HPOS="143.43307086614172" CONTENT="d’Art" ID="tl_3_4" STYLEREFS="FONT0"/>
            <SP HEIGHT="17.291338582677167" WIDTH="5.102362204724409" VPOS="147.96850393700788" HPOS="188.50393700787401"/>
            <String HEIGHT="17.291338582677167" WIDTH="54.99212598425197" VPOS="147.96850393700788" HPOS="173.48031496062993" CONTENT="Moderne" ID="tl_3_5" STYLEREFS="FONT0"/>
            <SP HEIGHT="17.291338582677167" WIDTH="5.102362204724409" VPOS="147.96850393700788" HPOS="228.4724409448819"/>
            <String HEIGHT="17.291338582677167" WIDTH="30.04724409448819" VPOS="147.96850393700788" HPOS="213.4488188976378" CONTENT="de" ID="tl_3_6" STYLEREFS="FONT0"/>
            <SP HEIGHT="17.291338582677167" WIDTH="5.102362204724409" VPOS="147.96850393700788" HPOS="243.49606299212599"/>
            <String HEIGHT="17.291338582677167" WIDTH="45.07086614173228" VPOS="147.96850393700788" HPOS="223.37007874015748" CONTENT="Rijeka." ID="tl_3_7" STYLEREFS="FONT0"/>
          </TextLine>
        </TextBlock>
        <TextBlock ID="r_3_1" HEIGHT="84.4724409448819" WIDTH="249.16535433070865" VPOS="188.2204724409449" HPOS="23.811023622047244">
          <TextLine ID="tl_4" BASELINE="721" HEIGHT="15.590551181102363" WIDTH="234.99212598425197" VPOS="188.78740157480314" HPOS="39.40157480314961">
            <String HEIGHT="15.590551181102363" WIDTH="25.511811023622048" VPOS="188.78740157480314" HPOS="34.2992125984252" CONTENT="A" ID="tl_4_1" STYLEREFS="FONT0"/>
            <SP HEIGHT="15.590551181102363" WIDTH="5.102362204724409" VPOS="188.78740157480314" HPOS="59.811023622047244"/>
            <String HEIGHT="15.590551181102363" WIDTH="30.614173228346456" VPOS="188.78740157480314" HPOS="44.503937007874015" CONTENT="la" ID="tl_4_2" STYLEREFS="FONT0"/>
            <SP HEIGHT="15.590551181102363" WIDTH="5.102362204724409" VPOS="188.78740157480314" HPOS="75.11811023622047"/>
            <String HEIGHT="15.590551181102363" WIDTH="56.125984251968504" VPOS="188.78740157480314" HPOS="59.811023622047244" CONTENT="Sixième" ID="tl_4_3" STYLEREFS="FONT0"/>
            <SP HEIGHT="15.590551181102363" WIDTH="5.102362204724409" VPOS="188.78740157480314" HPOS="115.93700787401575"/>
            <String HEIGHT="15.590551181102363" WIDTH="61.22834645669291" VPOS="188.78740157480314" HPOS="100.62992125984252" CONTENT="Biennale" ID="tl_4_4" STYLEREFS="FONT0"/>
            <SP HEIGHT="15.590551181102363" WIDTH="5.102362204724409" VPOS="188.78740157480314" HPOS="162.14173228346456"/>
            <String HEIGHT="15.590551181102363" WIDTH="30.614173228346456" VPOS="188.78740157480314" HPOS="146.5511811023622" CONTENT="de" ID="tl_4_5" STYLEREFS="FONT0"/>
            <SP HEIGHT="15.590551181102363" WIDTH="5.102362204724409" VPOS="188.78740157480314" HPOS="177.4488188976378"/>
            <String HEIGHT="15.590551181102363" WIDTH="51.023622047244096" VPOS="188.78740157480314" HPOS="162.14173228346456" CONTENT="Paris," ID="tl_4_6" STYLEREFS="FONT0"/>
            <SP HEIGHT="15.590551181102363" WIDTH="5.102362204724409" VPOS="188.78740157480314" HPOS="213.16535433070865"/>
            <String HEIGHT="15.590551181102363" WIDTH="30.614173228346456" VPOS="188.78740157480314" HPOS="197.85826771653544" CONTENT="la" ID="tl_4_7" STYLEREFS="FONT0"/>
            <SP HEIGHT="15.590551181102363" WIDTH="5.102362204724409" VPOS="188.78740157480314" HPOS="228.4724409448819"/>
            <String HEIGHT="15.590551181102363" WIDTH="66.33070866141732" VPOS="188.78740157480314" HPOS="208.06299212598427" CONTENT="Yougoslavie" ID="tl_4_8" STYLEREFS="FONT0"/>
          </TextLine>
          <TextLine ID="tl_5" BASELINE="766" HEIGHT="17.5748031496063" WIDTH="250.58267716535434" VPOS="199.55905511811022" HPOS="23.244094488188978">
            <String HEIGHT="17.5748031496063" WIDTH="65.48031496062993" VPOS="199.55905511811022" HPOS="17.858267716535433" CONTENT="présente" ID="tl_5_1" STYLEREFS="FONT0"/>
            <SP HEIGHT="17.5748031496063" WIDTH="5.3858267716535435" VPOS="199.55905511811022" HPOS="83.05511811023622"/>
            <String HEIGHT="17.5748031496063" WIDTH="32.59842519685039" VPOS="199.55905511811022" HPOS="66.89763779527559" CONTENT="un" ID="tl_5_2" STYLEREFS="FONT0"/>
            <SP HEIGHT="17.5748031496063" WIDTH="5.3858267716535435" VPOS="199.55905511811022" HPOS="99.49606299212599"/>
            <String HEIGHT="17.5748031496063" WIDTH="65.48031496062993" VPOS="199.55905511811022" HPOS="83.05511811023622" CONTENT="peintre," ID="tl_5_3" STYLEREFS="FONT0"/>
            <SP HEIGHT="17.5748031496063" WIDTH="5.3858267716535435" VPOS="199.55905511811022" HPOS="148.53543307086613"/>
            <String HEIGHT="17.5748031496063" WIDTH="32.59842519685039" VPOS="199.55905511811022" HPOS="132.09448818897638" CONTENT="un" ID="tl_5_4" STYLEREFS="FONT0"/>
            <SP HEIGHT="17.5748031496063" WIDTH="5.3858267716535435" VPOS="199.55905511811022" HPOS="164.9763779527559"/>
            <String HEIGHT="17.5748031496063" WIDTH="76.25196850393701" VPOS="199.55905511811022" HPOS="148.53543307086613" CONTENT="sculpteur," ID="tl_5_5" STYLEREFS="FONT0"/>
            <SP HEIGHT="17.5748031496063" WIDTH="5.3858267716535435" VPOS="199.55905511811022" HPOS="224.78740157480314"/>
            <String HEIGHT="17.5748031496063" WIDTH="32.59842519685039" VPOS="199.55905511811022" HPOS="208.3464566929134" CONTENT="un" ID="tl_5_6" STYLEREFS="FONT0"/>
            <SP HEIGHT="17.5748031496063" WIDTH="5.3858267716535435" VPOS="199.55905511811022" HPOS="241.22834645669292"/>
            <String HEIGHT="17.5748031496063" WIDTH="54.425196850393704" VPOS="199.55905511811022" HPOS="219.4015748031496" CONTENT="graveur," ID="tl_5_7" STYLEREFS="FONT0"/>
          </TextLine>
          <TextLine ID="tl_6" BASELINE="802" HEIGHT="14.740157480314961" WIDTH="250.86614173228347" VPOS="212.5984251968504" HPOS="23.244094488188978">
            <String HEIGHT="14.740157480314961" WIDTH="32.59842519685039" VPOS="212.5984251968504" HPOS="17.858267716535433" CONTENT="un" ID="tl_6_1" STYLEREFS="FONT0"/>
            <SP HEIGHT="14.740157480314961" WIDTH="5.3858267716535435" VPOS="212.5984251968504" HPOS="50.45669291338583"/>
            <String HEIGHT="14.740157480314961" WIDTH="87.30708661417323" VPOS="212.5984251968504" HPOS="34.01574803149607" CONTENT="scénographe," ID="tl_6_2" STYLEREFS="FONT0"/>
            <SP HEIGHT="14.740157480314961" WIDTH="5.3858267716535435" VPOS="212.5984251968504" HPOS="121.32283464566929"/>
            <String HEIGHT="14.740157480314961" WIDTH="43.653543307086615" VPOS="212.5984251968504" HPOS="105.16535433070867" CONTENT="cinq" ID="tl_6_3" STYLEREFS="FONT0"/>
            <SP HEIGHT="14.740157480314961" WIDTH="5.3858267716535435" VPOS="212.5984251968504" HPOS="148.8188976377953"/>
            <String HEIGHT="14.740157480314961" WIDTH="87.30708661417323" VPOS="212.5984251968504" HPOS="132.3779527559055" CONTENT="compositeurs" ID="tl_6_4" STYLEREFS="FONT0"/>
            <SP HEIGHT="14.740157480314961" WIDTH="5.3858267716535435" VPOS="212.5984251968504" HPOS="219.68503937007873"/>
            <String HEIGHT="14.740157480314961" WIDTH="32.59842519685039" VPOS="212.5984251968504" HPOS="203.24409448818898" CONTENT="et" ID="tl_6_5" STYLEREFS="FONT0"/>
            <SP HEIGHT="14.740157480314961" WIDTH="5.3858267716535435" VPOS="212.5984251968504" HPOS="235.84251968503938"/>
            <String HEIGHT="14.740157480314961" WIDTH="43.653543307086615" VPOS="212.5984251968504" HPOS="219.68503937007873" CONTENT="sept" ID="tl_6_6" STYLEREFS="FONT0"/>
            <SP HEIGHT="14.740157480314961" WIDTH="5.3858267716535435" VPOS="212.5984251968504" HPOS="263.33858267716533"/>
            <String HEIGHT="14.740157480314961" WIDTH="32.59842519685039" VPOS="212.5984251968504" HPOS="241.51181102362204" CONTENT="réa" SUBS_TYPE="HypPart1" SUBS_CONTENT="réalisateurs" ID="tl_6_7" STYLEREFS="FONT0"/>
            <HYP CONTENT="-"/>
          </TextLine>
          <TextLine ID="tl_7" BASELINE="838" HEIGHT="14.173228346456693" WIDTH="250.86614173228347" VPOS="223.37007874015748" HPOS="23.244094488188978">
            <String HEIGHT="14.173228346456693" WIDTH="66.61417322834646" VPOS="223.37007874015748" HPOS="18.141732283464567" CONTENT="lisateurs" SUBS_TYPE="HypPart2" SUBS_CONTENT="réalisateurs" ID="tl_7_1" STYLEREFS="FONT0"/>
            <SP HEIGHT="14.173228346456693" WIDTH="5.102362204724409" VPOS="223.37007874015748" HPOS="84.75590551181102"/>
            <String HEIGHT="14.173228346456693" WIDTH="30.614173228346456" VPOS="223.37007874015748" HPOS="69.44881889763779" CONTENT="de" ID="tl_7_2" STYLEREFS="FONT0"/>
            <SP HEIGHT="14.173228346456693" WIDTH="5.102362204724409" VPOS="223.37007874015748" HPOS="100.06299212598425"/>
            <String HEIGHT="14.173228346456693" WIDTH="46.20472440944882" VPOS="223.37007874015748" HPOS="84.75590551181102" CONTENT="films" ID="tl_7_3" STYLEREFS="FONT0"/>
            <SP HEIGHT="14.173228346456693" WIDTH="5.102362204724409" VPOS="223.37007874015748" HPOS="130.6771653543307"/>
            <String HEIGHT="14.173228346456693" WIDTH="30.614173228346456" VPOS="223.37007874015748" HPOS="115.37007874015748" CONTENT="de" ID="tl_7_4" STYLEREFS="FONT0"/>
            <SP HEIGHT="14.173228346456693" WIDTH="5.102362204724409" VPOS="223.37007874015748" HPOS="145.98425196850394"/>
            <String HEIGHT="14.173228346456693" WIDTH="46.20472440944882" VPOS="223.37007874015748" HPOS="130.6771653543307" CONTENT="court" ID="tl_7_5" STYLEREFS="FONT0"/>
            <SP HEIGHT="14.173228346456693" WIDTH="5.102362204724409" VPOS="223.37007874015748" HPOS="176.88188976377953"/>
            <String HEIGHT="14.173228346456693" WIDTH="61.511811023622045" VPOS="223.37007874015748" HPOS="161.5748031496063" CONTENT="métrage." ID="tl_7_6" STYLEREFS="FONT0"/>
            <SP HEIGHT="14.173228346456693" WIDTH="5.102362204724409" VPOS="223.37007874015748" HPOS="222.8031496062992"/>
            <String HEIGHT="14.173228346456693" WIDTH="40.818897637795274" VPOS="223.37007874015748" HPOS="207.49606299212599" CONTENT="Pour" ID="tl_7_7" STYLEREFS="FONT0"/>
            <SP HEIGHT="14.173228346456693" WIDTH="5.102362204724409" VPOS="223.37007874015748" HPOS="248.5984251968504"/>
            <String HEIGHT="14.173228346456693" WIDTH="30.614173228346456" VPOS="223.37007874015748" HPOS="233.29133858267716" CONTENT="la" ID="tl_7_8" STYLEREFS="FONT0"/>
            <SP HEIGHT="14.173228346456693" WIDTH="5.102362204724409" VPOS="223.37007874015748" HPOS="263.90551181102364"/>
            <String HEIGHT="14.173228346456693" WIDTH="30.614173228346456" VPOS="223.37007874015748" HPOS="243.49606299212599" CONTENT="pre" SUBS_TYPE="HypPart1" SUBS_CONTENT="première" ID="tl_7_9" STYLEREFS="FONT0"/>
            <HYP CONTENT="-"/>
          </TextLine>
          <TextLine ID="tl_8" BASELINE="886" HEIGHT="15.023622047244094" WIDTH="250.58267716535434" VPOS="236.1259842519685" HPOS="23.244094488188978">
            <String HEIGHT="15.023622047244094" WIDTH="47.05511811023622" VPOS="236.1259842519685" HPOS="18.141732283464567" CONTENT="mière" SUBS_TYPE="HypPart2" SUBS_CONTENT="première" ID="tl_8_1" STYLEREFS="FONT0"/>
            <SP HEIGHT="15.023622047244094" WIDTH="5.102362204724409" VPOS="236.1259842519685" HPOS="64.91338582677166"/>
            <String HEIGHT="15.023622047244094" WIDTH="47.05511811023622" VPOS="236.1259842519685" HPOS="49.32283464566929" CONTENT="fois," ID="tl_8_2" STYLEREFS="FONT0"/>
            <SP HEIGHT="15.023622047244094" WIDTH="5.102362204724409" VPOS="236.1259842519685" HPOS="96.37795275590551"/>
            <String HEIGHT="15.023622047244094" WIDTH="41.669291338582674" VPOS="236.1259842519685" HPOS="80.78740157480316" CONTENT="elle" ID="tl_8_3" STYLEREFS="FONT0"/>
            <SP HEIGHT="15.023622047244094" WIDTH="5.102362204724409" VPOS="236.1259842519685" HPOS="122.45669291338582"/>
            <String HEIGHT="15.023622047244094" WIDTH="67.74803149606299" VPOS="236.1259842519685" HPOS="106.86614173228347" CONTENT="participe" ID="tl_8_4" STYLEREFS="FONT0"/>
            <SP HEIGHT="15.023622047244094" WIDTH="5.102362204724409" VPOS="236.1259842519685" HPOS="174.61417322834646"/>
            <String HEIGHT="15.023622047244094" WIDTH="26.078740157480315" VPOS="236.1259842519685" HPOS="159.0236220472441" CONTENT="à" ID="tl_8_5" STYLEREFS="FONT0"/>
            <SP HEIGHT="15.023622047244094" WIDTH="5.102362204724409" VPOS="236.1259842519685" HPOS="185.10236220472441"/>
            <String HEIGHT="15.023622047244094" WIDTH="47.05511811023622" VPOS="236.1259842519685" HPOS="169.51181102362204" CONTENT="cette" ID="tl_8_6" STYLEREFS="FONT0"/>
            <SP HEIGHT="15.023622047244094" WIDTH="5.102362204724409" VPOS="236.1259842519685" HPOS="216.28346456692913"/>
            <String HEIGHT="15.023622047244094" WIDTH="78.23622047244095" VPOS="236.1259842519685" HPOS="195.59055118110237" CONTENT="manifestation" ID="tl_8_7" STYLEREFS="FONT0"/>
          </TextLine>
          <TextLine ID="tl_9" BASELINE="920" HEIGHT="12.755905511811024" WIDTH="251.43307086614172" VPOS="248.03149606299212" HPOS="22.393700787401574">
            <String HEIGHT="12.755905511811024" WIDTH="42.803149606299215" VPOS="248.03149606299212" HPOS="17.007874015748033" CONTENT="avec" ID="tl_9_1" STYLEREFS="FONT0"/>
            <SP HEIGHT="12.755905511811024" WIDTH="5.3858267716535435" VPOS="248.03149606299212" HPOS="59.811023622047244"/>
            <String HEIGHT="12.755905511811024" WIDTH="37.41732283464567" VPOS="248.03149606299212" HPOS="43.653543307086615" CONTENT="une" ID="tl_9_2" STYLEREFS="FONT0"/>
            <SP HEIGHT="12.755905511811024" WIDTH="5.3858267716535435" VPOS="248.03149606299212" HPOS="81.35433070866142"/>
            <String HEIGHT="12.755905511811024" WIDTH="48.188976377952756" VPOS="248.03149606299212" HPOS="65.19685039370079" CONTENT="œuvre" ID="tl_9_3" STYLEREFS="FONT0"/>
            <SP HEIGHT="12.755905511811024" WIDTH="5.3858267716535435" VPOS="248.03149606299212" HPOS="113.38582677165354"/>
            <String HEIGHT="12.755905511811024" WIDTH="74.83464566929133" VPOS="248.03149606299212" HPOS="97.22834645669292" CONTENT="collective" ID="tl_9_4" STYLEREFS="FONT0"/>
            <SP HEIGHT="12.755905511811024" WIDTH="5.3858267716535435" VPOS="248.03149606299212" HPOS="172.06299212598427"/>
            <String HEIGHT="12.755905511811024" WIDTH="74.83464566929133" VPOS="248.03149606299212" HPOS="156.18897637795277" CONTENT="d’artistes" ID="tl_9_5" STYLEREFS="FONT0"/>
            <SP HEIGHT="12.755905511811024" WIDTH="5.3858267716535435" VPOS="248.03149606299212" HPOS="231.0236220472441"/>
            <String HEIGHT="12.755905511811024" WIDTH="53.574803149606296" VPOS="248.03149606299212" HPOS="214.86614173228347" CONTENT="réunis" ID="tl_9_6" STYLEREFS="FONT0"/>
            <SP HEIGHT="12.755905511811024" WIDTH="5.3858267716535435" VPOS="248.03149606299212" HPOS="268.4409448818898"/>
            <String HEIGHT="12.755905511811024" WIDTH="26.64566929133858" VPOS="248.03149606299212" HPOS="247.1811023622047" CONTENT="par" ID="tl_9_7" STYLEREFS="FONT0"/>
          </TextLine>
          <TextLine ID="tl_10" BASELINE="964" HEIGHT="15.590551181102363" WIDTH="150.51968503937007" VPOS="257.6692913385827" HPOS="22.96062992125984">
            <String HEIGHT="15.590551181102363" WIDTH="32.31496062992126" VPOS="257.6692913385827" HPOS="17.5748031496063" CONTENT="la" ID="tl_10_1" STYLEREFS="FONT0"/>
            <SP HEIGHT="15.590551181102363" WIDTH="5.3858267716535435" VPOS="257.6692913385827" HPOS="49.889763779527556"/>
            <String HEIGHT="15.590551181102363" WIDTH="59.24409448818898" VPOS="257.6692913385827" HPOS="33.732283464566926" CONTENT="Galerie" ID="tl_10_2" STYLEREFS="FONT0"/>
            <SP HEIGHT="15.590551181102363" WIDTH="5.3858267716535435" VPOS="257.6692913385827" HPOS="92.97637795275591"/>
            <String HEIGHT="15.590551181102363" WIDTH="53.85826771653543" VPOS="257.6692913385827" HPOS="76.81889763779527" CONTENT="Centar" ID="tl_10_3" STYLEREFS="FONT0"/>
            <SP HEIGHT="15.590551181102363" WIDTH="5.3858267716535435" VPOS="257.6692913385827" HPOS="130.39370078740157"/>
            <String HEIGHT="15.590551181102363" WIDTH="32.31496062992126" VPOS="257.6692913385827" HPOS="114.23622047244095" CONTENT="de" ID="tl_10_4" STYLEREFS="FONT0"/>
            <SP HEIGHT="15.590551181102363" WIDTH="5.3858267716535435" VPOS="257.6692913385827" HPOS="146.5511811023622"/>
            <String HEIGHT="15.590551181102363" WIDTH="48.47244094488189" VPOS="257.6692913385827" HPOS="125.00787401574803" CONTENT="Zagreb." ID="tl_10_5" STYLEREFS="FONT0"/>
          </TextLine>
        </TextBlock>
        <TextBlock ID="r_3_2" HEIGHT="309.25984251968504" WIDTH="253.98425196850394" VPOS="272.9763779527559" HPOS="18.141732283464567">
          <TextLine ID="tl_11" BASELINE="1014" HEIGHT="17.5748031496063" WIDTH="234.14173228346456" VPOS="269.8582677165354" HPOS="39.40157480314961">
            <String HEIGHT="17.5748031496063" WIDTH="35.1496062992126" VPOS="269.8582677165354" HPOS="33.44881889763779" CONTENT="En" ID="tl_11_1" STYLEREFS="FONT0"/>
            <SP HEIGHT="17.5748031496063" WIDTH="5.952755905511811" VPOS="269.8582677165354" HPOS="68.5984251968504"/>
            <String HEIGHT="17.5748031496063" WIDTH="75.96850393700787" VPOS="269.8582677165354" HPOS="51.023622047244096" CONTENT="composant" ID="tl_11_2" STYLEREFS="FONT0"/>
            <SP HEIGHT="17.5748031496063" WIDTH="5.952755905511811" VPOS="269.8582677165354" HPOS="127.2755905511811"/>
            <String HEIGHT="17.5748031496063" WIDTH="52.724409448818896" VPOS="269.8582677165354" HPOS="109.7007874015748" CONTENT="cette" ID="tl_11_3" STYLEREFS="FONT0"/>
            <SP HEIGHT="17.5748031496063" WIDTH="5.952755905511811" VPOS="269.8582677165354" HPOS="162.4251968503937"/>
            <String HEIGHT="17.5748031496063" WIDTH="81.92125984251969" VPOS="269.8582677165354" HPOS="144.8503937007874" CONTENT="sélection," ID="tl_11_4" STYLEREFS="FONT0"/>
            <SP HEIGHT="17.5748031496063" WIDTH="5.952755905511811" VPOS="269.8582677165354" HPOS="226.77165354330708"/>
            <String HEIGHT="17.5748031496063" WIDTH="46.77165354330709" VPOS="269.8582677165354" HPOS="209.1968503937008" CONTENT="nous" ID="tl_11_5" STYLEREFS="FONT0"/>
            <SP HEIGHT="17.5748031496063" WIDTH="5.952755905511811" VPOS="269.8582677165354" HPOS="255.96850393700788"/>
            <String HEIGHT="17.5748031496063" WIDTH="41.10236220472441" VPOS="269.8582677165354" HPOS="232.44094488188978" CONTENT="avons" ID="tl_11_6" STYLEREFS="FONT0"/>
          </TextLine>
          <TextLine ID="tl_12" BASELINE="1059" HEIGHT="16.724409448818896" WIDTH="251.71653543307087" VPOS="283.46456692913387" HPOS="21.543307086614174">
            <String HEIGHT="16.724409448818896" WIDTH="46.77165354330709" VPOS="283.46456692913387" HPOS="15.590551181102363" CONTENT="tenu" ID="tl_12_1" STYLEREFS="FONT0"/>
            <SP HEIGHT="16.724409448818896" WIDTH="5.952755905511811" VPOS="283.46456692913387" HPOS="62.645669291338585"/>
            <String HEIGHT="16.724409448818896" WIDTH="58.67716535433071" VPOS="283.46456692913387" HPOS="45.07086614173228" CONTENT="compte" ID="tl_12_2" STYLEREFS="FONT0"/>
            <SP HEIGHT="16.724409448818896" WIDTH="5.952755905511811" VPOS="283.46456692913387" HPOS="103.46456692913385"/>
            <String HEIGHT="16.724409448818896" WIDTH="35.1496062992126" VPOS="283.46456692913387" HPOS="85.88976377952756" CONTENT="de" ID="tl_12_3" STYLEREFS="FONT0"/>
            <SP HEIGHT="16.724409448818896" WIDTH="5.952755905511811" VPOS="283.46456692913387" HPOS="121.03937007874016"/>
            <String HEIGHT="16.724409448818896" WIDTH="52.724409448818896" VPOS="283.46456692913387" HPOS="103.46456692913385" CONTENT="trois" ID="tl_12_4" STYLEREFS="FONT0"/>
            <SP HEIGHT="16.724409448818896" WIDTH="5.952755905511811" VPOS="283.46456692913387" HPOS="156.18897637795277"/>
            <String HEIGHT="16.724409448818896" WIDTH="75.96850393700787" VPOS="283.46456692913387" HPOS="138.61417322834646" CONTENT="facteurs:" ID="tl_12_5" STYLEREFS="FONT0"/>
            <SP HEIGHT="16.724409448818896" WIDTH="5.952755905511811" VPOS="283.46456692913387" HPOS="214.58267716535434"/>
            <String HEIGHT="16.724409448818896" WIDTH="35.1496062992126" VPOS="283.46456692913387" HPOS="197.29133858267716" CONTENT="du" ID="tl_12_6" STYLEREFS="FONT0"/>
            <SP HEIGHT="16.724409448818896" WIDTH="5.952755905511811" VPOS="283.46456692913387" HPOS="232.15748031496062"/>
            <String HEIGHT="16.724409448818896" WIDTH="64.34645669291339" VPOS="283.46456692913387" HPOS="208.91338582677164" CONTENT="caractère" ID="tl_12_7" STYLEREFS="FONT0"/>
          </TextLine>
          <TextLine ID="tl_13" BASELINE="1103" HEIGHT="18.708661417322833" WIDTH="251.43307086614172" VPOS="293.9527559055118" HPOS="22.11023622047244">
            <String HEIGHT="18.708661417322833" WIDTH="34.2992125984252" VPOS="293.9527559055118" HPOS="16.440944881889763" CONTENT="de" ID="tl_13_1" STYLEREFS="FONT0"/>
            <SP HEIGHT="18.708661417322833" WIDTH="5.669291338582677" VPOS="293.9527559055118" HPOS="50.74015748031496"/>
            <String HEIGHT="18.708661417322833" WIDTH="34.2992125984252" VPOS="293.9527559055118" HPOS="33.44881889763779" CONTENT="la" ID="tl_13_2" STYLEREFS="FONT0"/>
            <SP HEIGHT="18.708661417322833" WIDTH="5.669291338582677" VPOS="293.9527559055118" HPOS="67.74803149606299"/>
            <String HEIGHT="18.708661417322833" WIDTH="97.22834645669292" VPOS="293.9527559055118" HPOS="50.74015748031496" CONTENT="manifestation" ID="tl_13_3" STYLEREFS="FONT0"/>
            <SP HEIGHT="18.708661417322833" WIDTH="5.669291338582677" VPOS="293.9527559055118" HPOS="147.96850393700788"/>
            <String HEIGHT="18.708661417322833" WIDTH="79.93700787401575" VPOS="293.9527559055118" HPOS="130.6771653543307" CONTENT="elle-même," ID="tl_13_4" STYLEREFS="FONT0"/>
            <SP HEIGHT="18.708661417322833" WIDTH="5.669291338582677" VPOS="293.9527559055118" HPOS="210.61417322834646"/>
            <String HEIGHT="18.708661417322833" WIDTH="39.968503937007874" VPOS="293.9527559055118" HPOS="193.60629921259843" CONTENT="des" ID="tl_13_5" STYLEREFS="FONT0"/>
            <SP HEIGHT="18.708661417322833" WIDTH="5.669291338582677" VPOS="293.9527559055118" HPOS="233.5748031496063"/>
            <String HEIGHT="18.708661417322833" WIDTH="62.92913385826772" VPOS="293.9527559055118" HPOS="210.61417322834646" CONTENT="tendances" ID="tl_13_6" STYLEREFS="FONT0"/>
          </TextLine>
          <TextLine ID="tl_14" BASELINE="1143" HEIGHT="17.007874015748033" WIDTH="250.86614173228347" VPOS="306.99212598425197" HPOS="22.11023622047244">
            <String HEIGHT="17.007874015748033" WIDTH="38.267716535433074" VPOS="306.99212598425197" HPOS="16.724409448818896" CONTENT="les" ID="tl_14_1" STYLEREFS="FONT0"/>
            <SP HEIGHT="17.007874015748033" WIDTH="5.3858267716535435" VPOS="306.99212598425197" HPOS="54.70866141732284"/>
            <String HEIGHT="17.007874015748033" WIDTH="43.653543307086615" VPOS="306.99212598425197" HPOS="38.55118110236221" CONTENT="plus" ID="tl_14_2" STYLEREFS="FONT0"/>
            <SP HEIGHT="17.007874015748033" WIDTH="5.3858267716535435" VPOS="306.99212598425197" HPOS="82.20472440944881"/>
            <String HEIGHT="17.007874015748033" WIDTH="65.48031496062993" VPOS="306.99212598425197" HPOS="65.76377952755905" CONTENT="récentes" ID="tl_14_3" STYLEREFS="FONT0"/>
            <SP HEIGHT="17.007874015748033" WIDTH="5.3858267716535435" VPOS="306.99212598425197" HPOS="131.24409448818898"/>
            <String HEIGHT="17.007874015748033" WIDTH="43.653543307086615" VPOS="306.99212598425197" HPOS="114.80314960629921" CONTENT="dans" ID="tl_14_4" STYLEREFS="FONT0"/>
            <SP HEIGHT="17.007874015748033" WIDTH="5.3858267716535435" VPOS="306.99212598425197" HPOS="158.45669291338584"/>
            <String HEIGHT="17.007874015748033" WIDTH="32.59842519685039" VPOS="306.99212598425197" HPOS="142.01574803149606" CONTENT="la" ID="tl_14_5" STYLEREFS="FONT0"/>
            <SP HEIGHT="17.007874015748033" WIDTH="5.3858267716535435" VPOS="306.99212598425197" HPOS="174.89763779527559"/>
            <String HEIGHT="17.007874015748033" WIDTH="70.86614173228347" VPOS="306.99212598425197" HPOS="158.45669291338584" CONTENT="recherche" ID="tl_14_6" STYLEREFS="FONT0"/>
            <SP HEIGHT="17.007874015748033" WIDTH="5.3858267716535435" VPOS="306.99212598425197" HPOS="229.3228346456693"/>
            <String HEIGHT="17.007874015748033" WIDTH="38.267716535433074" VPOS="306.99212598425197" HPOS="212.88188976377953" CONTENT="des" ID="tl_14_7" STYLEREFS="FONT0"/>
            <SP HEIGHT="17.007874015748033" WIDTH="5.3858267716535435" VPOS="306.99212598425197" HPOS="251.1496062992126"/>
            <String HEIGHT="17.007874015748033" WIDTH="43.653543307086615" VPOS="306.99212598425197" HPOS="229.3228346456693" CONTENT="jeunes" ID="tl_14_8" STYLEREFS="FONT0"/>
          </TextLine>
          <TextLine ID="tl_15" BASELINE="1184" HEIGHT="14.740157480314961" WIDTH="251.1496062992126" VPOS="320.88188976377955" HPOS="21.543307086614174">
            <String HEIGHT="14.740157480314961" WIDTH="64.06299212598425" VPOS="320.88188976377955" HPOS="16.15748031496063" CONTENT="artistes" ID="tl_15_1" STYLEREFS="FONT0"/>
            <SP HEIGHT="14.740157480314961" WIDTH="5.3858267716535435" VPOS="320.88188976377955" HPOS="80.22047244094489"/>
            <String HEIGHT="14.740157480314961" WIDTH="37.41732283464567" VPOS="320.88188976377955" HPOS="64.34645669291339" CONTENT="et," ID="tl_15_2" STYLEREFS="FONT0"/>
            <SP HEIGHT="14.740157480314961" WIDTH="5.3858267716535435" VPOS="320.88188976377955" HPOS="101.76377952755905"/>
            <String HEIGHT="14.740157480314961" WIDTH="48.188976377952756" VPOS="320.88188976377955" HPOS="85.60629921259843" CONTENT="avant" ID="tl_15_3" STYLEREFS="FONT0"/>
            <SP HEIGHT="14.740157480314961" WIDTH="5.3858267716535435" VPOS="320.88188976377955" HPOS="133.79527559055117"/>
            <String HEIGHT="14.740157480314961" WIDTH="48.188976377952756" VPOS="320.88188976377955" HPOS="117.63779527559055" CONTENT="tout," ID="tl_15_4" STYLEREFS="FONT0"/>
            <SP HEIGHT="14.740157480314961" WIDTH="5.3858267716535435" VPOS="320.88188976377955" HPOS="165.82677165354332"/>
            <String HEIGHT="14.740157480314961" WIDTH="32.031496062992126" VPOS="320.88188976377955" HPOS="149.66929133858267" CONTENT="de" ID="tl_15_5" STYLEREFS="FONT0"/>
            <SP HEIGHT="14.740157480314961" WIDTH="5.3858267716535435" VPOS="320.88188976377955" HPOS="181.98425196850394"/>
            <String HEIGHT="14.740157480314961" WIDTH="32.031496062992126" VPOS="320.88188976377955" HPOS="165.82677165354332" CONTENT="la" ID="tl_15_6" STYLEREFS="FONT0"/>
            <SP HEIGHT="14.740157480314961" WIDTH="5.3858267716535435" VPOS="320.88188976377955" HPOS="197.85826771653544"/>
            <String HEIGHT="14.740157480314961" WIDTH="58.67716535433071" VPOS="320.88188976377955" HPOS="181.98425196850394" CONTENT="qualité" ID="tl_15_7" STYLEREFS="FONT0"/>
            <SP HEIGHT="14.740157480314961" WIDTH="5.3858267716535435" VPOS="320.88188976377955" HPOS="240.66141732283464"/>
            <String HEIGHT="14.740157480314961" WIDTH="32.031496062992126" VPOS="320.88188976377955" HPOS="224.50393700787401" CONTENT="et" ID="tl_15_8" STYLEREFS="FONT0"/>
            <SP HEIGHT="14.740157480314961" WIDTH="5.3858267716535435" VPOS="320.88188976377955" HPOS="256.53543307086613"/>
            <String HEIGHT="14.740157480314961" WIDTH="32.031496062992126" VPOS="320.88188976377955" HPOS="240.66141732283464" CONTENT="de" ID="tl_15_9" STYLEREFS="FONT0"/>
            <SP HEIGHT="14.740157480314961" WIDTH="5.3858267716535435" VPOS="320.88188976377955" HPOS="272.6929133858268"/>
            <String HEIGHT="14.740157480314961" WIDTH="21.25984251968504" VPOS="320.88188976377955" HPOS="251.43307086614172" CONTENT="la" ID="tl_15_10" STYLEREFS="FONT0"/>
          </TextLine>
          <TextLine ID="tl_16" BASELINE="1220" HEIGHT="15.307086614173228" WIDTH="252.0" VPOS="330.5196850393701" HPOS="20.69291338582677">
            <String HEIGHT="15.307086614173228" WIDTH="66.89763779527559" VPOS="330.5196850393701" HPOS="15.590551181102363" CONTENT="fraïcheur" ID="tl_16_1" STYLEREFS="FONT0"/>
            <SP HEIGHT="15.307086614173228" WIDTH="5.102362204724409" VPOS="330.5196850393701" HPOS="82.48818897637796"/>
            <String HEIGHT="15.307086614173228" WIDTH="72.0" VPOS="330.5196850393701" HPOS="66.89763779527559" CONTENT="artistique" ID="tl_16_2" STYLEREFS="FONT0"/>
            <SP HEIGHT="15.307086614173228" WIDTH="5.102362204724409" VPOS="330.5196850393701" HPOS="138.89763779527559"/>
            <String HEIGHT="15.307086614173228" WIDTH="30.89763779527559" VPOS="330.5196850393701" HPOS="123.59055118110236" CONTENT="de" ID="tl_16_3" STYLEREFS="FONT0"/>
            <SP HEIGHT="15.307086614173228" WIDTH="5.102362204724409" VPOS="330.5196850393701" HPOS="154.48818897637796"/>
            <String HEIGHT="15.307086614173228" WIDTH="46.20472440944882" VPOS="330.5196850393701" HPOS="138.89763779527559" CONTENT="leurs" ID="tl_16_4" STYLEREFS="FONT0"/>
            <SP HEIGHT="15.307086614173228" WIDTH="5.102362204724409" VPOS="330.5196850393701" HPOS="185.38582677165354"/>
            <String HEIGHT="15.307086614173228" WIDTH="56.69291338582677" VPOS="330.5196850393701" HPOS="169.79527559055117" CONTENT="œuvres." ID="tl_16_5" STYLEREFS="FONT0"/>
            <SP HEIGHT="15.307086614173228" WIDTH="5.102362204724409" VPOS="330.5196850393701" HPOS="226.48818897637796"/>
            <String HEIGHT="15.307086614173228" WIDTH="46.20472440944882" VPOS="330.5196850393701" HPOS="210.89763779527559" CONTENT="Ainsi" ID="tl_16_6" STYLEREFS="FONT0"/>
            <SP HEIGHT="15.307086614173228" WIDTH="5.102362204724409" VPOS="330.5196850393701" HPOS="257.38582677165357"/>
            <String HEIGHT="15.307086614173228" WIDTH="36.0" VPOS="330.5196850393701" HPOS="236.69291338582678" CONTENT="peut" SUBS_TYPE="HypPart1" SUBS_CONTENT="peuton" ID="tl_16_7" STYLEREFS="FONT0"/>
            <HYP CONTENT="-"/>
          </TextLine>
          <TextLine ID="tl_17" BASELINE="1265" HEIGHT="13.606299212598426" WIDTH="252.56692913385828" VPOS="344.9763779527559" HPOS="20.976377952755904">
            <String HEIGHT="13.606299212598426" WIDTH="32.31496062992126" VPOS="344.9763779527559" HPOS="15.590551181102363" CONTENT="on" SUBS_TYPE="HypPart2" SUBS_CONTENT="peuton" ID="tl_17_1" STYLEREFS="FONT0"/>
            <SP HEIGHT="13.606299212598426" WIDTH="5.3858267716535435" VPOS="344.9763779527559" HPOS="47.90551181102362"/>
            <String HEIGHT="13.606299212598426" WIDTH="53.85826771653543" VPOS="344.9763779527559" HPOS="31.748031496062993" CONTENT="suivre" ID="tl_17_2" STYLEREFS="FONT0"/>
            <SP HEIGHT="13.606299212598426" WIDTH="5.3858267716535435" VPOS="344.9763779527559" HPOS="85.32283464566929"/>
            <String HEIGHT="13.606299212598426" WIDTH="48.47244094488189" VPOS="344.9763779527559" HPOS="69.44881889763779" CONTENT="leurs" ID="tl_17_3" STYLEREFS="FONT0"/>
            <SP HEIGHT="13.606299212598426" WIDTH="5.3858267716535435" VPOS="344.9763779527559" HPOS="117.63779527559055"/>
            <String HEIGHT="13.606299212598426" WIDTH="59.24409448818898" VPOS="344.9763779527559" HPOS="101.48031496062993" CONTENT="efforts" ID="tl_17_4" STYLEREFS="FONT0"/>
            <SP HEIGHT="13.606299212598426" WIDTH="5.3858267716535435" VPOS="344.9763779527559" HPOS="160.7244094488189"/>
            <String HEIGHT="13.606299212598426" WIDTH="32.31496062992126" VPOS="344.9763779527559" HPOS="144.56692913385828" CONTENT="et" ID="tl_17_5" STYLEREFS="FONT0"/>
            <SP HEIGHT="13.606299212598426" WIDTH="5.3858267716535435" VPOS="344.9763779527559" HPOS="176.88188976377953"/>
            <String HEIGHT="13.606299212598426" WIDTH="43.08661417322835" VPOS="344.9763779527559" HPOS="160.7244094488189" CONTENT="leur" ID="tl_17_6" STYLEREFS="FONT0"/>
            <SP HEIGHT="13.606299212598426" WIDTH="5.3858267716535435" VPOS="344.9763779527559" HPOS="203.81102362204723"/>
            <String HEIGHT="13.606299212598426" WIDTH="75.11811023622047" VPOS="344.9763779527559" HPOS="187.6535433070866" CONTENT="hardiesse," ID="tl_17_7" STYLEREFS="FONT0"/>
            <SP HEIGHT="13.606299212598426" WIDTH="5.3858267716535435" VPOS="344.9763779527559" HPOS="262.7716535433071"/>
            <String HEIGHT="13.606299212598426" WIDTH="32.31496062992126" VPOS="344.9763779527559" HPOS="241.22834645669292" CONTENT="leur" ID="tl_17_8" STYLEREFS="FONT0"/>
          </TextLine>
          <TextLine ID="tl_18" BASELINE="1297" HEIGHT="13.32283464566929" WIDTH="252.0" VPOS="354.3307086614173" HPOS="20.69291338582677">
            <String HEIGHT="13.32283464566929" WIDTH="65.48031496062993" VPOS="354.3307086614173" HPOS="15.590551181102363" CONTENT="curiosité" ID="tl_18_1" STYLEREFS="FONT0"/>
            <SP HEIGHT="13.32283464566929" WIDTH="5.102362204724409" VPOS="354.3307086614173" HPOS="81.07086614173228"/>
            <String HEIGHT="13.32283464566929" WIDTH="40.25196850393701" VPOS="354.3307086614173" HPOS="66.04724409448819" CONTENT="dans" ID="tl_18_2" STYLEREFS="FONT0"/>
            <SP HEIGHT="13.32283464566929" WIDTH="5.102362204724409" VPOS="354.3307086614173" HPOS="106.2992125984252"/>
            <String HEIGHT="13.32283464566929" WIDTH="110.83464566929133" VPOS="354.3307086614173" HPOS="91.2755905511811" CONTENT="l’expérimentation." ID="tl_18_3" STYLEREFS="FONT0"/>
            <SP HEIGHT="13.32283464566929" WIDTH="5.102362204724409" VPOS="354.3307086614173" HPOS="202.11023622047244"/>
            <String HEIGHT="13.32283464566929" WIDTH="40.25196850393701" VPOS="354.3307086614173" HPOS="187.08661417322836" CONTENT="Dans" ID="tl_18_4" STYLEREFS="FONT0"/>
            <SP HEIGHT="13.32283464566929" WIDTH="5.102362204724409" VPOS="354.3307086614173" HPOS="227.33858267716536"/>
            <String HEIGHT="13.32283464566929" WIDTH="30.330708661417322" VPOS="354.3307086614173" HPOS="212.31496062992127" CONTENT="la" ID="tl_18_5" STYLEREFS="FONT0"/>
            <SP HEIGHT="13.32283464566929" WIDTH="5.102362204724409" VPOS="354.3307086614173" HPOS="242.36220472440945"/>
            <String HEIGHT="13.32283464566929" WIDTH="50.45669291338583" VPOS="354.3307086614173" HPOS="222.23622047244095" CONTENT="constel" SUBS_TYPE="HypPart1" SUBS_CONTENT="constellation" ID="tl_18_6" STYLEREFS="FONT0"/>
            <HYP CONTENT="-"/>
          </TextLine>
          <TextLine ID="tl_19" BASELINE="1351" HEIGHT="17.007874015748033" WIDTH="250.86614173228347" VPOS="365.9527559055118" HPOS="21.543307086614174">
            <String HEIGHT="17.007874015748033" WIDTH="55.84251968503937" VPOS="365.9527559055118" HPOS="15.874015748031496" CONTENT="lation" SUBS_TYPE="HypPart2" SUBS_CONTENT="constellation" ID="tl_19_1" STYLEREFS="FONT0"/>
            <SP HEIGHT="17.007874015748033" WIDTH="5.669291338582677" VPOS="365.9527559055118" HPOS="71.71653543307086"/>
            <String HEIGHT="17.007874015748033" WIDTH="39.118110236220474" VPOS="365.9527559055118" HPOS="54.99212598425197" CONTENT="des" ID="tl_19_2" STYLEREFS="FONT0"/>
            <SP HEIGHT="17.007874015748033" WIDTH="5.669291338582677" VPOS="365.9527559055118" HPOS="94.11023622047244"/>
            <String HEIGHT="17.007874015748033" WIDTH="77.95275590551181" VPOS="365.9527559055118" HPOS="77.38582677165354" CONTENT="mouvements" ID="tl_19_3" STYLEREFS="FONT0"/>
            <SP HEIGHT="17.007874015748033" WIDTH="5.669291338582677" VPOS="365.9527559055118" HPOS="155.33858267716536"/>
            <String HEIGHT="17.007874015748033" WIDTH="83.62204724409449" VPOS="365.9527559055118" HPOS="138.61417322834646" CONTENT="artistiques" ID="tl_19_4" STYLEREFS="FONT0"/>
            <SP HEIGHT="17.007874015748033" WIDTH="5.669291338582677" VPOS="365.9527559055118" HPOS="222.23622047244095"/>
            <String HEIGHT="17.007874015748033" WIDTH="72.56692913385827" VPOS="365.9527559055118" HPOS="199.84251968503938" CONTENT="aujourd’hui" ID="tl_19_5" STYLEREFS="FONT0"/>
          </TextLine>
          <TextLine ID="tl_20" BASELINE="1381" HEIGHT="11.905511811023622" WIDTH="252.28346456692913" VPOS="379.5590551181102" HPOS="20.125984251968504">
            <String HEIGHT="11.905511811023622" WIDTH="44.78740157480315" VPOS="379.5590551181102" HPOS="14.456692913385826" CONTENT="dans" ID="tl_20_1" STYLEREFS="FONT0"/>
            <SP HEIGHT="11.905511811023622" WIDTH="5.669291338582677" VPOS="379.5590551181102" HPOS="59.24409448818898"/>
            <String HEIGHT="11.905511811023622" WIDTH="33.732283464566926" VPOS="379.5590551181102" HPOS="42.51968503937008" CONTENT="le" ID="tl_20_2" STYLEREFS="FONT0"/>
            <SP HEIGHT="11.905511811023622" WIDTH="5.669291338582677" VPOS="379.5590551181102" HPOS="76.25196850393701"/>
            <String HEIGHT="11.905511811023622" WIDTH="56.125984251968504" VPOS="379.5590551181102" HPOS="59.24409448818898" CONTENT="monde," ID="tl_20_3" STYLEREFS="FONT0"/>
            <SP HEIGHT="11.905511811023622" WIDTH="5.669291338582677" VPOS="379.5590551181102" HPOS="115.37007874015748"/>
            <String HEIGHT="11.905511811023622" WIDTH="50.45669291338583" VPOS="379.5590551181102" HPOS="98.64566929133858" CONTENT="leurs" ID="tl_20_4" STYLEREFS="FONT0"/>
            <SP HEIGHT="11.905511811023622" WIDTH="5.669291338582677" VPOS="379.5590551181102" HPOS="149.10236220472441"/>
            <String HEIGHT="11.905511811023622" WIDTH="72.85039370078741" VPOS="379.5590551181102" HPOS="132.3779527559055" CONTENT="démarches" ID="tl_20_5" STYLEREFS="FONT0"/>
            <SP HEIGHT="11.905511811023622" WIDTH="5.669291338582677" VPOS="379.5590551181102" HPOS="205.22834645669292"/>
            <String HEIGHT="11.905511811023622" WIDTH="44.78740157480315" VPOS="379.5590551181102" HPOS="188.2204724409449" CONTENT="sont" ID="tl_20_6" STYLEREFS="FONT0"/>
            <SP HEIGHT="11.905511811023622" WIDTH="5.669291338582677" VPOS="379.5590551181102" HPOS="233.29133858267716"/>
            <String HEIGHT="11.905511811023622" WIDTH="61.79527559055118" VPOS="379.5590551181102" HPOS="210.61417322834646" CONTENT="orientées" ID="tl_20_7" STYLEREFS="FONT0"/>
          </TextLine>
          <TextLine ID="tl_21" BASELINE="1434" HEIGHT="16.440944881889763" WIDTH="252.8503937007874" VPOS="390.0472440944882" HPOS="19.559055118110237">
            <String HEIGHT="16.440944881889763" WIDTH="31.748031496062993" VPOS="390.0472440944882" HPOS="14.173228346456693" CONTENT="de" ID="tl_21_1" STYLEREFS="FONT0"/>
            <SP HEIGHT="16.440944881889763" WIDTH="5.3858267716535435" VPOS="390.0472440944882" HPOS="45.92125984251968"/>
            <String HEIGHT="16.440944881889763" WIDTH="57.826771653543304" VPOS="390.0472440944882" HPOS="30.04724409448819" CONTENT="manière" ID="tl_21_2" STYLEREFS="FONT0"/>
            <SP HEIGHT="16.440944881889763" WIDTH="5.3858267716535435" VPOS="390.0472440944882" HPOS="88.15748031496064"/>
            <String HEIGHT="16.440944881889763" WIDTH="26.362204724409448" VPOS="390.0472440944882" HPOS="72.28346456692914" CONTENT="à" ID="tl_21_3" STYLEREFS="FONT0"/>
            <SP HEIGHT="16.440944881889763" WIDTH="5.3858267716535435" VPOS="390.0472440944882" HPOS="98.64566929133858"/>
            <String HEIGHT="16.440944881889763" WIDTH="57.826771653543304" VPOS="390.0472440944882" HPOS="82.77165354330708" CONTENT="trouver" ID="tl_21_4" STYLEREFS="FONT0"/>
            <SP HEIGHT="16.440944881889763" WIDTH="5.3858267716535435" VPOS="390.0472440944882" HPOS="140.5984251968504"/>
            <String HEIGHT="16.440944881889763" WIDTH="36.8503937007874" VPOS="390.0472440944882" HPOS="125.00787401574803" CONTENT="les" ID="tl_21_5" STYLEREFS="FONT0"/>
            <SP HEIGHT="16.440944881889763" WIDTH="5.3858267716535435" VPOS="390.0472440944882" HPOS="161.85826771653544"/>
            <String HEIGHT="16.440944881889763" WIDTH="52.724409448818896" VPOS="390.0472440944882" HPOS="145.98425196850394" CONTENT="moyens" ID="tl_21_6" STYLEREFS="FONT0"/>
            <SP HEIGHT="16.440944881889763" WIDTH="5.3858267716535435" VPOS="390.0472440944882" HPOS="198.70866141732284"/>
            <String HEIGHT="16.440944881889763" WIDTH="84.18897637795276" VPOS="390.0472440944882" HPOS="182.83464566929135" CONTENT="d’expression" ID="tl_21_7" STYLEREFS="FONT0"/>
            <SP HEIGHT="16.440944881889763" WIDTH="5.3858267716535435" VPOS="390.0472440944882" HPOS="267.0236220472441"/>
            <String HEIGHT="16.440944881889763" WIDTH="26.362204724409448" VPOS="390.0472440944882" HPOS="246.04724409448818" CONTENT="les" ID="tl_21_8" STYLEREFS="FONT0"/>
          </TextLine>
          <TextLine ID="tl_22" BASELINE="1474" HEIGHT="14.740157480314961" WIDTH="251.71653543307087" VPOS="403.0866141732283" HPOS="20.125984251968504">
            <String HEIGHT="14.740157480314961" WIDTH="41.10236220472441" VPOS="403.0866141732283" HPOS="15.023622047244094" CONTENT="plus" ID="tl_22_1" STYLEREFS="FONT0"/>
            <SP HEIGHT="14.740157480314961" WIDTH="5.102362204724409" VPOS="403.0866141732283" HPOS="56.125984251968504"/>
            <String HEIGHT="14.740157480314961" WIDTH="56.40944881889764" VPOS="403.0866141732283" HPOS="40.53543307086614" CONTENT="actuels" ID="tl_22_2" STYLEREFS="FONT0"/>
            <SP HEIGHT="14.740157480314961" WIDTH="5.102362204724409" VPOS="403.0866141732283" HPOS="97.22834645669292"/>
            <String HEIGHT="14.740157480314961" WIDTH="30.89763779527559" VPOS="403.0866141732283" HPOS="81.63779527559055" CONTENT="de" ID="tl_22_3" STYLEREFS="FONT0"/>
            <SP HEIGHT="14.740157480314961" WIDTH="5.102362204724409" VPOS="403.0866141732283" HPOS="112.53543307086615"/>
            <String HEIGHT="14.740157480314961" WIDTH="30.89763779527559" VPOS="403.0866141732283" HPOS="97.22834645669292" CONTENT="la" ID="tl_22_4" STYLEREFS="FONT0"/>
            <SP HEIGHT="14.740157480314961" WIDTH="5.102362204724409" VPOS="403.0866141732283" HPOS="128.1259842519685"/>
            <String HEIGHT="14.740157480314961" WIDTH="36.0" VPOS="403.0866141732283" HPOS="112.53543307086615" CONTENT="vie" ID="tl_22_5" STYLEREFS="FONT0"/>
            <SP HEIGHT="14.740157480314961" WIDTH="5.102362204724409" VPOS="403.0866141732283" HPOS="148.53543307086613"/>
            <String HEIGHT="14.740157480314961" WIDTH="92.40944881889764" VPOS="403.0866141732283" HPOS="133.22834645669292" CONTENT="contemporaine." ID="tl_22_6" STYLEREFS="FONT0"/>
            <SP HEIGHT="14.740157480314961" WIDTH="5.102362204724409" VPOS="403.0866141732283" HPOS="225.63779527559055"/>
            <String HEIGHT="14.740157480314961" WIDTH="30.89763779527559" VPOS="403.0866141732283" HPOS="210.33070866141733" CONTENT="En" ID="tl_22_7" STYLEREFS="FONT0"/>
            <SP HEIGHT="14.740157480314961" WIDTH="5.102362204724409" VPOS="403.0866141732283" HPOS="240.9448818897638"/>
            <String HEIGHT="14.740157480314961" WIDTH="30.89763779527559" VPOS="403.0866141732283" HPOS="225.63779527559055" CONTENT="ce" ID="tl_22_8" STYLEREFS="FONT0"/>
            <SP HEIGHT="14.740157480314961" WIDTH="5.102362204724409" VPOS="403.0866141732283" HPOS="256.53543307086613"/>
            <String HEIGHT="14.740157480314961" WIDTH="36.0" VPOS="403.0866141732283" HPOS="235.84251968503938" CONTENT="sens," ID="tl_22_9" STYLEREFS="FONT0"/>
          </TextLine>
          <TextLine ID="tl_23" BASELINE="1516" HEIGHT="15.874015748031496" WIDTH="251.71653543307087" VPOS="413.8582677165354" HPOS="20.409448818897637">
            <String HEIGHT="15.874015748031496" WIDTH="72.0" VPOS="413.8582677165354" HPOS="15.307086614173228" CONTENT="l’illusion" ID="tl_23_1" STYLEREFS="FONT0"/>
            <SP HEIGHT="15.874015748031496" WIDTH="5.102362204724409" VPOS="413.8582677165354" HPOS="87.30708661417323"/>
            <String HEIGHT="15.874015748031496" WIDTH="97.51181102362204" VPOS="413.8582677165354" HPOS="71.71653543307086" CONTENT="conventionnelle" ID="tl_23_2" STYLEREFS="FONT0"/>
            <SP HEIGHT="15.874015748031496" WIDTH="5.102362204724409" VPOS="413.8582677165354" HPOS="169.51181102362204"/>
            <String HEIGHT="15.874015748031496" WIDTH="30.89763779527559" VPOS="413.8582677165354" HPOS="153.92125984251967" CONTENT="de" ID="tl_23_3" STYLEREFS="FONT0"/>
            <SP HEIGHT="15.874015748031496" WIDTH="5.102362204724409" VPOS="413.8582677165354" HPOS="184.8188976377953"/>
            <String HEIGHT="15.874015748031496" WIDTH="30.89763779527559" VPOS="413.8582677165354" HPOS="169.51181102362204" CONTENT="la" ID="tl_23_4" STYLEREFS="FONT0"/>
            <SP HEIGHT="15.874015748031496" WIDTH="5.102362204724409" VPOS="413.8582677165354" HPOS="200.1259842519685"/>
            <String HEIGHT="15.874015748031496" WIDTH="66.89763779527559" VPOS="413.8582677165354" HPOS="184.8188976377953" CONTENT="troisième" ID="tl_23_5" STYLEREFS="FONT0"/>
            <SP HEIGHT="15.874015748031496" WIDTH="5.102362204724409" VPOS="413.8582677165354" HPOS="251.71653543307087"/>
            <String HEIGHT="15.874015748031496" WIDTH="41.10236220472441" VPOS="413.8582677165354" HPOS="231.0236220472441" CONTENT="dimen" SUBS_TYPE="HypPart1" SUBS_CONTENT="dimension" ID="tl_23_6" STYLEREFS="FONT0"/>
            <HYP CONTENT="-"/>
          </TextLine>
          <TextLine ID="tl_24" BASELINE="1554" HEIGHT="14.740157480314961" WIDTH="253.13385826771653" VPOS="425.76377952755905" HPOS="18.992125984251967">
            <String HEIGHT="14.740157480314961" WIDTH="43.08661417322835" VPOS="425.76377952755905" HPOS="13.606299212598426" CONTENT="sion" SUBS_TYPE="HypPart2" SUBS_CONTENT="dimension" ID="tl_24_1" STYLEREFS="FONT0"/>
            <SP HEIGHT="14.740157480314961" WIDTH="5.3858267716535435" VPOS="425.76377952755905" HPOS="56.69291338582677"/>
            <String HEIGHT="14.740157480314961" WIDTH="43.08661417322835" VPOS="425.76377952755905" HPOS="40.53543307086614" CONTENT="d’un" ID="tl_24_2" STYLEREFS="FONT0"/>
            <SP HEIGHT="14.740157480314961" WIDTH="5.3858267716535435" VPOS="425.76377952755905" HPOS="83.62204724409449"/>
            <String HEIGHT="14.740157480314961" WIDTH="53.85826771653543" VPOS="425.76377952755905" HPOS="67.46456692913385" CONTENT="espace" ID="tl_24_3" STYLEREFS="FONT0"/>
            <SP HEIGHT="14.740157480314961" WIDTH="5.3858267716535435" VPOS="425.76377952755905" HPOS="121.32283464566929"/>
            <String HEIGHT="14.740157480314961" WIDTH="53.85826771653543" VPOS="425.76377952755905" HPOS="105.16535433070867" CONTENT="unique" ID="tl_24_4" STYLEREFS="FONT0"/>
            <SP HEIGHT="14.740157480314961" WIDTH="5.3858267716535435" VPOS="425.76377952755905" HPOS="159.0236220472441"/>
            <String HEIGHT="14.740157480314961" WIDTH="37.7007874015748" VPOS="425.76377952755905" HPOS="142.86614173228347" CONTENT="est" ID="tl_24_5" STYLEREFS="FONT0"/>
            <SP HEIGHT="14.740157480314961" WIDTH="5.3858267716535435" VPOS="425.76377952755905" HPOS="180.56692913385828"/>
            <String HEIGHT="14.740157480314961" WIDTH="59.24409448818898" VPOS="425.76377952755905" HPOS="164.40944881889763" CONTENT="devenue" ID="tl_24_6" STYLEREFS="FONT0"/>
            <SP HEIGHT="14.740157480314961" WIDTH="5.3858267716535435" VPOS="425.76377952755905" HPOS="223.6535433070866"/>
            <String HEIGHT="14.740157480314961" WIDTH="43.08661417322835" VPOS="425.76377952755905" HPOS="207.49606299212599" CONTENT="tout" ID="tl_24_7" STYLEREFS="FONT0"/>
            <SP HEIGHT="14.740157480314961" WIDTH="5.3858267716535435" VPOS="425.76377952755905" HPOS="250.58267716535434"/>
            <String HEIGHT="14.740157480314961" WIDTH="26.929133858267715" VPOS="425.76377952755905" HPOS="234.4251968503937" CONTENT="à" ID="tl_24_8" STYLEREFS="FONT0"/>
            <SP HEIGHT="14.740157480314961" WIDTH="5.3858267716535435" VPOS="425.76377952755905" HPOS="261.3543307086614"/>
            <String HEIGHT="14.740157480314961" WIDTH="32.31496062992126" VPOS="425.76377952755905" HPOS="239.81102362204723" CONTENT="fait" ID="tl_24_9" STYLEREFS="FONT0"/>
          </TextLine>
          <TextLine ID="tl_25" BASELINE="1587" HEIGHT="13.32283464566929" WIDTH="252.56692913385828" VPOS="436.53543307086613" HPOS="19.559055118110237">
            <String HEIGHT="13.32283464566929" WIDTH="43.08661417322835" VPOS="436.53543307086613" HPOS="14.173228346456693" CONTENT="rare" ID="tl_25_1" STYLEREFS="FONT0"/>
            <SP HEIGHT="13.32283464566929" WIDTH="5.3858267716535435" VPOS="436.53543307086613" HPOS="57.25984251968504"/>
            <String HEIGHT="13.32283464566929" WIDTH="32.31496062992126" VPOS="436.53543307086613" HPOS="41.10236220472441" CONTENT="ou" ID="tl_25_2" STYLEREFS="FONT0"/>
            <SP HEIGHT="13.32283464566929" WIDTH="5.3858267716535435" VPOS="436.53543307086613" HPOS="73.41732283464567"/>
            <String HEIGHT="13.32283464566929" WIDTH="26.929133858267715" VPOS="436.53543307086613" HPOS="57.25984251968504" CONTENT="a" ID="tl_25_3" STYLEREFS="FONT0"/>
            <SP HEIGHT="13.32283464566929" WIDTH="5.3858267716535435" VPOS="436.53543307086613" HPOS="83.90551181102362"/>
            <String HEIGHT="13.32283464566929" WIDTH="53.85826771653543" VPOS="436.53543307086613" HPOS="68.03149606299213" CONTENT="évolué" ID="tl_25_4" STYLEREFS="FONT0"/>
            <SP HEIGHT="13.32283464566929" WIDTH="5.3858267716535435" VPOS="436.53543307086613" HPOS="121.60629921259843"/>
            <String HEIGHT="13.32283464566929" WIDTH="43.08661417322835" VPOS="436.53543307086613" HPOS="105.44881889763779" CONTENT="vers" ID="tl_25_5" STYLEREFS="FONT0"/>
            <SP HEIGHT="13.32283464566929" WIDTH="5.3858267716535435" VPOS="436.53543307086613" HPOS="148.53543307086613"/>
            <String HEIGHT="13.32283464566929" WIDTH="32.31496062992126" VPOS="436.53543307086613" HPOS="132.3779527559055" CONTENT="la" ID="tl_25_6" STYLEREFS="FONT0"/>
            <SP HEIGHT="13.32283464566929" WIDTH="5.3858267716535435" VPOS="436.53543307086613" HPOS="164.69291338582678"/>
            <String HEIGHT="13.32283464566929" WIDTH="53.85826771653543" VPOS="436.53543307086613" HPOS="148.53543307086613" CONTENT="percée" ID="tl_25_7" STYLEREFS="FONT0"/>
            <SP HEIGHT="13.32283464566929" WIDTH="5.3858267716535435" VPOS="436.53543307086613" HPOS="202.39370078740157"/>
            <String HEIGHT="13.32283464566929" WIDTH="32.31496062992126" VPOS="436.53543307086613" HPOS="186.23622047244095" CONTENT="de" ID="tl_25_8" STYLEREFS="FONT0"/>
            <SP HEIGHT="13.32283464566929" WIDTH="5.3858267716535435" VPOS="436.53543307086613" HPOS="218.26771653543307"/>
            <String HEIGHT="13.32283464566929" WIDTH="59.24409448818898" VPOS="436.53543307086613" HPOS="202.39370078740157" CONTENT="visions" ID="tl_25_9" STYLEREFS="FONT0"/>
            <SP HEIGHT="13.32283464566929" WIDTH="5.3858267716535435" VPOS="436.53543307086613" HPOS="261.3543307086614"/>
            <String HEIGHT="13.32283464566929" WIDTH="32.31496062992126" VPOS="436.53543307086613" HPOS="239.81102362204723" CONTENT="sur" SUBS_TYPE="HypPart1" SUBS_CONTENT="surréalistes." ID="tl_25_10" STYLEREFS="FONT0"/>
            <HYP CONTENT="-"/>
          </TextLine>
          <TextLine ID="tl_26" BASELINE="1639" HEIGHT="15.023622047244094" WIDTH="253.41732283464566" VPOS="449.5748031496063" HPOS="18.992125984251967">
            <String HEIGHT="15.023622047244094" WIDTH="72.28346456692914" VPOS="449.5748031496063" HPOS="13.88976377952756" CONTENT="réalistes." SUBS_TYPE="HypPart2" SUBS_CONTENT="surréalistes." ID="tl_26_1" STYLEREFS="FONT0"/>
            <SP HEIGHT="15.023622047244094" WIDTH="5.102362204724409" VPOS="449.5748031496063" HPOS="86.1732283464567"/>
            <String HEIGHT="15.023622047244094" WIDTH="30.89763779527559" VPOS="449.5748031496063" HPOS="70.58267716535433" CONTENT="Un" ID="tl_26_2" STYLEREFS="FONT0"/>
            <SP HEIGHT="15.023622047244094" WIDTH="5.102362204724409" VPOS="449.5748031496063" HPOS="101.76377952755905"/>
            <String HEIGHT="15.023622047244094" WIDTH="56.976377952755904" VPOS="449.5748031496063" HPOS="86.1732283464567" CONTENT="certain" ID="tl_26_3" STYLEREFS="FONT0"/>
            <SP HEIGHT="15.023622047244094" WIDTH="5.102362204724409" VPOS="449.5748031496063" HPOS="143.1496062992126"/>
            <String HEIGHT="15.023622047244094" WIDTH="51.59055118110236" VPOS="449.5748031496063" HPOS="127.55905511811024" CONTENT="nombre" ID="tl_26_4" STYLEREFS="FONT0"/>
            <SP HEIGHT="15.023622047244094" WIDTH="5.102362204724409" VPOS="449.5748031496063" HPOS="179.43307086614172"/>
            <String HEIGHT="15.023622047244094" WIDTH="30.89763779527559" VPOS="449.5748031496063" HPOS="163.84251968503938" CONTENT="de" ID="tl_26_5" STYLEREFS="FONT0"/>
            <SP HEIGHT="15.023622047244094" WIDTH="5.102362204724409" VPOS="449.5748031496063" HPOS="194.74015748031496"/>
            <String HEIGHT="15.023622047244094" WIDTH="51.59055118110236" VPOS="449.5748031496063" HPOS="179.43307086614172" CONTENT="jeunes" ID="tl_26_6" STYLEREFS="FONT0"/>
            <SP HEIGHT="15.023622047244094" WIDTH="5.102362204724409" VPOS="449.5748031496063" HPOS="231.0236220472441"/>
            <String HEIGHT="15.023622047244094" WIDTH="36.28346456692913" VPOS="449.5748031496063" HPOS="215.43307086614172" CONTENT="ont" ID="tl_26_7" STYLEREFS="FONT0"/>
            <SP HEIGHT="15.023622047244094" WIDTH="5.102362204724409" VPOS="449.5748031496063" HPOS="251.71653543307087"/>
            <String HEIGHT="15.023622047244094" WIDTH="41.38582677165354" VPOS="449.5748031496063" HPOS="231.0236220472441" CONTENT="remar" SUBS_TYPE="HypPart1" SUBS_CONTENT="remarqué" ID="tl_26_8" STYLEREFS="FONT0"/>
            <HYP CONTENT="-"/>
          </TextLine>
          <TextLine ID="tl_27" BASELINE="1682" HEIGHT="14.456692913385826" WIDTH="253.41732283464566" VPOS="462.3307086614173" HPOS="18.4251968503937">
            <String HEIGHT="14.456692913385826" WIDTH="37.7007874015748" VPOS="462.3307086614173" HPOS="13.039370078740157" CONTENT="qué" SUBS_TYPE="HypPart2" SUBS_CONTENT="remarqué" ID="tl_27_1" STYLEREFS="FONT0"/>
            <SP HEIGHT="14.456692913385826" WIDTH="5.3858267716535435" VPOS="462.3307086614173" HPOS="50.74015748031496"/>
            <String HEIGHT="14.456692913385826" WIDTH="37.7007874015748" VPOS="462.3307086614173" HPOS="34.58267716535433" CONTENT="que" ID="tl_27_2" STYLEREFS="FONT0"/>
            <SP HEIGHT="14.456692913385826" WIDTH="5.3858267716535435" VPOS="462.3307086614173" HPOS="72.28346456692914"/>
            <String HEIGHT="14.456692913385826" WIDTH="37.7007874015748" VPOS="462.3307086614173" HPOS="56.125984251968504" CONTENT="les" ID="tl_27_3" STYLEREFS="FONT0"/>
            <SP HEIGHT="14.456692913385826" WIDTH="5.3858267716535435" VPOS="462.3307086614173" HPOS="93.8267716535433"/>
            <String HEIGHT="14.456692913385826" WIDTH="53.85826771653543" VPOS="462.3307086614173" HPOS="77.66929133858268" CONTENT="thèmes" ID="tl_27_4" STYLEREFS="FONT0"/>
            <SP HEIGHT="14.456692913385826" WIDTH="5.3858267716535435" VPOS="462.3307086614173" HPOS="131.5275590551181"/>
            <String HEIGHT="14.456692913385826" WIDTH="32.31496062992126" VPOS="462.3307086614173" HPOS="115.37007874015748" CONTENT="de" ID="tl_27_5" STYLEREFS="FONT0"/>
            <SP HEIGHT="14.456692913385826" WIDTH="5.3858267716535435" VPOS="462.3307086614173" HPOS="147.96850393700788"/>
            <String HEIGHT="14.456692913385826" WIDTH="32.31496062992126" VPOS="462.3307086614173" HPOS="131.5275590551181" CONTENT="la" ID="tl_27_6" STYLEREFS="FONT0"/>
            <SP HEIGHT="14.456692913385826" WIDTH="5.3858267716535435" VPOS="462.3307086614173" HPOS="164.1259842519685"/>
            <String HEIGHT="14.456692913385826" WIDTH="70.01574803149606" VPOS="462.3307086614173" HPOS="147.96850393700788" CONTENT="tradition" ID="tl_27_7" STYLEREFS="FONT0"/>
            <SP HEIGHT="14.456692913385826" WIDTH="5.3858267716535435" VPOS="462.3307086614173" HPOS="217.98425196850394"/>
            <String HEIGHT="14.456692913385826" WIDTH="43.08661417322835" VPOS="462.3307086614173" HPOS="201.82677165354332" CONTENT="sont" ID="tl_27_8" STYLEREFS="FONT0"/>
            <SP HEIGHT="14.456692913385826" WIDTH="5.3858267716535435" VPOS="462.3307086614173" HPOS="244.91338582677164"/>
            <String HEIGHT="14.456692913385826" WIDTH="48.47244094488189" VPOS="462.3307086614173" HPOS="223.37007874015748" CONTENT="épuisés" ID="tl_27_9" STYLEREFS="FONT0"/>
          </TextLine>
          <TextLine ID="tl_28" BASELINE="1721" HEIGHT="13.606299212598426" WIDTH="253.41732283464566" VPOS="474.23622047244095" HPOS="18.708661417322833">
            <String HEIGHT="13.606299212598426" WIDTH="33.732283464566926" VPOS="474.23622047244095" HPOS="13.039370078740157" CONTENT="et" ID="tl_28_1" STYLEREFS="FONT0"/>
            <SP HEIGHT="13.606299212598426" WIDTH="5.669291338582677" VPOS="474.23622047244095" HPOS="46.77165354330709"/>
            <String HEIGHT="13.606299212598426" WIDTH="33.732283464566926" VPOS="474.23622047244095" HPOS="30.04724409448819" CONTENT="ne" ID="tl_28_2" STYLEREFS="FONT0"/>
            <SP HEIGHT="13.606299212598426" WIDTH="5.669291338582677" VPOS="474.23622047244095" HPOS="63.77952755905512"/>
            <String HEIGHT="13.606299212598426" WIDTH="62.07874015748032" VPOS="474.23622047244095" HPOS="46.77165354330709" CONTENT="peuvent" ID="tl_28_3" STYLEREFS="FONT0"/>
            <SP HEIGHT="13.606299212598426" WIDTH="5.669291338582677" VPOS="474.23622047244095" HPOS="108.85039370078741"/>
            <String HEIGHT="13.606299212598426" WIDTH="73.13385826771653" VPOS="474.23622047244095" HPOS="91.84251968503936" CONTENT="supporter" ID="tl_28_4" STYLEREFS="FONT0"/>
            <SP HEIGHT="13.606299212598426" WIDTH="5.669291338582677" VPOS="474.23622047244095" HPOS="165.25984251968504"/>
            <String HEIGHT="13.606299212598426" WIDTH="33.732283464566926" VPOS="474.23622047244095" HPOS="148.251968503937" CONTENT="le" ID="tl_28_5" STYLEREFS="FONT0"/>
            <SP HEIGHT="13.606299212598426" WIDTH="5.669291338582677" VPOS="474.23622047244095" HPOS="181.98425196850394"/>
            <String HEIGHT="13.606299212598426" WIDTH="50.74015748031496" VPOS="474.23622047244095" HPOS="165.25984251968504" CONTENT="poids" ID="tl_28_6" STYLEREFS="FONT0"/>
            <SP HEIGHT="13.606299212598426" WIDTH="5.669291338582677" VPOS="474.23622047244095" HPOS="215.71653543307087"/>
            <String HEIGHT="13.606299212598426" WIDTH="33.732283464566926" VPOS="474.23622047244095" HPOS="198.99212598425197" CONTENT="et" ID="tl_28_7" STYLEREFS="FONT0"/>
            <SP HEIGHT="13.606299212598426" WIDTH="5.669291338582677" VPOS="474.23622047244095" HPOS="232.7244094488189"/>
            <String HEIGHT="13.606299212598426" WIDTH="56.40944881889764" VPOS="474.23622047244095" HPOS="215.71653543307087" CONTENT="l’élan" ID="tl_28_8" STYLEREFS="FONT0"/>
            <SP HEIGHT="13.606299212598426" WIDTH="5.669291338582677" VPOS="474.23622047244095" HPOS="272.12598425196853"/>
            <String HEIGHT="13.606299212598426" WIDTH="22.393700787401574" VPOS="474.23622047244095" HPOS="249.73228346456693" CONTENT="de" ID="tl_28_9" STYLEREFS="FONT0"/>
          </TextLine>
          <TextLine ID="tl_29" BASELINE="1754" HEIGHT="14.173228346456693" WIDTH="253.13385826771653" VPOS="483.0236220472441" HPOS="18.708661417322833">
            <String HEIGHT="14.173228346456693" WIDTH="56.69291338582677" VPOS="483.0236220472441" HPOS="13.606299212598426" CONTENT="l’homme" ID="tl_29_1" STYLEREFS="FONT0"/>
            <SP HEIGHT="14.173228346456693" WIDTH="5.102362204724409" VPOS="483.0236220472441" HPOS="70.2992125984252"/>
            <String HEIGHT="14.173228346456693" WIDTH="30.89763779527559" VPOS="483.0236220472441" HPOS="54.99212598425197" CONTENT="et" ID="tl_29_2" STYLEREFS="FONT0"/>
            <SP HEIGHT="14.173228346456693" WIDTH="5.102362204724409" VPOS="483.0236220472441" HPOS="85.88976377952756"/>
            <String HEIGHT="14.173228346456693" WIDTH="30.89763779527559" VPOS="483.0236220472441" HPOS="70.2992125984252" CONTENT="de" ID="tl_29_3" STYLEREFS="FONT0"/>
            <SP HEIGHT="14.173228346456693" WIDTH="5.102362204724409" VPOS="483.0236220472441" HPOS="101.48031496062993"/>
            <String HEIGHT="14.173228346456693" WIDTH="67.18110236220473" VPOS="483.0236220472441" HPOS="85.88976377952756" CONTENT="l’artiste" ID="tl_29_4" STYLEREFS="FONT0"/>
            <SP HEIGHT="14.173228346456693" WIDTH="5.102362204724409" VPOS="483.0236220472441" HPOS="153.0708661417323"/>
            <String HEIGHT="14.173228346456693" WIDTH="36.28346456692913" VPOS="483.0236220472441" HPOS="137.48031496062993" CONTENT="qui" ID="tl_29_5" STYLEREFS="FONT0"/>
            <SP HEIGHT="14.173228346456693" WIDTH="5.102362204724409" VPOS="483.0236220472441" HPOS="173.76377952755905"/>
            <String HEIGHT="14.173228346456693" WIDTH="67.18110236220473" VPOS="483.0236220472441" HPOS="158.17322834645668" CONTENT="acceptent" ID="tl_29_6" STYLEREFS="FONT0"/>
            <SP HEIGHT="14.173228346456693" WIDTH="5.102362204724409" VPOS="483.0236220472441" HPOS="225.35433070866142"/>
            <String HEIGHT="14.173228346456693" WIDTH="30.89763779527559" VPOS="483.0236220472441" HPOS="209.76377952755905" CONTENT="de" ID="tl_29_7" STYLEREFS="FONT0"/>
            <SP HEIGHT="14.173228346456693" WIDTH="5.102362204724409" VPOS="483.0236220472441" HPOS="240.9448818897638"/>
            <String HEIGHT="14.173228346456693" WIDTH="46.488188976377955" VPOS="483.0236220472441" HPOS="225.35433070866142" CONTENT="vivre" ID="tl_29_8" STYLEREFS="FONT0"/>
            <SP HEIGHT="14.173228346456693" WIDTH="5.102362204724409" VPOS="483.0236220472441" HPOS="271.84251968503935"/>
            <String HEIGHT="14.173228346456693" WIDTH="20.69291338582677" VPOS="483.0236220472441" HPOS="251.1496062992126" CONTENT="et" ID="tl_29_9" STYLEREFS="FONT0"/>
          </TextLine>
          <TextLine ID="tl_30" BASELINE="1805" HEIGHT="15.874015748031496" WIDTH="253.70078740157481" VPOS="495.7795275590551" HPOS="17.858267716535433">
            <String HEIGHT="15.874015748031496" WIDTH="64.91338582677166" VPOS="495.7795275590551" HPOS="12.472440944881889" CONTENT="d’œuvrer" ID="tl_30_1" STYLEREFS="FONT0"/>
            <SP HEIGHT="15.874015748031496" WIDTH="5.3858267716535435" VPOS="495.7795275590551" HPOS="77.10236220472441"/>
            <String HEIGHT="15.874015748031496" WIDTH="81.07086614173228" VPOS="495.7795275590551" HPOS="60.94488188976378" CONTENT="aujourd’hui" ID="tl_30_2" STYLEREFS="FONT0"/>
            <SP HEIGHT="15.874015748031496" WIDTH="5.3858267716535435" VPOS="495.7795275590551" HPOS="142.01574803149606"/>
            <String HEIGHT="15.874015748031496" WIDTH="48.47244094488189" VPOS="495.7795275590551" HPOS="125.85826771653544" CONTENT="parmi" ID="tl_30_3" STYLEREFS="FONT0"/>
            <SP HEIGHT="15.874015748031496" WIDTH="5.3858267716535435" VPOS="495.7795275590551" HPOS="174.33070866141733"/>
            <String HEIGHT="15.874015748031496" WIDTH="48.47244094488189" VPOS="495.7795275590551" HPOS="158.17322834645668" CONTENT="nous." ID="tl_30_4" STYLEREFS="FONT0"/>
            <SP HEIGHT="15.874015748031496" WIDTH="5.3858267716535435" VPOS="495.7795275590551" HPOS="206.64566929133858"/>
            <String HEIGHT="15.874015748031496" WIDTH="37.7007874015748" VPOS="495.7795275590551" HPOS="190.48818897637796" CONTENT="Ils" ID="tl_30_5" STYLEREFS="FONT0"/>
            <SP HEIGHT="15.874015748031496" WIDTH="5.3858267716535435" VPOS="495.7795275590551" HPOS="228.4724409448819"/>
            <String HEIGHT="15.874015748031496" WIDTH="37.7007874015748" VPOS="495.7795275590551" HPOS="212.31496062992127" CONTENT="ont" ID="tl_30_6" STYLEREFS="FONT0"/>
            <SP HEIGHT="15.874015748031496" WIDTH="5.3858267716535435" VPOS="495.7795275590551" HPOS="250.01574803149606"/>
            <String HEIGHT="15.874015748031496" WIDTH="43.08661417322835" VPOS="495.7795275590551" HPOS="228.4724409448819" CONTENT="élargi" ID="tl_30_7" STYLEREFS="FONT0"/>
          </TextLine>
          <TextLine ID="tl_31" BASELINE="1832" HEIGHT="12.472440944881889" WIDTH="253.41732283464566" VPOS="506.8346456692913" HPOS="18.4251968503937">
            <String HEIGHT="12.472440944881889" WIDTH="39.68503937007874" VPOS="506.8346456692913" HPOS="13.32283464566929" CONTENT="leur" ID="tl_31_1" STYLEREFS="FONT0"/>
            <SP HEIGHT="12.472440944881889" WIDTH="5.102362204724409" VPOS="506.8346456692913" HPOS="53.29133858267716"/>
            <String HEIGHT="12.472440944881889" WIDTH="44.78740157480315" VPOS="506.8346456692913" HPOS="38.267716535433074" CONTENT="angle" ID="tl_31_2" STYLEREFS="FONT0"/>
            <SP HEIGHT="12.472440944881889" WIDTH="5.102362204724409" VPOS="506.8346456692913" HPOS="83.05511811023622"/>
            <String HEIGHT="12.472440944881889" WIDTH="54.70866141732284" VPOS="506.8346456692913" HPOS="68.03149606299213" CONTENT="visuel," ID="tl_31_3" STYLEREFS="FONT0"/>
            <SP HEIGHT="12.472440944881889" WIDTH="5.102362204724409" VPOS="506.8346456692913" HPOS="122.74015748031496"/>
            <String HEIGHT="12.472440944881889" WIDTH="69.44881889763779" VPOS="506.8346456692913" HPOS="108.0" CONTENT="approfondi" ID="tl_31_4" STYLEREFS="FONT0"/>
            <SP HEIGHT="12.472440944881889" WIDTH="5.102362204724409" VPOS="506.8346456692913" HPOS="177.4488188976378"/>
            <String HEIGHT="12.472440944881889" WIDTH="39.68503937007874" VPOS="506.8346456692913" HPOS="162.4251968503937" CONTENT="leur" ID="tl_31_5" STYLEREFS="FONT0"/>
            <SP HEIGHT="12.472440944881889" WIDTH="5.102362204724409" VPOS="506.8346456692913" HPOS="202.39370078740157"/>
            <String HEIGHT="12.472440944881889" WIDTH="49.60629921259842" VPOS="506.8346456692913" HPOS="187.37007874015748" CONTENT="regard" ID="tl_31_6" STYLEREFS="FONT0"/>
            <SP HEIGHT="12.472440944881889" WIDTH="5.102362204724409" VPOS="506.8346456692913" HPOS="236.9763779527559"/>
            <String HEIGHT="12.472440944881889" WIDTH="29.763779527559056" VPOS="506.8346456692913" HPOS="222.23622047244095" CONTENT="et" ID="tl_31_7" STYLEREFS="FONT0"/>
            <SP HEIGHT="12.472440944881889" WIDTH="5.102362204724409" VPOS="506.8346456692913" HPOS="252.0"/>
            <String HEIGHT="12.472440944881889" WIDTH="39.68503937007874" VPOS="506.8346456692913" HPOS="232.15748031496062" CONTENT="décou" SUBS_TYPE="HypPart1" SUBS_CONTENT="découvert" ID="tl_31_8" STYLEREFS="FONT0"/>
            <HYP CONTENT="-"/>
          </TextLine>
          <TextLine ID="tl_32" BASELINE="1884" HEIGHT="14.740157480314961" WIDTH="254.83464566929135" VPOS="519.3070866141733" HPOS="17.007874015748033">
            <String HEIGHT="14.740157480314961" WIDTH="51.023622047244096" VPOS="519.3070866141733" HPOS="10.771653543307087" CONTENT="vert" SUBS_TYPE="HypPart2" SUBS_CONTENT="découvert" ID="tl_32_1" STYLEREFS="FONT0"/>
            <SP HEIGHT="14.740157480314961" WIDTH="6.2362204724409445" VPOS="519.3070866141733" HPOS="61.511811023622045"/>
            <String HEIGHT="14.740157480314961" WIDTH="44.503937007874015" VPOS="519.3070866141733" HPOS="42.51968503937008" CONTENT="que" ID="tl_32_2" STYLEREFS="FONT0"/>
            <SP HEIGHT="14.740157480314961" WIDTH="6.2362204724409445" VPOS="519.3070866141733" HPOS="87.02362204724409"/>
            <String HEIGHT="14.740157480314961" WIDTH="38.267716535433074" VPOS="519.3070866141733" HPOS="68.03149606299213" CONTENT="la" ID="tl_32_3" STYLEREFS="FONT0"/>
            <SP HEIGHT="14.740157480314961" WIDTH="6.2362204724409445" VPOS="519.3070866141733" HPOS="106.2992125984252"/>
            <String HEIGHT="14.740157480314961" WIDTH="114.80314960629921" VPOS="519.3070866141733" HPOS="87.02362204724409" CONTENT="phénoménologie" ID="tl_32_4" STYLEREFS="FONT0"/>
            <SP HEIGHT="14.740157480314961" WIDTH="6.2362204724409445" VPOS="519.3070866141733" HPOS="201.82677165354332"/>
            <String HEIGHT="14.740157480314961" WIDTH="38.267716535433074" VPOS="519.3070866141733" HPOS="182.5511811023622" CONTENT="du" ID="tl_32_5" STYLEREFS="FONT0"/>
            <SP HEIGHT="14.740157480314961" WIDTH="6.2362204724409445" VPOS="519.3070866141733" HPOS="220.8188976377953"/>
            <String HEIGHT="14.740157480314961" WIDTH="57.25984251968504" VPOS="519.3070866141733" HPOS="201.82677165354332" CONTENT="monde" ID="tl_32_6" STYLEREFS="FONT0"/>
            <SP HEIGHT="14.740157480314961" WIDTH="6.2362204724409445" VPOS="519.3070866141733" HPOS="259.0866141732283"/>
            <String HEIGHT="14.740157480314961" WIDTH="38.267716535433074" VPOS="519.3070866141733" HPOS="233.5748031496063" CONTENT="dans" ID="tl_32_7" STYLEREFS="FONT0"/>
          </TextLine>
          <TextLine ID="tl_33" BASELINE="1919" HEIGHT="13.039370078740157" WIDTH="253.98425196850394" VPOS="530.9291338582677" HPOS="17.5748031496063">
            <String HEIGHT="13.039370078740157" WIDTH="53.00787401574803" VPOS="530.9291338582677" HPOS="12.188976377952756" CONTENT="lequel" ID="tl_33_1" STYLEREFS="FONT0"/>
            <SP HEIGHT="13.039370078740157" WIDTH="5.3858267716535435" VPOS="530.9291338582677" HPOS="65.19685039370079"/>
            <String HEIGHT="13.039370078740157" WIDTH="42.23622047244095" VPOS="530.9291338582677" HPOS="49.32283464566929" CONTENT="nous" ID="tl_33_2" STYLEREFS="FONT0"/>
            <SP HEIGHT="13.039370078740157" WIDTH="5.3858267716535435" VPOS="530.9291338582677" HPOS="91.55905511811024"/>
            <String HEIGHT="13.039370078740157" WIDTH="53.00787401574803" VPOS="530.9291338582677" HPOS="75.68503937007874" CONTENT="vivons" ID="tl_33_3" STYLEREFS="FONT0"/>
            <SP HEIGHT="13.039370078740157" WIDTH="5.3858267716535435" VPOS="530.9291338582677" HPOS="128.69291338582678"/>
            <String HEIGHT="13.039370078740157" WIDTH="47.62204724409449" VPOS="530.9291338582677" HPOS="112.81889763779527" CONTENT="s’est" ID="tl_33_4" STYLEREFS="FONT0"/>
            <SP HEIGHT="13.039370078740157" WIDTH="5.3858267716535435" VPOS="530.9291338582677" HPOS="160.44094488188978"/>
            <String HEIGHT="13.039370078740157" WIDTH="63.496062992125985" VPOS="530.9291338582677" HPOS="144.56692913385828" CONTENT="enrichie" ID="tl_33_5" STYLEREFS="FONT0"/>
            <SP HEIGHT="13.039370078740157" WIDTH="5.3858267716535435" VPOS="530.9291338582677" HPOS="208.06299212598427"/>
            <String HEIGHT="13.039370078740157" WIDTH="31.748031496062993" VPOS="530.9291338582677" HPOS="192.18897637795277" CONTENT="de" ID="tl_33_6" STYLEREFS="FONT0"/>
            <SP HEIGHT="13.039370078740157" WIDTH="5.3858267716535435" VPOS="530.9291338582677" HPOS="223.93700787401573"/>
            <String HEIGHT="13.039370078740157" WIDTH="53.00787401574803" VPOS="530.9291338582677" HPOS="208.06299212598427" CONTENT="formes" ID="tl_33_7" STYLEREFS="FONT0"/>
            <SP HEIGHT="13.039370078740157" WIDTH="5.3858267716535435" VPOS="530.9291338582677" HPOS="261.07086614173227"/>
            <String HEIGHT="13.039370078740157" WIDTH="31.748031496062993" VPOS="530.9291338582677" HPOS="239.81102362204723" CONTENT="iné" SUBS_TYPE="HypPart1" SUBS_CONTENT="inédites;" ID="tl_33_8" STYLEREFS="FONT0"/>
            <HYP CONTENT="-"/>
          </TextLine>
          <TextLine ID="tl_34" BASELINE="1972" HEIGHT="14.173228346456693" WIDTH="254.26771653543307" VPOS="544.8188976377953" HPOS="17.007874015748033">
            <String HEIGHT="14.173228346456693" WIDTH="55.275590551181104" VPOS="544.8188976377953" HPOS="11.622047244094489" CONTENT="dites;" SUBS_TYPE="HypPart2" SUBS_CONTENT="inédites;" ID="tl_34_1" STYLEREFS="FONT0"/>
            <SP HEIGHT="14.173228346456693" WIDTH="5.669291338582677" VPOS="544.8188976377953" HPOS="66.89763779527559"/>
            <String HEIGHT="14.173228346456693" WIDTH="38.83464566929134" VPOS="544.8188976377953" HPOS="50.173228346456696" CONTENT="ils" ID="tl_34_2" STYLEREFS="FONT0"/>
            <SP HEIGHT="14.173228346456693" WIDTH="5.669291338582677" VPOS="544.8188976377953" HPOS="89.00787401574803"/>
            <String HEIGHT="14.173228346456693" WIDTH="38.83464566929134" VPOS="544.8188976377953" HPOS="72.28346456692914" CONTENT="ont" ID="tl_34_3" STYLEREFS="FONT0"/>
            <SP HEIGHT="14.173228346456693" WIDTH="5.669291338582677" VPOS="544.8188976377953" HPOS="111.11811023622047"/>
            <String HEIGHT="14.173228346456693" WIDTH="49.889763779527556" VPOS="544.8188976377953" HPOS="94.39370078740157" CONTENT="senti" ID="tl_34_4" STYLEREFS="FONT0"/>
            <SP HEIGHT="14.173228346456693" WIDTH="5.669291338582677" VPOS="544.8188976377953" HPOS="144.28346456692913"/>
            <String HEIGHT="14.173228346456693" WIDTH="38.83464566929134" VPOS="544.8188976377953" HPOS="127.55905511811024" CONTENT="que" ID="tl_34_5" STYLEREFS="FONT0"/>
            <SP HEIGHT="14.173228346456693" WIDTH="5.669291338582677" VPOS="544.8188976377953" HPOS="166.39370078740157"/>
            <String HEIGHT="14.173228346456693" WIDTH="33.16535433070866" VPOS="544.8188976377953" HPOS="149.66929133858267" CONTENT="la" ID="tl_34_6" STYLEREFS="FONT0"/>
            <SP HEIGHT="14.173228346456693" WIDTH="5.669291338582677" VPOS="544.8188976377953" HPOS="182.83464566929135"/>
            <String HEIGHT="14.173228346456693" WIDTH="38.83464566929134" VPOS="544.8188976377953" HPOS="166.39370078740157" CONTENT="vie" ID="tl_34_7" STYLEREFS="FONT0"/>
            <SP HEIGHT="14.173228346456693" WIDTH="5.669291338582677" VPOS="544.8188976377953" HPOS="204.9448818897638"/>
            <String HEIGHT="14.173228346456693" WIDTH="88.44094488188976" VPOS="544.8188976377953" HPOS="188.50393700787401" CONTENT="émotionnelle" ID="tl_34_8" STYLEREFS="FONT0"/>
            <SP HEIGHT="14.173228346456693" WIDTH="5.669291338582677" VPOS="544.8188976377953" HPOS="276.9448818897638"/>
            <String HEIGHT="14.173228346456693" WIDTH="16.724409448818896" VPOS="544.8188976377953" HPOS="254.83464566929135" CONTENT="a" ID="tl_34_9" STYLEREFS="FONT0"/>
          </TextLine>
          <TextLine ID="tl_35" BASELINE="2004" HEIGHT="11.622047244094489" WIDTH="254.5511811023622" VPOS="556.4409448818898" HPOS="17.007874015748033">
            <String HEIGHT="11.622047244094489" WIDTH="96.94488188976378" VPOS="556.4409448818898" HPOS="11.05511811023622" CONTENT="profondément" ID="tl_35_1" STYLEREFS="FONT0"/>
            <SP HEIGHT="11.622047244094489" WIDTH="5.952755905511811" VPOS="556.4409448818898" HPOS="108.0"/>
            <String HEIGHT="11.622047244094489" WIDTH="60.661417322834644" VPOS="556.4409448818898" HPOS="89.85826771653544" CONTENT="changé" ID="tl_35_2" STYLEREFS="FONT0"/>
            <SP HEIGHT="11.622047244094489" WIDTH="5.952755905511811" VPOS="556.4409448818898" HPOS="150.23622047244095"/>
            <String HEIGHT="11.622047244094489" WIDTH="36.28346456692913" VPOS="556.4409448818898" HPOS="132.09448818897638" CONTENT="et" ID="tl_35_3" STYLEREFS="FONT0"/>
            <SP HEIGHT="11.622047244094489" WIDTH="5.952755905511811" VPOS="556.4409448818898" HPOS="168.66141732283464"/>
            <String HEIGHT="11.622047244094489" WIDTH="42.51968503937008" VPOS="556.4409448818898" HPOS="150.23622047244095" CONTENT="que" ID="tl_35_4" STYLEREFS="FONT0"/>
            <SP HEIGHT="11.622047244094489" WIDTH="5.952755905511811" VPOS="556.4409448818898" HPOS="192.75590551181102"/>
            <String HEIGHT="11.622047244094489" WIDTH="36.28346456692913" VPOS="556.4409448818898" HPOS="174.61417322834646" CONTENT="la" ID="tl_35_5" STYLEREFS="FONT0"/>
            <SP HEIGHT="11.622047244094489" WIDTH="5.952755905511811" VPOS="556.4409448818898" HPOS="210.89763779527559"/>
            <String HEIGHT="11.622047244094489" WIDTH="84.75590551181102" VPOS="556.4409448818898" HPOS="186.8031496062992" CONTENT="connaissance" ID="tl_35_6" STYLEREFS="FONT0"/>
          </TextLine>
          <TextLine ID="tl_36" BASELINE="2046" HEIGHT="13.039370078740157" WIDTH="240.09448818897638" VPOS="566.9291338582677" HPOS="16.724409448818896">
            <String HEIGHT="13.039370078740157" WIDTH="93.8267716535433" VPOS="566.9291338582677" HPOS="11.622047244094489" CONTENT="intellectuelle" ID="tl_36_1" STYLEREFS="FONT0"/>
            <SP HEIGHT="13.039370078740157" WIDTH="5.102362204724409" VPOS="566.9291338582677" HPOS="105.44881889763779"/>
            <String HEIGHT="13.039370078740157" WIDTH="26.078740157480315" VPOS="566.9291338582677" HPOS="89.85826771653544" CONTENT="a" ID="tl_36_2" STYLEREFS="FONT0"/>
            <SP HEIGHT="13.039370078740157" WIDTH="5.102362204724409" VPOS="566.9291338582677" HPOS="115.93700787401575"/>
            <String HEIGHT="13.039370078740157" WIDTH="57.54330708661417" VPOS="566.9291338582677" HPOS="100.34645669291339" CONTENT="conquis" ID="tl_36_3" STYLEREFS="FONT0"/>
            <SP HEIGHT="13.039370078740157" WIDTH="5.102362204724409" VPOS="566.9291338582677" HPOS="157.60629921259843"/>
            <String HEIGHT="13.039370078740157" WIDTH="31.181102362204726" VPOS="566.9291338582677" HPOS="142.01574803149606" CONTENT="de" ID="tl_36_4" STYLEREFS="FONT0"/>
            <SP HEIGHT="13.039370078740157" WIDTH="5.102362204724409" VPOS="566.9291338582677" HPOS="173.1968503937008"/>
            <String HEIGHT="13.039370078740157" WIDTH="67.74803149606299" VPOS="566.9291338582677" HPOS="157.60629921259843" CONTENT="nouvelles" ID="tl_36_5" STYLEREFS="FONT0"/>
            <SP HEIGHT="13.039370078740157" WIDTH="5.102362204724409" VPOS="566.9291338582677" HPOS="225.63779527559055"/>
            <String HEIGHT="13.039370078740157" WIDTH="52.15748031496063" VPOS="566.9291338582677" HPOS="204.66141732283464" CONTENT="sphères." ID="tl_36_6" STYLEREFS="FONT0"/>
          </TextLine>
        </TextBlock>
        <TextBlock ID="r_3_3" HEIGHT="36.8503937007874" WIDTH="253.41732283464566" VPOS="579.1181102362204" HPOS="16.724409448818896">
          <TextLine ID="tl_37" BASELINE="2090" HEIGHT="14.173228346456693" WIDTH="238.6771653543307" VPOS="578.2677165354331" HPOS="32.881889763779526">
            <String HEIGHT="14.173228346456693" WIDTH="48.75590551181102" VPOS="578.2677165354331" HPOS="27.496062992125985" CONTENT="Cette" ID="tl_37_1" STYLEREFS="FONT0"/>
            <SP HEIGHT="14.173228346456693" WIDTH="5.3858267716535435" VPOS="578.2677165354331" HPOS="76.25196850393701"/>
            <String HEIGHT="14.173228346456693" WIDTH="65.19685039370079" VPOS="578.2677165354331" HPOS="60.09448818897638" CONTENT="Biennale" ID="tl_37_2" STYLEREFS="FONT0"/>
            <SP HEIGHT="14.173228346456693" WIDTH="5.3858267716535435" VPOS="578.2677165354331" HPOS="125.00787401574803"/>
            <String HEIGHT="14.173228346456693" WIDTH="43.37007874015748" VPOS="578.2677165354331" HPOS="108.85039370078741" CONTENT="nous" ID="tl_37_3" STYLEREFS="FONT0"/>
            <SP HEIGHT="14.173228346456693" WIDTH="5.3858267716535435" VPOS="578.2677165354331" HPOS="152.2204724409449"/>
            <String HEIGHT="14.173228346456693" WIDTH="54.14173228346457" VPOS="578.2677165354331" HPOS="136.06299212598427" CONTENT="permet" ID="tl_37_4" STYLEREFS="FONT0"/>
            <SP HEIGHT="14.173228346456693" WIDTH="5.3858267716535435" VPOS="578.2677165354331" HPOS="190.20472440944883"/>
            <String HEIGHT="14.173228346456693" WIDTH="32.59842519685039" VPOS="578.2677165354331" HPOS="174.04724409448818" CONTENT="de" ID="tl_37_5" STYLEREFS="FONT0"/>
            <SP HEIGHT="14.173228346456693" WIDTH="5.3858267716535435" VPOS="578.2677165354331" HPOS="206.36220472440945"/>
            <String HEIGHT="14.173228346456693" WIDTH="70.58267716535433" VPOS="578.2677165354331" HPOS="190.20472440944883" CONTENT="constater" ID="tl_37_6" STYLEREFS="FONT0"/>
            <SP HEIGHT="14.173228346456693" WIDTH="5.3858267716535435" VPOS="578.2677165354331" HPOS="260.78740157480314"/>
            <String HEIGHT="14.173228346456693" WIDTH="32.59842519685039" VPOS="578.2677165354331" HPOS="238.96062992125985" CONTENT="leur" ID="tl_37_7" STYLEREFS="FONT0"/>
          </TextLine>
          <TextLine ID="tl_38" BASELINE="2127" HEIGHT="11.05511811023622" WIDTH="255.11811023622047" VPOS="591.8740157480315" HPOS="16.15748031496063">
            <String HEIGHT="11.05511811023622" WIDTH="69.16535433070867" VPOS="591.8740157480315" HPOS="10.771653543307087" CONTENT="puissance" ID="tl_38_1" STYLEREFS="FONT0"/>
            <SP HEIGHT="11.05511811023622" WIDTH="5.3858267716535435" VPOS="591.8740157480315" HPOS="79.93700787401575"/>
            <String HEIGHT="11.05511811023622" WIDTH="90.4251968503937" VPOS="591.8740157480315" HPOS="64.06299212598425" CONTENT="d’élaboration" ID="tl_38_2" STYLEREFS="FONT0"/>
            <SP HEIGHT="11.05511811023622" WIDTH="5.3858267716535435" VPOS="591.8740157480315" HPOS="154.48818897637796"/>
            <String HEIGHT="11.05511811023622" WIDTH="42.51968503937008" VPOS="591.8740157480315" HPOS="138.33070866141733" CONTENT="dans" ID="tl_38_3" STYLEREFS="FONT0"/>
            <SP HEIGHT="11.05511811023622" WIDTH="5.3858267716535435" VPOS="591.8740157480315" HPOS="180.8503937007874"/>
            <String HEIGHT="11.05511811023622" WIDTH="32.031496062992126" VPOS="591.8740157480315" HPOS="164.9763779527559" CONTENT="le" ID="tl_38_4" STYLEREFS="FONT0"/>
            <SP HEIGHT="11.05511811023622" WIDTH="5.3858267716535435" VPOS="591.8740157480315" HPOS="197.00787401574803"/>
            <String HEIGHT="11.05511811023622" WIDTH="69.16535433070867" VPOS="591.8740157480315" HPOS="180.8503937007874" CONTENT="mouvement" ID="tl_38_5" STYLEREFS="FONT0"/>
            <SP HEIGHT="11.05511811023622" WIDTH="5.3858267716535435" VPOS="591.8740157480315" HPOS="250.01574803149606"/>
            <String HEIGHT="11.05511811023622" WIDTH="42.51968503937008" VPOS="591.8740157480315" HPOS="228.75590551181102" CONTENT="artis" SUBS_TYPE="HypPart1" SUBS_CONTENT="artistique" ID="tl_38_6" STYLEREFS="FONT0"/>
            <HYP CONTENT="-"/>
          </TextLine>
          <TextLine ID="tl_39" BASELINE="2179" HEIGHT="14.173228346456693" WIDTH="106.2992125984252" VPOS="603.496062992126" HPOS="15.874015748031496">
            <String HEIGHT="14.173228346456693" WIDTH="50.45669291338583" VPOS="603.496062992126" HPOS="10.204724409448819" CONTENT="tique" SUBS_TYPE="HypPart2" SUBS_CONTENT="artistique" ID="tl_39_1" STYLEREFS="FONT0"/>
            <SP HEIGHT="14.173228346456693" WIDTH="5.669291338582677" VPOS="603.496062992126" HPOS="60.661417322834644"/>
            <String HEIGHT="14.173228346456693" WIDTH="83.90551181102362" VPOS="603.496062992126" HPOS="38.267716535433074" CONTENT="contemporain." ID="tl_39_2" STYLEREFS="FONT0"/>
          </TextLine>
        </TextBlock>
        <TextBlock ID="r_3_4" HEIGHT="11.622047244094489" WIDTH="69.16535433070867" VPOS="624.1889763779527" HPOS="200.1259842519685">
          <TextLine ID="tl_40" BASELINE="2253" HEIGHT="15.590551181102363" WIDTH="72.0" VPOS="623.0551181102362" HPOS="198.70866141732284">
            <String HEIGHT="15.590551181102363" WIDTH="43.08661417322835" VPOS="623.0551181102362" HPOS="193.88976377952756" CONTENT="Boris" ID="tl_40_1" STYLEREFS="FONT0"/>
            <SP HEIGHT="15.590551181102363" WIDTH="4.818897637795276" VPOS="623.0551181102362" HPOS="236.9763779527559"/>
            <String HEIGHT="15.590551181102363" WIDTH="52.724409448818896" VPOS="623.0551181102362" HPOS="217.98425196850394" CONTENT="Vizintin." ID="tl_40_2" STYLEREFS="FONT0"/>
          </TextLine>
        </TextBlock>
        <TextBlock ID="r_4_1" HEIGHT="7.937007874015748" WIDTH="13.606299212598426" VPOS="649.4173228346457" HPOS="16.15748031496063">
          <TextLine ID="tl_41" BASELINE="2337" HEIGHT="18.992125984251967" WIDTH="16.724409448818896" VPOS="643.4645669291339" HPOS="14.740157480314961">
            <String HEIGHT="18.992125984251967" WIDTH="27.77952755905512" VPOS="643.4645669291339" HPOS="3.6850393700787403" CONTENT="134" ID="tl_41_1" STYLEREFS="FONT0"/>
          </TextLine>
        </TextBlock>
        <GraphicalElement ID="r_5" HEIGHT="13.039370078740157" WIDTH="195.30708661417322" VPOS="0.0" HPOS="0.28346456692913385"/>
        <GraphicalElement ID="r_6" HEIGHT="1.7007874015748032" WIDTH="105.16535433070867" VPOS="667.5590551181102" HPOS="0.28346456692913385"/>
        <GraphicalElement ID="r_7" HEIGHT="182.83464566929135" WIDTH="1.1338582677165354" VPOS="0.28346456692913385" HPOS="0.0"/>
        <GraphicalElement ID="r_8" HEIGHT="173.1968503937008" WIDTH="0.8503937007874016" VPOS="183.11811023622047" HPOS="0.0"/>
        <GraphicalElement ID="r_9" HEIGHT="171.49606299212599" WIDTH="0.8503937007874016" VPOS="356.31496062992125" HPOS="0.0"/>
        <GraphicalElement ID="r_10" HEIGHT="141.16535433070865" WIDTH="0.5669291338582677" VPOS="527.8110236220473" HPOS="0.0"/>
      </PrintSpace>
    </Page>
  </Layout>
</alto>
