301.03937007874015 669.2598425196851
-1.4173228346456692 20.409448818897637 117.35433070866142 17.858267716535433 ETATS

25.511811023622048 57.826771653543304 94.67716535433071 19.559055118110237 tronique
106.01574803149606 57.826771653543304 33.16535433070866 19.559055118110237 qui
125.00787401574803 57.826771653543304 33.16535433070866 19.559055118110237 est
144.0 57.826771653543304 28.346456692913385 19.559055118110237 un
158.17322834645668 57.826771653543304 80.50393700787401 19.559055118110237 environnement
219.68503937007873 57.826771653543304 52.15748031496063 19.559055118110237 d’échange

25.511811023622048 71.14960629921259 87.30708661417323 15.590551181102363 d’information
97.51181102362204 71.14960629921259 30.89763779527559 15.590551181102363 de
112.81889763779527 71.14960629921259 51.30708661417323 15.590551181102363 grande
148.8188976377953 71.14960629921259 61.79527559055118 15.590551181102363 énergie.
195.0236220472441 71.14960629921259 25.79527559055118 15.590551181102363 A
205.22834645669292 71.14960629921259 30.89763779527559 15.590551181102363 sa
215.71653543307087 71.14960629921259 56.40944881889764 15.590551181102363 dimension

25.228346456692915 83.90551181102362 56.69291338582677 14.456692913385826 exacte,
66.33070866141732 83.90551181102362 97.79527559055119 14.456692913385826 l’environnement
148.53543307086613 83.90551181102362 51.30708661417323 14.456692913385826 pourra
184.53543307086613 83.90551181102362 56.69291338582677 14.456692913385826 changer
225.92125984251967 83.90551181102362 41.10236220472441 14.456692913385826 tous
246.33070866141733 83.90551181102362 25.79527559055118 14.456692913385826 les

25.511811023622048 94.67716535433071 51.30708661417323 15.307086614173228 jours,
61.511811023622045 94.67716535433071 51.30708661417323 15.307086614173228 toutes
97.22834645669292 94.67716535433071 36.0 15.307086614173228 les
117.92125984251969 94.67716535433071 56.40944881889764 15.307086614173228 heures,
159.0236220472441 94.67716535433071 51.30708661417323 15.307086614173228 toutes
194.74015748031496 94.67716535433071 36.0 15.307086614173228 les
210.33070866141733 94.67716535433071 61.511811023622045 15.307086614173228 minutesele

25.511811023622048 105.16535433070867 56.69291338582677 18.141732283464567 utilise
66.61417322834646 105.16535433070867 36.0 18.141732283464567 des
87.30708661417323 105.16535433070867 82.20472440944881 18.141732283464567 applications
154.20472440944883 105.16535433070867 30.89763779527559 18.141732283464567 de
169.51181102362204 105.16535433070867 51.30708661417323 18.141732283464567 moyens
200.40944881889763 105.16535433070867 72.0 18.141732283464567 d’expression

25.228346456692915 120.18897637795276 57.826771653543304 13.88976377952756 avancés
67.46456692913385 120.18897637795276 26.362204724409448 13.88976377952756 :
77.95275590551181 120.18897637795276 26.362204724409448 13.88976377952756 «
88.44094488188976 120.18897637795276 36.8503937007874 13.88976377952756 des
109.41732283464567 120.18897637795276 78.80314960629921 13.88976377952756 projections
172.62992125984252 120.18897637795276 94.67716535433071 13.88976377952756 holographiques
246.33070866141733 120.18897637795276 26.362204724409448 13.88976377952756 ani

25.511811023622048 131.81102362204723 41.95275590551181 13.039370078740157 mées
51.874015748031496 131.81102362204723 52.44094488188976 13.039370078740157 créent
88.7244094488189 131.81102362204723 36.8503937007874 13.039370078740157 une
109.7007874015748 131.81102362204723 63.21259842519685 13.039370078740157 infinité
157.03937007874015 131.81102362204723 68.31496062992126 13.039370078740157 d’options
209.48031496062993 131.81102362204723 68.31496062992126 13.039370078740157 relatives
256.81889763779526 131.81102362204723 15.874015748031496 13.039370078740157 à

25.79527559055118 142.01574803149606 102.89763779527559 15.590551181102363 l’environnement,
113.38582677165354 142.01574803149606 72.0 15.590551181102363 permettant
170.07874015748033 142.01574803149606 30.89763779527559 15.590551181102363 de
185.38582677165354 142.01574803149606 61.79527559055118 15.590551181102363 réaliser
231.8740157480315 142.01574803149606 30.89763779527559 15.590551181102363 un
242.07874015748033 142.01574803149606 30.89763779527559 15.590551181102363 cade

24.944881889763778 156.75590551181102 55.275590551181104 13.32283464566929 passé,
63.496062992125985 156.75590551181102 60.661417322834644 13.32283464566929 présent
107.43307086614173 156.75590551181102 33.16535433070866 13.32283464566929 ou
124.15748031496064 156.75590551181102 49.60629921259842 13.32283464566929 futur
157.03937007874015 156.75590551181102 38.55118110236221 13.32283464566929 par
179.1496062992126 156.75590551181102 38.55118110236221 13.32283464566929 des
201.25984251968504 156.75590551181102 60.661417322834644 13.32283464566929 voyages
239.81102362204723 156.75590551181102 33.16535433070866 13.32283464566929 tem-

25.79527559055118 167.81102362204723 49.32283464566929 13.039370078740157 porels
60.09448818897638 167.81102362204723 54.14173228346457 13.039370078740157 simulés
99.77952755905511 167.81102362204723 29.480314960629922 13.039370078740157 ».
114.51968503937007 167.81102362204723 34.58267716535433 13.039370078740157 Une
134.36220472440945 167.81102362204723 64.06299212598425 13.039370078740157 sélection
183.68503937007873 167.81102362204723 29.480314960629922 13.039370078740157 de
198.4251968503937 167.81102362204723 54.14173228346457 13.039370078740157 climats
233.00787401574803 167.81102362204723 39.40157480314961 13.039370078740157 créera

24.37795275590551 180.0 39.68503937007874 15.590551181102363 des
47.05511811023622 180.0 101.76377952755905 15.590551181102363 environnements
131.81102362204723 180.0 67.74803149606299 15.590551181102363 évoquant
182.83464566929135 180.0 39.68503937007874 15.590551181102363 les
199.84251968503938 180.0 73.41732283464567 15.590551181102363 différentes

19.275590551181104 189.92125984251967 52.44094488188976 13.88976377952756 saisons.

42.803149606299215 208.3464566929134 89.85826771653544 17.291338582677167 Envirola,
119.62204724409449 208.3464566929134 51.30708661417323 17.291338582677167 installé
158.17322834645668 208.3464566929134 21.25984251968504 17.291338582677167 à
166.6771653543307 208.3464566929134 30.04724409448819 17.291338582677167 Los
183.68503937007873 208.3464566929134 47.05511811023622 17.291338582677167 Angeles
213.73228346456693 208.3464566929134 59.811023622047244 17.291338582677167 (Californie)

24.37795275590551 223.08661417322836 37.13385826771653 12.472440944881889 est
45.63779527559055 223.08661417322836 31.748031496062993 12.472440944881889 un
61.511811023622045 223.08661417322836 79.37007874015748 12.472440944881889 laboratoire
125.29133858267717 223.08661417322836 31.748031496062993 12.472440944881889 de
141.16535433070865 223.08661417322836 74.26771653543307 12.472440944881889 conception
199.2755905511811 223.08661417322836 31.748031496062993 12.472440944881889 de
210.04724409448818 223.08661417322836 63.496062992125985 12.472440944881889 l’envirors

24.37795275590551 234.4251968503937 58.110236220472444 15.307086614173228 nement
64.91338582677166 234.4251968503937 58.110236220472444 15.307086614173228 dirigé
105.44881889763779 234.4251968503937 40.53543307086614 15.307086614173228 par
128.69291338582678 234.4251968503937 52.15748031496063 15.307086614173228 Chris
163.55905511811022 234.4251968503937 63.77952755905512 15.307086614173228 Dawson,
210.04724409448818 234.4251968503937 52.15748031496063 15.307086614173228 Denny
238.96062992125985 234.4251968503937 34.86614173228347 15.307086614173228 Lord

24.661417322834644 246.04724409448818 41.38582677165354 13.606299212598426 Alan
50.45669291338583 246.04724409448818 56.976377952755904 13.606299212598426 Stanton
92.1259842519685 246.04724409448818 31.181102362204726 13.606299212598426 et
107.43307086614173 246.04724409448818 46.77165354330709 13.606299212598426 David
138.61417322834646 246.04724409448818 56.976377952755904 13.606299212598426 Garcia.
180.28346456692913 246.04724409448818 31.181102362204726 13.606299212598426 Il
195.8740157480315 246.04724409448818 25.79527559055118 13.606299212598426 a
206.07874015748033 246.04724409448818 41.38582677165354 13.606299212598426 pour
232.15748031496062 246.04724409448818 36.28346456692913 13.606299212598426 but
247.748031496063 246.04724409448818 25.79527559055118 13.606299212598426 «de

24.661417322834644 259.37007874015745 43.93700787401575 12.472440944881889 créer
53.85826771653543 259.37007874015745 34.2992125984252 12.472440944881889 des
73.41732283464567 259.37007874015745 68.31496062992126 12.472440944881889 situations
127.2755905511811 259.37007874015745 92.97637795275591 12.472440944881889 expérimentales,
205.51181102362204 259.37007874015745 39.118110236220474 12.472440944881889 dans
225.0708661417323 259.37007874015745 48.75590551181102 12.472440944881889 l’inten-

24.661417322834644 270.4251968503937 39.968503937007874 13.039370078740157 tion
49.60629921259842 270.4251968503937 30.04724409448819 13.039370078740157 de
64.62992125984252 270.4251968503937 49.889763779527556 13.039370078740157 mettre
99.49606299212599 270.4251968503937 30.04724409448819 13.039370078740157 au
114.51968503937007 270.4251968503937 44.78740157480315 13.039370078740157 point
144.56692913385828 270.4251968503937 34.86614173228347 13.039370078740157 une
164.40944881889763 270.4251968503937 44.78740157480315 13.039370078740157 gamme
189.35433070866142 270.4251968503937 84.75590551181102 13.039370078740157 d’installations

24.661417322834644 282.61417322834643 79.65354330708661 12.755905511811024 susceptibles
89.5748031496063 282.61417322834643 49.889763779527556 12.755905511811024 d’être
124.44094488188976 282.61417322834643 64.62992125984252 12.755905511811024 utilisées
174.33070866141733 282.61417322834643 39.968503937007874 12.755905511811024 pour
198.99212598425197 282.61417322834643 59.811023622047244 12.755905511811024 composer
238.96062992125985 282.61417322834643 34.86614173228347 12.755905511811024 diver

24.094488188976378 294.5196850393701 36.56692913385827 11.622047244094489 ses
44.78740157480315 294.5196850393701 73.13385826771653 11.622047244094489 conditions
102.33070866141732 294.5196850393701 31.181102362204726 11.622047244094489 de
117.92125984251969 294.5196850393701 104.31496062992126 11.622047244094489 l’environnement,
206.64566929133858 294.5196850393701 31.181102362204726 11.622047244094489 en
217.13385826771653 294.5196850393701 57.25984251968504 11.622047244094489 employant

24.094488188976378 305.00787401574803 37.98425196850393 13.039370078740157 des
45.63779527559055 305.00787401574803 65.19685039370079 13.039370078740157 systèmes
94.67716535433071 305.00787401574803 92.40944881889764 13.039370078740157 électroniques
170.64566929133858 305.00787401574803 32.59842519685039 13.039370078740157 et
181.41732283464566 305.00787401574803 92.40944881889764 13.039370078740157 audio

25.511811023622048 316.62992125984255 32.31496062992126 13.88976377952756 Les
43.93700787401575 316.62992125984255 50.74015748031496 13.88976377952756 projets
80.78740157480316 316.62992125984255 64.62992125984252 13.88976377952756 précédents
131.5275590551181 316.62992125984255 101.48031496062993 13.88976377952756 d’Envirola
214.58267716535434 316.62992125984255 59.811023622047244 13.88976377952756 comprennent

24.944881889763778 329.38582677165357 28.913385826771652 12.188976377952756 un
39.40157480314961 329.38582677165357 95.81102362204724 12.188976377952756 Environnement
121.03937007874016 329.38582677165357 72.0 12.188976377952756 réactif
178.58267716535434 329.38582677165357 67.18110236220473 12.188976377952756 comportant
231.30708661417322 329.38582677165357 33.44881889763779 12.188976377952756 une
245.48031496062993 329.38582677165357 28.913385826771652 12.188976377952756 sére

23.811023622047244 341.00787401574803 77.95275590551181 13.606299212598426 d’éléments
85.32283464566929 341.00787401574803 72.56692913385827 13.606299212598426 spatiaux,
140.88188976377953 341.00787401574803 77.95275590551181 13.606299212598426 d’éléments
202.11023622047244 341.00787401574803 55.84251968503937 13.606299212598426 enclos
241.22834645669292 341.00787401574803 33.44881889763779 13.606299212598426 et
252.28346456692913 341.00787401574803 22.393700787401574 13.606299212598426 de

24.094488188976378 353.76377952755905 57.826771653543304 12.755905511811024 systèmes
67.46456692913385 353.76377952755905 28.913385826771652 12.755905511811024 de
81.92125984251969 353.76377952755905 86.74015748031496 12.755905511811024 communication,
154.20472440944883 353.76377952755905 43.37007874015748 12.755905511811024 ainsi
183.11811023622047 353.76377952755905 43.37007874015748 12.755905511811024 qu’un
207.21259842519686 353.76377952755905 67.46456692913385 12.755905511811024 Elec

24.094488188976378 365.38582677165357 83.62204724409449 11.622047244094489 tromaze
94.67716535433071 365.38582677165357 57.25984251968504 11.622047244094489 structure
138.61417322834646 365.38582677165357 22.11023622047244 11.622047244094489 à
147.4015748031496 365.38582677165357 52.724409448818896 11.622047244094489 cellules
187.08661417322836 365.38582677165357 87.8740157480315 11.622047244094489 photoélectriques
257.38582677165357 365.38582677165357 17.5748031496063 11.622047244094489 et

23.811023622047244 376.7244094488189 75.4015748031496 12.188976377952756 dispositifs
84.18897637795276 376.7244094488189 60.37795275590551 12.188976377952756 lumineux
129.25984251968504 376.7244094488189 30.04724409448819 12.188976377952756 et
144.28346456692913 376.7244094488189 55.275590551181104 12.188976377952756 sonores
184.53543307086613 376.7244094488189 55.275590551181104 12.188976377952756 équipés
224.78740157480314 376.7244094488189 30.04724409448819 12.188976377952756 de
234.70866141732284 376.7244094488189 40.25196850393701 12.188976377952756 patins

23.811023622047244 389.76377952755905 70.86614173228347 13.32283464566929 presseurs
78.23622047244095 389.76377952755905 76.53543307086615 13.32283464566929 incorporés
138.33070866141733 389.76377952755905 32.881889763779526 13.32283464566929 au
154.77165354330708 389.76377952755905 70.86614173228347 13.32283464566929 plancher.
209.48031496062993 389.76377952755905 60.09448818897638 13.32283464566929 Lorsque
247.748031496063 389.76377952755905 27.212598425196852 13.32283464566929 les

23.811023622047244 401.9527559055118 62.92913385826772 12.472440944881889 visiteurs
72.28346456692914 401.9527559055118 62.92913385826772 12.472440944881889 circulent
120.4724409448819 401.9527559055118 38.55118110236221 12.472440944881889 dans
144.56692913385828 401.9527559055118 28.913385826771652 12.472440944881889 le
159.30708661417322 401.9527559055118 72.56692913385827 12.472440944881889 labyrinthe,
217.13385826771653 401.9527559055118 33.732283464566926 12.472440944881889 ils
231.59055118110237 401.9527559055118 43.653543307086615 12.472440944881889 déclen-

22.677165354330707 413.00787401574803 56.125984251968504 13.606299212598426 chent,
62.07874015748032 413.00787401574803 89.85826771653544 13.606299212598426 consciemment
134.9291338582677 413.00787401574803 33.732283464566926 13.606299212598426 ou
151.93700787401573 413.00787401574803 44.78740157480315 13.606299212598426 non,
179.71653543307087 413.00787401574803 33.732283464566926 13.606299212598426 le
196.7244094488189 413.00787401574803 61.79527559055118 13.606299212598426 système
235.84251968503938 413.00787401574803 39.40157480314961 13.606299212598426 lumi-

24.37795275590551 424.62992125984255 36.56692913385827 10.488188976377952 neux
47.05511811023622 424.62992125984255 27.496062992125985 10.488188976377952 et
60.94488188976378 424.62992125984255 50.173228346456696 10.488188976377952 sonore.
97.51181102362204 424.62992125984255 91.2755905511811 10.488188976377952 Envirola
175.1811023622047 424.62992125984255 64.06299212598425 10.488188976377952 présentera
225.35433070866142 424.62992125984255 22.96062992125984 10.488188976377952 à
234.4251968503937 424.62992125984255 27.496062992125985 10.488188976377952 la
243.49606299212599 424.62992125984255 32.031496062992126 10.488188976377952 Bien-

24.094488188976378 436.81889763779526 35.43307086614173 11.338582677165354 nale
46.20472440944882 436.81889763779526 110.26771653543307 11.338582677165354 Elektradermis
143.43307086614172 436.81889763779526 53.00787401574803 11.338582677165354 enceinte
183.11811023622047 436.81889763779526 48.47244094488189 11.338582677165354 gonflée
218.5511811023622 436.81889763779526 53.00787401574803 11.338582677165354 soutenue
253.70078740157481 436.81889763779526 22.11023622047244 11.338582677165354 par

22.677165354330707 448.4409448818898 39.40157480314961 11.622047244094489 une
45.07086614173228 448.4409448818898 44.78740157480315 11.622047244094489 base
73.13385826771653 448.4409448818898 72.85039370078741 11.622047244094489 contenant
129.25984251968504 448.4409448818898 33.732283464566926 11.622047244094489 de
146.26771653543307 448.4409448818898 89.85826771653544 11.622047244094489 l’équipement
213.4488188976378 448.4409448818898 61.79527559055118 11.622047244094489 mécanique

22.393700787401574 460.06299212598424 33.732283464566926 11.905511811023622 et
39.40157480314961 460.06299212598424 95.5275590551181 11.905511811023622 électronique.
117.92125984251969 460.06299212598424 33.732283464566926 11.905511811023622 Le
134.9291338582677 460.06299212598424 78.80314960629921 11.905511811023622 revêtement
196.7244094488189 460.06299212598424 33.732283464566926 11.905511811023622 de
208.06299212598427 460.06299212598424 67.46456692913385 11.905511811023622 l’enceinte

21.543307086614174 472.81889763779526 77.95275590551181 12.472440944881889 comprend
80.22047244094489 472.81889763779526 45.63779527559055 12.472440944881889 des
106.01574803149606 472.81889763779526 90.99212598425197 12.472440944881889 mécanismes
177.73228346456693 472.81889763779526 39.118110236220474 12.472440944881889 de
190.77165354330708 472.81889763779526 84.4724409448819 12.472440944881889 commutation

22.393700787401574 483.87401574803147 68.5984251968504 13.039370078740157 miniature
75.4015748031496 483.87401574803147 79.37007874015748 13.039370078740157 déclenchant
138.61417322834646 483.87401574803147 36.8503937007874 13.039370078740157 son
159.8740157480315 483.87401574803147 31.748031496062993 13.039370078740157 et
175.748031496063 483.87401574803147 63.496062992125985 13.039370078740157 lumière.
223.37007874015748 483.87401574803147 26.362204724409448 13.039370078740157 A
228.4724409448819 483.87401574803147 47.62204724409449 13.039370078740157 l’inté-

22.393700787401574 495.496062992126 51.874015748031496 13.606299212598426 rieur
56.976377952755904 495.496062992126 34.58267716535433 13.606299212598426 de
74.26771653543307 495.496062992126 80.78740157480316 13.606299212598426 l’enceinte
137.76377952755905 495.496062992126 34.58267716535433 13.606299212598426 se
155.0551181102362 495.496062992126 57.54330708661417 13.606299212598426 trouve
195.30708661417322 495.496062992126 34.58267716535433 13.606299212598426 un
212.5984251968504 495.496062992126 63.496062992125985 13.606299212598426 système
253.13385826771653 495.496062992126 22.96062992125984 13.606299212598426 de

21.543307086614174 507.40157480314963 54.14173228346457 12.755905511811024 formes
59.52755905511811 507.40157480314963 75.68503937007874 12.755905511811024 gonflables
118.77165354330708 507.40157480314963 59.52755905511811 12.755905511811024 reliées
162.14173228346456 507.40157480314963 37.98425196850393 12.755905511811024 les
183.96850393700788 507.40157480314963 43.37007874015748 12.755905511811024 unes
210.89763779527559 507.40157480314963 37.98425196850393 12.755905511811024 aux
227.0551181102362 507.40157480314963 48.75590551181102 12.755905511811024 autres,

22.393700787401574 519.8740157480315 67.18110236220473 12.472440944881889 utilisées
73.98425196850394 519.8740157480315 46.488188976377955 12.472440944881889 comme
105.16535433070867 519.8740157480315 62.07874015748032 12.472440944881889 surfaces
151.6535433070866 519.8740157480315 31.181102362204726 12.472440944881889 de
167.24409448818898 519.8740157480315 72.56692913385827 12.472440944881889 projection
218.83464566929135 519.8740157480315 56.976377952755904 12.472440944881889 visuelle,

22.11023622047244 530.9291338582677 40.53543307086614 13.039370078740157 Des
45.07086614173228 530.9291338582677 57.826771653543304 13.039370078740157 images
85.60629921259843 530.9291338582677 46.20472440944882 13.039370078740157 sont
114.51968503937007 530.9291338582677 75.11811023622047 13.039370078740157 projetées
172.06299212598427 530.9291338582677 40.53543307086614 13.039370078740157 par
195.30708661417322 530.9291338582677 34.58267716535433 13.039370078740157 un
212.5984251968504 530.9291338582677 63.496062992125985 13.039370078740157 système
253.13385826771653 530.9291338582677 22.96062992125984 13.039370078740157 de

21.826771653543307 542.8346456692914 67.74803149606299 15.023622047244094 diviseurs
73.7007874015748 542.8346456692914 31.181102362204726 15.023622047244094 de
89.29133858267717 542.8346456692914 57.25984251968504 15.023622047244094 rayons,
130.96062992125985 542.8346456692914 31.181102362204726 15.023622047244094 de
146.5511811023622 542.8346456692914 72.85039370078741 15.023622047244094 lentilles,
203.81102362204723 542.8346456692914 31.181102362204726 15.023622047244094 de
219.4015748031496 542.8346456692914 57.25984251968504 15.023622047244094 miroirs
255.96850393700788 542.8346456692914 20.69291338582677 15.023622047244094 et

22.11023622047244 556.7244094488188 57.54330708661417 12.755905511811024 d’écrans
65.19685039370079 556.7244094488188 67.18110236220473 12.755905511811024 polarisés,
117.92125984251969 556.7244094488188 33.44881889763779 12.755905511811024 sur
137.1968503937008 556.7244094488188 33.44881889763779 12.755905511811024 les
156.18897637795277 556.7244094488188 38.267716535433074 12.755905511811024 deux
180.28346456692913 556.7244094488188 43.08661417322835 12.755905511811024 côtés
208.91338582677164 556.7244094488188 28.62992125984252 12.755905511811024 de
218.5511811023622 556.7244094488188 57.54330708661417 12.755905511811024 l’enceinte

21.826771653543307 567.496062992126 71.43307086614173 11.905511811023622 extérieure
77.95275590551181 567.496062992126 30.614173228346456 11.905511811023622 et
93.25984251968504 567.496062992126 35.71653543307087 11.905511811023622 sur
113.66929133858268 567.496062992126 35.71653543307087 11.905511811023622 les
134.07874015748033 567.496062992126 51.023622047244096 11.905511811023622 formes
169.79527559055117 567.496062992126 66.33070866141732 11.905511811023622 internes.
220.8188976377953 567.496062992126 30.614173228346456 11.905511811023622 Le
236.1259842519685 567.496062992126 35.71653543307087 11.905511811023622 son
251.43307086614172 567.496062992126 25.511811023622048 11.905511811023622 est

20.976377952755904 578.2677165354331 60.94488188976378 12.755905511811024 diffusé
65.48031496062993 578.2677165354331 38.83464566929134 12.755905511811024 par
87.59055118110236 578.2677165354331 38.83464566929134 12.755905511811024 des
109.7007874015748 578.2677165354331 99.77952755905511 12.755905511811024 hauts-parleurs
193.03937007874015 578.2677165354331 72.0 12.755905511811024 installés
242.9291338582677 578.2677165354331 33.16535433070866 12.755905511811024 dans

22.393700787401574 590.4566929133858 77.38582677165354 17.291338582677167 l’épaisseur
84.18897637795276 590.4566929133858 30.89763779527559 17.291338582677167 de
99.49606299212599 590.4566929133858 30.89763779527559 17.291338582677167 la
109.98425196850394 590.4566929133858 41.10236220472441 17.291338582677167 paroi.

37.98425196850393 608.3149606299213 99.49606299212599 15.023622047244094 Zomeworks
122.74015748031496 608.3149606299213 29.763779527559056 15.023622047244094 de
137.48031496062993 608.3149606299213 59.52755905511811 15.023622047244094 Corrales
177.16535433070865 608.3149606299213 99.49606299212599 15.023622047244094 (Nouveau

20.976377952755904 623.9055118110236 27.212598425196852 15.307086614173228 a
31.748031496062993 623.9055118110236 38.267716535433074 15.307086614173228 été
53.574803149606296 623.9055118110236 49.039370078740156 15.307086614173228 formé
86.1732283464567 623.9055118110236 38.267716535433074 15.307086614173228 par
108.0 623.9055118110236 70.86614173228347 15.307086614173228 plusieurs
162.4251968503937 623.9055118110236 54.425196850393704 15.307086614173228 jeunes
200.69291338582678 623.9055118110236 43.653543307086615 15.307086614173228 gens
222.51968503937007 623.9055118110236 54.425196850393704 15.307086614173228 travail

13.606299212598426 648.0 23.811023622047244 13.039370078740157 58
