1101 2361
860 78 236 57 <b>SUEDE</b>

219 446 250 80 Commissaire
419 446 183 80 général
552 446 83 80 :
585 446 250 80 <b>Kristian
768 446 200 80 Romare</b>

222 525 177 61 Critique
340 525 118 61 d’art.

186 944 120 66 La
246 944 340 66 participation
526 944 240 66 suédoise
705 944 100 66 à
745 944 120 66 la
805 944 240 66 Biennale
965 944 80 66 de

135 993 182 61 Paris
256 993 101 61 a
296 993 141 61 été
377 993 263 61 organisée
579 993 141 61 par
660 993 121 61 le
721 993 202 61 Comité
842 993 202 61 national

135 1036 152 66 pour
230 1036 133 66 les
306 1036 285 66 expositions
534 1036 171 66 d’art
648 1036 209 66 moderne
800 1036 95 66 à
819 1036 228 66 l’étranger

137 1079 105 64 et
190 1079 105 64 la
243 1079 228 64 sélection
418 1079 105 64 en
470 1079 88 64 a
505 1079 123 64 été
575 1079 193 64 confiée
715 1079 88 64 à
750 1079 210 64 Kristian
890 1079 158 64 Romare,

136 1124 228 50 critique
307 1124 190 50 d’art.
440 1124 114 50 En
497 1124 266 50 présentant
706 1124 114 50 un
763 1124 133 50 des
820 1124 228 50 collectifs

136 1170 291 44 artistiques
369 1170 136 44 les
446 1170 155 44 plus
543 1170 369 44 représentatifs,
854 1170 116 44 le
893 1170 155 44 groupe

139 1209 175 47 Puss,
255 1209 136 47 les
333 1209 311 47 responsables
586 1209 136 47 ont
664 1209 175 47 voulu
781 1209 253 47 souligner
956 1209 97 47 une

136 1247 256 49 tendance
328 1247 192 49 parmi
456 1247 149 49 les
541 1247 213 49 jeunes
690 1247 128 49 en
754 1247 192 49 Suède
882 1247 171 49 vers
968 1247 85 49 le

139 1284 210 64 travail
291 1284 248 64 d’équipe.
482 1284 114 64 Il
539 1284 114 64 ne
596 1284 191 64 s’agit
730 1284 172 64 plus,
825 1284 229 64 cependant,

141 1341 171 46 d’une
255 1341 286 46 intégration
484 1341 114 46 de
541 1341 171 46 l’art
655 1341 114 46 et
712 1341 114 46 de
750 1341 305 46 l’architecture

141 1380 117 48 ou
199 1380 175 48 d’une
316 1380 234 48 synthèse
491 1380 117 48 de
550 1380 175 48 l’art
666 1380 117 48 et
725 1380 117 48 de
783 1380 117 48 la
822 1380 234 48 technique,

141 1414 170 48 mais
247 1414 192 48 d’une
375 1414 256 48 démarche
567 1414 213 48 fondée
716 1414 149 48 sur
801 1414 149 48 des
865 1414 192 48 raisons

144 1460 338 42 idéologiques.
422 1460 99 42 A
462 1460 199 42 partir
601 1460 179 42 d’une
720 1460 238 42 critique
899 1460 119 42 du
939 1460 119 42 rôle

145 1496 108 52 de
199 1496 233 52 l’artiste
378 1496 269 52 individuel,
594 1496 126 52 ces
665 1496 179 52 jeunes
791 1496 108 52 se
845 1496 144 52 sont
916 1496 144 52 orien-

144 1546 139 44 tés
224 1546 159 44 vers
323 1546 139 44 une
402 1546 238 44 activité
581 1546 139 44 sur
661 1546 258 44 l’opinion
839 1546 219 44 publique,

145 1588 127 44 les
217 1588 254 44 collectifs
417 1588 109 44 se
472 1588 236 44 composant
653 1588 200 44 souvent
799 1588 109 44 de
853 1588 218 44 «laïques
999 1588 54 44 »

143 1633 112 41 et
199 1633 261 41 d’artistes
404 1633 280 41 travaillant
628 1633 242 41 ensemble.
815 1633 112 41 Le
871 1633 186 41 groupe
982 1633 75 41 de

148 1664 151 49 Puss
243 1664 95 49 a
281 1664 189 49 trouvé
413 1664 114 49 la
470 1664 208 49 formule
621 1664 114 49 la
678 1664 151 49 plus
754 1664 303 49 traditionnelle

148 1717 106 42 du
201 1717 246 42 collectif,
395 1717 158 42 celle
500 1717 158 42 d’une
588 1717 211 42 rédaction.

203 1775 142 46 Hors
292 1775 107 46 du
346 1775 196 46 travail
488 1775 303 46 rédactionnel,
737 1775 142 46 Lars
809 1775 249 46 Hillersberg,

149 1817 138 46 Ulf
228 1817 237 46 Rahmberg
406 1817 119 46 et
466 1817 158 46 Lena
565 1817 237 46 Svedberg
743 1817 138 46 ont
822 1817 257 46 participé
1000 1817 59 46 à

151 1854 324 47 l’exposition
414 1854 263 47 politique
616 1854 121 47 du
677 1854 162 47 parc
758 1854 303 47 d’attractions

153 1900 91 47 «
189 1900 182 47 Moment
317 1900 109 47 de
371 1900 200 47 plaisir
517 1900 91 47 »
554 1900 109 47 de
608 1900 401 47 Riksutställningar,
936 1900 128 47 expo-

151 1936 186 46 sition
282 1936 242 46 nationale
468 1936 130 46 qui
543 1936 186 46 tourne
673 1936 112 46 en
729 1936 186 46 Suède.
859 1936 149 46 Lena
934 1936 130 46 Sved-

152 1979 175 47 berg,
268 1979 291 47 responsable
501 1979 116 47 du
559 1979 194 47 groupe
695 1979 97 47 à
734 1979 116 47 la
792 1979 214 47 Sixième
928 1979 136 47 Bien-

152 2031 178 39 nale,
271 2031 99 39 a
310 2031 198 39 exposé
449 2031 158 39 avec
548 2031 99 39 «
587 2031 138 39 Les
666 2031 218 39 Vilains
825 2031 99 39 »
864 2031 99 39 à
904 2031 158 39 Lund
983 2031 79 39 en

155 2063 149 46 1968
248 2063 112 46 et
304 2063 93 46 à
341 2063 93 46 «
378 2063 279 46 Underground
601 2063 93 46 »
639 2063 112 46 en
694 2063 167 46 1969.
806 2063 186 46 Anders
917 2063 149 46 Peter-

154 2105 152 42 sen,
249 2105 304 42 photographe,
496 2105 95 42 a
534 2105 247 42 collaboré
723 2105 114 42 en
780 2105 152 42 1969
875 2105 95 42 à
894 2105 171 42 l’expo-

156 2144 182 49 sition
283 2144 291 49 sociologique
519 2144 127 49 «La
592 2144 163 49 ville
701 2144 218 49 renvoyée
864 2144 91 49 »
901 2144 109 49 au
937 2144 127 49 Musée

158 2187 253 51 municipal
352 2187 117 51 de
391 2187 234 51 Stockholm.
