312.09448818897636 669.2598425196851
205.51181102362204 24.37795275590551 103.74803149606299 15.590551181102363 ROUMANIE

58.67716535433071 132.3779527559055 72.85039370078741 18.4251968503937 Commissaire
116.78740157480316 132.3779527559055 53.29133858267716 18.4251968503937 général
155.6220472440945 132.3779527559055 24.37795275590551 18.4251968503937 :
165.54330708661416 132.3779527559055 48.47244094488189 18.4251968503937 Mac
194.45669291338584 132.3779527559055 97.22834645669292 18.4251968503937 Constantinescu

59.811023622047244 145.98425196850394 62.645669291338585 20.409448818897637 Professeur
109.13385826771653 145.98425196850394 22.393700787401574 20.409448818897637 à
117.92125984251969 145.98425196850394 62.645669291338585 20.409448818897637 l’Institut
167.24409448818898 145.98425196850394 31.181102362204726 20.409448818897637 des
185.10236220472441 145.98425196850394 62.645669291338585 20.409448818897637 Beaux-Arts
234.14173228346456 145.98425196850394 26.929133858267715 20.409448818897637 de
243.21259842519686 145.98425196850394 49.039370078740156 20.409448818897637 Bucarest.

48.75590551181102 184.251968503937 30.614173228346456 19.84251968503937 Il
64.06299212598425 184.251968503937 35.71653543307087 19.84251968503937 est
84.4724409448819 184.251968503937 40.53543307086614 19.84251968503937 rare
109.7007874015748 184.251968503937 50.74015748031496 19.84251968503937 qu’une
145.41732283464566 184.251968503937 45.63779527559055 19.84251968503937 œuvre
175.748031496063 184.251968503937 71.14960629921259 19.84251968503937 collective
231.8740157480315 184.251968503937 30.614173228346456 19.84251968503937 se
242.07874015748033 184.251968503937 50.74015748031496 19.84251968503937 présente

32.59842519685039 197.00787401574803 34.01574803149607 18.4251968503937 de
49.60629921259842 197.00787401574803 62.36220472440945 18.4251968503937 manière
94.96062992125984 197.00787401574803 73.7007874015748 18.4251968503937 unitaire.
151.6535433070866 197.00787401574803 73.7007874015748 18.4251968503937 Pourtant,
208.06299212598427 197.00787401574803 45.354330708661415 18.4251968503937 dans
236.40944881889763 197.00787401574803 34.01574803149607 18.4251968503937 le
253.41732283464566 197.00787401574803 39.68503937007874 18.4251968503937 cas
270.4251968503937 197.00787401574803 22.677165354330707 18.4251968503937 du

32.59842519685039 208.3464566929134 60.661417322834644 18.708661417322833 groupe
74.83464566929133 208.3464566929134 54.70866141732284 18.708661417322833 formé
111.4015748031496 208.3464566929134 42.51968503937008 18.708661417322833 par
135.49606299212599 208.3464566929134 36.28346456692913 18.708661417322833 le
153.92125984251967 208.3464566929134 66.61417322834646 18.708661417322833 peintre
196.44094488188978 208.3464566929134 96.94488188976378 18.708661417322833 monumentaliste

34.01574803149607 219.68503937007873 37.98425196850393 19.84251968503937 Ion
55.55905511811024 219.68503937007873 59.52755905511811 19.84251968503937 Stendl,
98.92913385826772 219.68503937007873 70.2992125984252 19.84251968503937 l’artiste
153.0708661417323 219.68503937007873 81.07086614173228 19.84251968503937 décoratrice
217.98425196850394 219.68503937007873 64.91338582677166 19.84251968503937 Theodora
261.07086614173227 219.68503937007873 32.59842519685039 19.84251968503937 Moi-

33.16535433070866 232.15748031496062 51.023622047244096 18.992125984251967 sescu
67.18110236220473 232.15748031496062 34.01574803149607 18.992125984251967 et
84.18897637795276 232.15748031496062 39.68503937007874 18.992125984251967 son
106.86614173228347 232.15748031496062 51.023622047244096 18.992125984251967 jeune
140.88188976377953 232.15748031496062 51.023622047244096 18.992125984251967 élève
174.61417322834646 232.15748031496062 45.354330708661415 18.992125984251967 Radu
202.96062992125985 232.15748031496062 62.36220472440945 18.992125984251967 Stoica,
242.64566929133858 232.15748031496062 51.023622047244096 18.992125984251967 l’unité

33.44881889763779 246.04724409448818 28.346456692913385 15.590551181102363 a
44.78740157480315 246.04724409448818 39.40157480314961 15.590551181102363 été
67.46456692913385 246.04724409448818 95.81102362204724 15.590551181102363 effectivement
146.26771653543307 246.04724409448818 73.41732283464567 15.590551181102363 réalisée.
202.6771653543307 246.04724409448818 39.40157480314961 15.590551181102363 Ils
225.35433070866142 246.04724409448818 39.40157480314961 15.590551181102363 ont
248.03149606299212 246.04724409448818 45.07086614173228 15.590551181102363 créé
270.4251968503937 246.04724409448818 22.677165354330707 15.590551181102363 un

34.01574803149607 255.68503937007873 64.91338582677166 17.5748031496063 complexe
82.77165354330708 255.68503937007873 64.91338582677166 17.5748031496063 d’objets
131.24409448818898 255.68503937007873 70.2992125984252 17.5748031496063 picturaux
185.38582677165354 255.68503937007873 32.59842519685039 17.5748031496063 et
201.82677165354332 255.68503937007873 86.45669291338582 17.5748031496063 sculpturaux,
266.74015748031496 255.68503937007873 26.929133858267715 17.5748031496063 qui

33.16535433070866 269.29133858267716 89.00787401574803 14.740157480314961 enveloppent
104.31496062992126 269.29133858267716 35.71653543307087 14.740157480314961 le
122.1732283464567 269.29133858267716 83.05511811023622 14.740157480314961 spectateur
187.37007874015748 269.29133858267716 47.338582677165356 14.740157480314961 dans
217.13385826771653 269.29133858267716 41.669291338582674 14.740157480314961 une
234.99212598425197 269.29133858267716 59.24409448818898 14.740157480314961 ambiance

34.01574803149607 279.21259842519686 65.19685039370079 18.141732283464567 spatiale
82.77165354330708 279.21259842519686 32.59842519685039 18.141732283464567 et
99.21259842519684 279.21259842519686 70.58267716535433 18.141732283464567 psychique
153.35433070866142 279.21259842519686 43.37007874015748 18.141732283464567 dont
180.56692913385828 279.21259842519686 32.59842519685039 18.141732283464567 le
196.7244094488189 279.21259842519686 65.19685039370079 18.141732283464567 diapason
240.3779527559055 279.21259842519686 54.14173228346457 18.141732283464567 affectif

34.01574803149607 291.40157480314963 38.83464566929134 14.740157480314961 est
56.40944881889764 291.40157480314963 66.61417322834646 14.740157480314961 escompté
106.2992125984252 291.40157480314963 44.22047244094488 14.740157480314961 avec
133.79527559055117 291.40157480314963 77.66929133858268 14.740157480314961 précision.
194.74015748031496 291.40157480314963 38.83464566929134 14.740157480314961 Ils
216.8503937007874 291.40157480314963 38.83464566929134 14.740157480314961 ont
239.24409448818898 291.40157480314963 49.889763779527556 14.740157480314961 donné
266.74015748031496 291.40157480314963 27.77952755905512 14.740157480314961 vie

34.2992125984252 306.4251968503937 32.59842519685039 13.32283464566929 au
50.45669291338583 306.4251968503937 48.75590551181102 13.32283464566929 thème
83.05511811023622 306.4251968503937 70.58267716535433 13.32283464566929 ancestral
137.1968503937008 306.4251968503937 37.98425196850393 13.32283464566929 des
159.0236220472441 306.4251968503937 54.14173228346457 13.32283464566929 Quatre
197.00787401574803 306.4251968503937 70.58267716535433 13.32283464566929 éléments,
251.1496062992126 306.4251968503937 37.98425196850393 13.32283464566929 une
267.3070866141732 306.4251968503937 27.212598425196852 13.32283464566929 vie

35.1496062992126 315.496062992126 75.96850393700787 17.291338582677167 plastique,
94.67716535433071 315.496062992126 75.96850393700787 17.291338582677167 picturale,
154.48818897637796 315.496062992126 103.18110236220473 17.291338582677167 architectonique
241.51181102362204 315.496062992126 32.59842519685039 17.291338582677167 et
252.28346456692913 315.496062992126 43.37007874015748 17.291338582677167 scéno-

34.2992125984252 327.11811023622045 75.96850393700787 17.291338582677167 graphique.
93.8267716535433 327.11811023622045 32.59842519685039 17.291338582677167 Le
110.26771653543307 327.11811023622045 54.14173228346457 17.291338582677167 paysan
148.251968503937 327.11811023622045 65.19685039370079 17.291338582677167 roumain,
197.00787401574803 327.11811023622045 43.37007874015748 17.291338582677167 dans
224.2204724409449 327.11811023622045 54.14173228346457 17.291338582677167 l’idée
256.81889763779526 327.11811023622045 37.98425196850393 17.291338582677167 qu’il

34.86614173228347 340.7244094488189 31.181102362204726 16.15748031496063 se
50.45669291338583 340.7244094488189 41.669291338582674 16.15748031496063 fait
76.53543307086615 340.7244094488189 31.181102362204726 16.15748031496063 de
92.1259842519685 340.7244094488189 31.181102362204726 16.15748031496063 la
107.71653543307086 340.7244094488189 41.669291338582674 16.15748031496063 vie,
133.79527559055117 340.7244094488189 57.25984251968504 16.15748031496063 établit
175.748031496063 340.7244094488189 36.56692913385827 16.15748031496063 une
196.44094488188978 340.7244094488189 78.23622047244095 16.15748031496063 similitude,
253.98425196850394 340.7244094488189 41.669291338582674 16.15748031496063 jamais

34.2992125984252 350.6456692913386 79.08661417322834 15.874015748031496 démentie,
94.96062992125984 350.6456692913386 54.70866141732284 15.874015748031496 entre
131.5275590551181 350.6456692913386 42.51968503937008 15.874015748031496 les
155.90551181102362 350.6456692913386 72.85039370078741 15.874015748031496 éléments
210.61417322834646 350.6456692913386 42.51968503937008 15.874015748031496 qui
228.75590551181102 350.6456692913386 66.89763779527559 15.874015748031496 composent

35.71653543307087 362.26771653543307 70.58267716535433 15.023622047244094 l’univers
89.85826771653544 362.26771653543307 27.212598425196852 15.023622047244094 —
100.62992125984252 362.26771653543307 32.59842519685039 15.023622047244094 la
117.07086614173228 362.26771653543307 54.14173228346457 15.023622047244094 terre,
155.0551181102362 362.26771653543307 54.14173228346457 15.023622047244094 l’air,
193.03937007874015 362.26771653543307 54.14173228346457 15.023622047244094 l’eau,
230.74015748031496 362.26771653543307 32.59842519685039 15.023622047244094 le
247.1811023622047 362.26771653543307 37.98425196850393 15.023622047244094 feu
268.7244094488189 362.26771653543307 27.212598425196852 15.023622047244094 —
274.1102362204724 362.26771653543307 21.826771653543307 15.023622047244094 et

35.71653543307087 373.6062992125984 34.01574803149607 15.307086614173228 la
52.724409448818896 373.6062992125984 85.03937007874016 15.307086614173228 mystérieuse
120.75590551181102 373.6062992125984 68.03149606299213 15.307086614173228 création
171.49606299212599 373.6062992125984 34.01574803149607 15.307086614173228 de
188.50393700787401 373.6062992125984 68.03149606299213 15.307086614173228 l’homme.
239.5275590551181 373.6062992125984 34.01574803149607 15.307086614173228 Le
250.86614173228347 373.6062992125984 45.354330708661415 15.307086614173228 groupe

35.43307086614173 386.6456692913386 58.110236220472444 14.173228346456693 Stendl
75.96850393700787 386.6456692913386 28.913385826771652 14.173228346456693 a
87.59055118110236 386.6456692913386 46.488188976377955 14.173228346456693 fait
116.50393700787401 386.6456692913386 63.77952755905512 14.173228346456693 revivre
162.99212598425197 386.6456692913386 34.86614173228347 14.173228346456693 ce
180.28346456692913 386.6456692913386 52.15748031496063 14.173228346456693 mythe
215.1496062992126 386.6456692913386 52.15748031496063 14.173228346456693 fondé
249.73228346456693 386.6456692913386 40.53543307086614 14.173228346456693 sur
267.3070866141732 386.6456692913386 28.913385826771652 14.173228346456693 une

35.71653543307087 400.251968503937 65.19685039370079 13.606299212598426 profonde
84.4724409448819 400.251968503937 32.59842519685039 13.606299212598426 et
100.91338582677166 400.251968503937 75.96850393700787 13.606299212598426 magnifique
160.7244094488189 400.251968503937 75.96850393700787 13.606299212598426 expérience
220.53543307086613 400.251968503937 75.96850393700787 13.606299212598426 collective
274.6771653543307 400.251968503937 21.826771653543307 13.606299212598426 de

36.56692913385827 410.74015748031496 77.95275590551181 14.173228346456693 l’humanité,
98.92913385826772 410.74015748031496 46.77165354330709 14.173228346456693 fruit
130.11023622047244 410.74015748031496 31.181102362204726 14.173228346456693 de
145.70078740157481 410.74015748031496 36.28346456692913 14.173228346456693 ses
166.39370078740157 410.74015748031496 72.85039370078741 14.173228346456693 traditions
223.6535433070866 410.74015748031496 67.74803149606299 14.173228346456693 occultes,
270.4251968503937 410.74015748031496 26.078740157480315 14.173228346456693 que

36.28346456692913 421.51181102362204 102.89763779527559 14.740157480314961 l’imagination
120.75590551181102 421.51181102362204 36.28346456692913 14.740157480314961 de
138.89763779527559 421.51181102362204 60.37795275590551 14.740157480314961 chaque
181.41732283464566 421.51181102362204 60.37795275590551 14.740157480314961 peuple
223.6535433070866 421.51181102362204 60.37795275590551 14.740157480314961 colore
265.8897637795276 421.51181102362204 30.330708661417322 14.740157480314961 à
272.12598425196853 421.51181102362204 24.094488188976378 14.740157480314961 sa

36.56692913385827 433.13385826771656 62.36220472440945 15.307086614173228 manière
81.92125984251969 433.13385826771656 79.37007874015748 15.307086614173228 spécifique
144.28346456692913 433.13385826771656 45.354330708661415 15.307086614173228 dans
172.3464566929134 433.13385826771656 34.01574803149607 15.307086614173228 le
189.35433070866142 433.13385826771656 51.023622047244096 15.307086614173228 cadre
223.37007874015748 433.13385826771656 34.01574803149607 15.307086614173228 de
240.3779527559055 433.13385826771656 34.01574803149607 15.307086614173228 sa
251.71653543307087 433.13385826771656 45.354330708661415 15.307086614173228 propre

37.13385826771653 445.8897637795276 76.25196850393701 13.039370078740157 mythologie.
98.07874015748031 445.8897637795276 25.511811023622048 13.039370078740157 A
108.28346456692914 445.8897637795276 35.43307086614173 13.039370078740157 ces
128.69291338582678 445.8897637795276 66.04724409448819 13.039370078740157 questions
179.43307086614172 445.8897637795276 76.25196850393701 13.039370078740157 éternelles,
240.3779527559055 445.8897637795276 35.43307086614173 13.039370078740157 Ion
255.68503937007873 445.8897637795276 40.53543307086614 13.039370078740157 Stendl

36.8503937007874 457.2283464566929 32.031496062992126 13.606299212598426 et
53.00787401574803 457.2283464566929 37.13385826771653 13.606299212598426 ses
74.26771653543307 457.2283464566929 95.81102362204724 13.606299212598426 collaborateurs
153.92125984251967 457.2283464566929 69.16535433070867 13.606299212598426 répondent
207.21259842519686 457.2283464566929 26.64566929133858 13.606299212598426 à
217.70078740157481 457.2283464566929 53.29133858267716 13.606299212598426 l’aide
255.11811023622047 457.2283464566929 32.031496062992126 13.606299212598426 de
265.6062992125984 457.2283464566929 32.031496062992126 13.606299212598426 sym-

36.8503937007874 468.56692913385825 51.023622047244096 13.606299212598426 boles
70.86614173228347 468.56692913385825 73.7007874015748 13.606299212598426 spatiaux.
127.55905511811024 468.56692913385825 34.01574803149607 13.606299212598426 Et
144.56692913385828 468.56692913385825 39.68503937007874 13.606299212598426 ces
167.24409448818898 468.56692913385825 68.03149606299213 13.606299212598426 symboles
217.98425196850394 468.56692913385825 79.37007874015748 13.606299212598426 rappellent
274.6771653543307 468.56692913385825 22.677165354330707 13.606299212598426 de

37.41732283464567 483.59055118110234 59.52755905511811 11.338582677165354 manière
80.78740157480316 483.59055118110234 75.96850393700787 11.338582677165354 troublante
140.31496062992127 483.59055118110234 65.19685039370079 11.338582677165354 certains
189.0708661417323 483.59055118110234 54.14173228346457 11.338582677165354 objets
227.0551181102362 483.59055118110234 70.58267716535433 11.338582677165354 rustiques
275.81102362204723 483.59055118110234 21.826771653543307 11.338582677165354 en

37.7007874015748 494.3622047244094 47.62204724409449 13.32283464566929 bois,
69.73228346456693 494.3622047244094 53.00787401574803 13.32283464566929 qu’ils
106.86614173228347 494.3622047244094 53.00787401574803 13.32283464566929 soient
143.71653543307087 494.3622047244094 58.39370078740158 13.32283464566929 d’usage
186.23622047244095 494.3622047244094 74.26771653543307 13.32283464566929 utilitaire
244.62992125984252 494.3622047244094 31.748031496062993 13.32283464566929 ou
255.11811023622047 494.3622047244094 42.51968503937008 13.32283464566929 qu’ils

37.13385826771653 504.0 58.110236220472444 15.307086614173228 soient
77.66929133858268 504.0 81.07086614173228 15.307086614173228 simplement
141.4488188976378 504.0 92.69291338582677 15.307086614173228 héraldiques,
216.8503937007874 504.0 52.15748031496063 15.307086614173228 comme
251.43307086614172 504.0 34.86614173228347 15.307086614173228 le
263.0551181102362 504.0 34.86614173228347 15.307086614173228 sont

38.267716535433074 516.7559055118111 37.13385826771653 12.755905511811024 les
59.52755905511811 516.7559055118111 47.62204724409449 12.755905511811024 croix
91.2755905511811 516.7559055118111 31.748031496062993 12.755905511811024 de
107.43307086614173 516.7559055118111 42.51968503937008 12.755905511811024 bois
133.79527559055117 516.7559055118111 68.88188976377953 12.755905511811024 entaillé,
186.8031496062992 516.7559055118111 63.77952755905512 12.755905511811024 plantées
234.70866141732284 516.7559055118111 31.748031496062993 12.755905511811024 au
250.58267716535434 516.7559055118111 42.51968503937008 12.755905511811024 bord
271.5590551181102 516.7559055118111 26.64566929133858 12.755905511811024 des

38.267716535433074 528.6614173228346 54.14173228346457 14.456692913385826 routes
76.25196850393701 528.6614173228346 32.59842519685039 14.456692913385826 ou
92.40944881889764 528.6614173228346 37.98425196850393 14.456692913385826 aux
114.23622047244095 528.6614173228346 81.35433070866142 14.456692913385826 carrefours,
179.1496062992126 528.6614173228346 32.59842519685039 14.456692913385826 ou
195.59055118110237 528.6614173228346 37.98425196850393 14.456692913385826 les
217.13385826771653 528.6614173228346 54.14173228346457 14.456692913385826 objets
249.73228346456693 528.6614173228346 48.75590551181102 14.456692913385826 apotro-

38.267716535433074 541.7007874015748 59.811023622047244 13.88976377952756 païques
81.63779527559055 541.7007874015748 37.98425196850393 13.88976377952756 des
103.46456692913385 541.7007874015748 70.58267716535433 13.88976377952756 bergeries
157.60629921259843 541.7007874015748 32.59842519685039 13.88976377952756 de
174.04724409448818 541.7007874015748 65.19685039370079 13.88976377952756 montagne
222.8031496062992 541.7007874015748 37.98425196850393 13.88976377952756 qui
238.96062992125985 541.7007874015748 59.811023622047244 13.88976377952756 éloignent

38.267716535433074 553.3228346456693 40.53543307086614 12.472440944881889 les
61.22834645669291 553.3228346456693 63.77952755905512 12.472440944881889 mauvais
107.71653543307086 553.3228346456693 57.826771653543304 12.472440944881889 génies
147.96850393700788 553.3228346456693 34.58267716535433 12.472440944881889 et
165.54330708661416 553.3228346456693 63.77952755905512 12.472440944881889 amènent
211.748031496063 553.3228346456693 34.58267716535433 12.472440944881889 le
229.03937007874015 553.3228346456693 52.15748031496063 12.472440944881889 calme
263.90551181102364 553.3228346456693 34.58267716535433 12.472440944881889 et
275.244094488189 553.3228346456693 23.244094488188978 12.472440944881889 la

33.44881889763779 563.8110236220473 34.58267716535433 16.15748031496063 paix.

53.85826771653543 582.8031496062993 47.90551181102362 15.874015748031496 Ainsi
85.88976377952756 582.8031496062993 32.031496062992126 15.874015748031496 le
102.04724409448819 582.8031496062993 58.67716535433071 15.874015748031496 langage
144.56692913385828 582.8031496062993 64.06299212598425 15.874015748031496 abstrait
192.75590551181102 582.8031496062993 32.031496062992126 15.874015748031496 et
208.62992125984252 582.8031496062993 47.90551181102362 15.874015748031496 celui
240.66141732283464 582.8031496062993 32.031496062992126 15.874015748031496 du
251.43307086614172 582.8031496062993 47.90551181102362 15.874015748031496 surréa-

39.118110236220474 597.2598425196851 49.889763779527556 13.606299212598426 lisme
72.56692913385827 597.2598425196851 66.61417322834646 13.606299212598426 viennent
122.45669291338582 597.2598425196851 33.16535433070866 13.606299212598426 se
139.1811023622047 597.2598425196851 49.889763779527556 13.606299212598426 mêler
172.3464566929134 597.2598425196851 27.77952755905512 13.606299212598426 à
183.4015748031496 597.2598425196851 33.16535433070866 13.606299212598426 la
200.1259842519685 597.2598425196851 72.0 13.606299212598426 narration
250.01574803149606 597.2598425196851 49.889763779527556 13.606299212598426 fantas-

38.83464566929134 609.1653543307086 52.15748031496063 11.905511811023622 tique
73.41732283464567 609.1653543307086 40.53543307086614 11.905511811023622 des
96.66141732283465 609.1653543307086 69.73228346456693 11.905511811023622 artisans
149.10236220472441 609.1653543307086 87.02362204724409 11.905511811023622 populaires.
218.5511811023622 609.1653543307086 34.86614173228347 11.905511811023622 De
236.1259842519685 609.1653543307086 52.15748031496063 11.905511811023622 même,
265.03937007874015 609.1653543307086 34.86614173228347 11.905511811023622 chez

39.68503937007874 620.7874015748032 66.33070866141732 15.023622047244094 Dimitrie
89.5748031496063 620.7874015748032 77.38582677165354 15.023622047244094 Gavrilean,
150.51968503937007 620.7874015748032 38.83464566929134 15.023622047244094 les
172.62992125984252 620.7874015748032 66.33070866141732 15.023622047244094 coutumes
222.51968503937007 620.7874015748032 33.16535433070866 15.023622047244094 du
238.96062992125985 620.7874015748032 55.275590551181104 15.023622047244094 Nouvel
272.12598425196853 620.7874015748032 27.77952755905512 15.023622047244094 An,
