301.03937007874015 669.2598425196851
-1.1338582677165354 19.275590551181104 75.11811023622047 19.559055118110237 <b>SUISSE</b>

23.811023622047244 59.811023622047244 53.29133858267716 19.275590551181104 encore
61.22834645669291 59.811023622047244 47.90551181102362 19.275590551181104 avoir
92.97637795275591 59.811023622047244 32.031496062992126 19.275590551181104 un
109.13385826771653 59.811023622047244 47.90551181102362 19.275590551181104 sens,
140.88188976377953 59.811023622047244 32.031496062992126 19.275590551181104 ne
157.03937007874015 59.811023622047244 42.51968503937008 19.275590551181104 peut
183.68503937007873 59.811023622047244 42.51968503937008 19.275590551181104 être
210.33070866141733 59.811023622047244 58.67716535433071 19.275590551181104 compris
247.46456692913387 59.811023622047244 26.64566929133858 19.275590551181104 que

23.244094488188978 71.71653543307086 47.90551181102362 18.141732283464567 comme
55.275590551181104 71.71653543307086 96.09448818897638 18.141732283464567 identification
135.49606299212599 71.71653543307086 47.90551181102362 18.141732283464567 d’une
167.24409448818898 71.71653543307086 74.83464566929133 18.141732283464567 communauté
220.8188976377953 71.71653543307086 53.29133858267716 18.141732283464567 urbaine.

24.094488188976378 81.92125984251969 32.031496062992126 20.125984251968504 De
40.25196850393701 81.92125984251969 53.29133858267716 20.125984251968504 l’avis
77.38582677165354 81.92125984251969 32.031496062992126 20.125984251968504 de
93.54330708661418 81.92125984251969 37.41732283464567 20.125984251968504 ses
114.80314960629921 81.92125984251969 64.06299212598425 20.125984251968504 auteurs,
162.70866141732284 81.92125984251969 32.031496062992126 20.125984251968504 le
178.86614173228347 81.92125984251969 47.90551181102362 20.125984251968504 musée
210.61417322834646 81.92125984251969 42.51968503937008 20.125984251968504 doit
232.15748031496062 81.92125984251969 42.51968503937008 20.125984251968504 servir

22.11023622047244 94.11023622047244 83.90551181102362 18.992125984251967 d’appareil
87.8740157480315 94.11023622047244 36.0 18.992125984251967 de
106.01574803149606 94.11023622047244 101.76377952755905 18.992125984251967 communication
189.92125984251967 94.11023622047244 30.04724409448819 18.992125984251967 à
201.82677165354332 94.11023622047244 66.04724409448819 18.992125984251967 l’homme
243.7795275590551 94.11023622047244 30.04724409448819 18.992125984251967 qui

22.677165354330707 106.86614173228347 58.67716535433071 20.125984251968504 cherche
65.48031496062993 106.86614173228347 26.64566929133858 20.125984251968504 à
76.25196850393701 106.86614173228347 32.031496062992126 20.125984251968504 se
92.1259842519685 106.86614173228347 48.188976377952756 20.125984251968504 mieux
124.15748031496064 106.86614173228347 74.83464566929133 20.125984251968504 comprendre
183.11811023622047 106.86614173228347 37.41732283464567 20.125984251968504 par
204.3779527559055 106.86614173228347 58.67716535433071 20.125984251968504 rapport
247.1811023622047 106.86614173228347 26.64566929133858 20.125984251968504 à
252.56692913385828 106.86614173228347 21.25984251968504 20.125984251968504 la

15.307086614173228 117.92125984251969 84.4724409448819 14.740157480314961 communauté.

39.68503937007874 136.62992125984252 44.78740157480315 18.708661417322833 Dans
67.74803149606299 136.62992125984252 39.118110236220474 18.708661417322833 ses
90.14173228346456 136.62992125984252 28.062992125984252 18.708661417322833 «
101.19685039370079 136.62992125984252 66.89763779527559 18.708661417322833 tableaux
151.37007874015748 136.62992125984252 33.44881889763779 18.708661417322833 ou
168.3779527559055 136.62992125984252 94.96062992125984 18.708661417322833 constructions
240.9448818897638 136.62992125984252 33.44881889763779 18.708661417322833 sous

22.96062992125984 149.66929133858267 48.188976377952756 14.173228346456693 régie
54.99212598425197 149.66929133858267 32.031496062992126 14.173228346456693 »,
71.14960629921259 149.66929133858267 42.803149606299215 14.173228346456693 Marc
97.79527559055119 149.66929133858267 42.803149606299215 14.173228346456693 Kuhn
124.44094488188976 149.66929133858267 58.67716535433071 14.173228346456693 reprend
167.24409448818898 149.66929133858267 32.031496062992126 14.173228346456693 un
183.4015748031496 149.66929133858267 42.803149606299215 14.173228346456693 très
210.04724409448818 149.66929133858267 48.188976377952756 14.173228346456693 vieux
236.69291338582678 149.66929133858267 37.41732283464567 14.173228346456693 prin-

22.11023622047244 161.00787401574803 43.08661417322835 15.874015748031496 cipe
49.039370078740156 161.00787401574803 32.31496062992126 15.874015748031496 de
65.19685039370079 161.00787401574803 48.47244094488189 15.874015748031496 l’art
97.22834645669292 161.00787401574803 75.11811023622047 15.874015748031496 collectif.
156.4724409448819 161.00787401574803 32.31496062992126 15.874015748031496 La
172.62992125984252 161.00787401574803 48.47244094488189 15.874015748031496 tâche
204.9448818897638 161.00787401574803 32.31496062992126 15.874015748031496 du
215.43307086614172 161.00787401574803 59.24409448818898 15.874015748031496 régisseur

22.11023622047244 172.3464566929134 64.34645669291339 17.007874015748033 consiste
70.2992125984252 172.3464566929134 26.929133858267715 17.007874015748033 à
81.07086614173228 172.3464566929134 58.960629921259844 17.007874015748033 choisir
123.8740157480315 172.3464566929134 37.41732283464567 17.007874015748033 les
145.41732283464566 172.3464566929134 96.37795275590551 17.007874015748033 collaborateurs
225.92125984251967 172.3464566929134 32.031496062992126 17.007874015748033 de
236.69291338582678 172.3464566929134 37.41732283464567 17.007874015748033 telle

20.976377952755904 184.251968503937 55.55905511811024 18.708661417322833 façon
58.110236220472444 184.251968503937 43.08661417322835 18.708661417322833 que
82.77165354330708 184.251968503937 37.13385826771653 18.708661417322833 la
101.19685039370079 184.251968503937 55.55905511811024 18.708661417322833 seule
138.33070866141733 184.251968503937 37.13385826771653 18.708661417322833 et
156.75590551181102 184.251968503937 49.32283464566929 18.708661417322833 même
187.6535433070866 184.251968503937 55.55905511811024 18.708661417322833 œuvre
224.50393700787401 184.251968503937 49.32283464566929 18.708661417322833 crée
249.16535433070865 184.251968503937 24.661417322834644 18.708661417322833 un

21.826771653543307 196.44094488188978 64.62992125984252 17.291338582677167 rapport
68.88188976377953 196.44094488188978 52.724409448818896 17.291338582677167 entre
104.03149606299213 196.44094488188978 58.67716535433071 17.291338582677167 divers
145.13385826771653 196.44094488188978 52.724409448818896 17.291338582677167 plans
180.56692913385828 196.44094488188978 35.1496062992126 17.291338582677167 de
192.18897637795277 196.44094488188978 82.20472440944881 17.291338582677167 l’expérience

22.11023622047244 207.49606299212599 68.5984251968504 18.4251968503937 humaine.
73.41732283464567 207.49606299212599 34.2992125984252 18.4251968503937 De
90.70866141732283 207.49606299212599 34.2992125984252 18.4251968503937 ce
108.0 207.49606299212599 51.59055118110236 18.4251968503937 fait,
142.29921259842519 207.49606299212599 68.5984251968504 18.4251968503937 l’œuvre,
193.60629921259843 207.49606299212599 51.59055118110236 18.4251968503937 outre
222.23622047244095 207.49606299212599 51.59055118110236 18.4251968503937 qu’elle

21.826771653543307 220.8188976377953 47.338582677165356 15.307086614173228 prend
53.574803149606296 220.8188976377953 36.8503937007874 15.307086614173228 des
74.55118110236221 220.8188976377953 73.41732283464567 15.307086614173228 dimensions
132.3779527559055 220.8188976377953 105.16535433070867 15.307086614173228 supplémentaires,
221.66929133858267 220.8188976377953 52.44094488188976 15.307086614173228 oblige
253.13385826771653 220.8188976377953 20.976377952755904 15.307086614173228 le

21.543307086614174 232.15748031496062 89.5748031496063 16.440944881889763 contemplateur
95.5275590551181 232.15748031496062 26.362204724409448 16.440944881889763 à
106.01574803149606 232.15748031496062 84.4724409448819 16.440944881889763 s’identifier
174.61417322834646 232.15748031496062 31.748031496062993 16.440944881889763 ou
190.20472440944883 232.15748031496062 26.362204724409448 16.440944881889763 à
200.9763779527559 232.15748031496062 68.5984251968504 16.440944881889763 s’opposer
248.31496062992127 232.15748031496062 26.362204724409448 16.440944881889763 aux

21.25984251968504 245.1968503937008 51.874015748031496 15.590551181102363 plans
55.84251968503937 245.1968503937008 34.58267716535433 15.590551181102363 de
72.85039370078741 245.1968503937008 92.1259842519685 15.590551181102363 l’expérience
147.68503937007873 245.1968503937008 57.54330708661417 15.590551181102363 réunis
187.93700787401573 245.1968503937008 45.92125984251968 15.590551181102363 dans
216.8503937007874 245.1968503937008 34.58267716535433 15.590551181102363 la
228.4724409448819 245.1968503937008 45.92125984251968 15.590551181102363 compo-

21.25984251968504 257.6692913385827 54.70866141732284 13.606299212598426 sition.
61.22834645669291 257.6692913385827 34.86614173228347 13.606299212598426 Les
81.07086614173228 257.6692913385827 54.70866141732284 13.606299212598426 auteurs
120.75590551181102 257.6692913385827 39.68503937007874 13.606299212598426 d’un
145.41732283464566 257.6692913385827 49.60629921259842 13.606299212598426 projet
180.28346456692913 257.6692913385827 29.763779527559056 13.606299212598426 de
195.30708661417322 257.6692913385827 29.763779527559056 13.606299212598426 ce
210.04724409448818 257.6692913385827 44.78740157480315 13.606299212598426 genre
234.99212598425197 257.6692913385827 39.68503937007874 13.606299212598426 consi-

20.976377952755904 267.59055118110234 53.85826771653543 16.724409448818896 dèrent
58.67716535433071 267.59055118110234 48.47244094488189 16.724409448818896 cette
91.2755905511811 267.59055118110234 48.47244094488189 16.724409448818896 forme
123.59055118110236 267.59055118110234 32.31496062992126 16.724409448818896 de
139.748031496063 267.59055118110234 91.84251968503936 16.724409448818896 collaboration
215.43307086614172 267.59055118110234 48.47244094488189 16.724409448818896 comme
242.36220472440945 267.59055118110234 32.31496062992126 16.724409448818896 pré-

20.976377952755904 280.34645669291336 52.724409448818896 16.15748031496063 cieuse
58.110236220472444 280.34645669291336 47.338582677165356 16.15748031496063 parce
89.5748031496063 280.34645669291336 58.110236220472444 16.15748031496063 qu’elle
131.81102362204723 280.34645669291336 63.21259842519685 16.15748031496063 implique
179.1496062992126 280.34645669291336 36.8503937007874 16.15748031496063 une
195.0236220472441 280.34645669291336 79.08661417322834 16.15748031496063 confrontation

20.976377952755904 293.1023622047244 66.33070866141732 11.905511811023622 critique
70.58267716535433 293.1023622047244 33.16535433070866 11.905511811023622 et
87.02362204724409 293.1023622047244 33.16535433070866 11.905511811023622 le
103.74803149606299 293.1023622047244 60.661417322834644 11.905511811023622 respect
147.68503937007873 293.1023622047244 44.22047244094488 11.905511811023622 pour
175.46456692913387 293.1023622047244 33.16535433070866 11.905511811023622 la
191.90551181102362 293.1023622047244 77.38582677165354 11.905511811023622 prestation
247.1811023622047 293.1023622047244 27.496062992125985 11.905511811023622 des

21.25984251968504 304.15748031496065 81.07086614173228 13.606299212598426 partenaires,
87.02362204724409 304.15748031496065 60.661417322834644 13.606299212598426 celle-ci
132.66141732283464 304.15748031496065 60.661417322834644 13.606299212598426 exigeant
178.29921259842519 304.15748031496065 90.99212598425197 13.606299212598426 impérieusement
249.16535433070865 304.15748031496065 25.228346456692915 13.606299212598426 une

21.543307086614174 316.06299212598424 59.52755905511811 12.472440944881889 réponse.
66.04724409448819 316.06299212598424 39.68503937007874 12.472440944881889 Pour
90.99212598425197 316.06299212598424 34.86614173228347 12.472440944881889 les
110.83464566929133 316.06299212598424 59.52755905511811 12.472440944881889 auteurs,
155.33858267716536 316.06299212598424 99.21259842519684 12.472440944881889 l’enrichissement
234.70866141732284 316.06299212598424 39.68503937007874 12.472440944881889 réside

20.125984251968504 326.26771653543307 46.20472440944882 16.440944881889763 dans
48.75590551181102 326.26771653543307 34.58267716535433 16.440944881889763 le
66.33070866141732 326.26771653543307 75.11811023622047 16.440944881889763 processus
123.8740157480315 326.26771653543307 98.07874015748031 16.440944881889763 d’élaboration
204.9448818897638 326.26771653543307 40.53543307086614 16.440944881889763 et,
227.90551181102362 326.26771653543307 46.20472440944882 16.440944881889763 pour
251.1496062992126 326.26771653543307 22.96062992125984 16.440944881889763 le

19.84251968503937 338.1732283464567 106.2992125984252 14.456692913385826 contemplateur,
108.56692913385827 338.1732283464567 47.338582677165356 14.456692913385826 dans
138.04724409448818 338.1732283464567 76.81889763779527 14.456692913385826 l’analyse
197.29133858267716 338.1732283464567 41.38582677165354 14.456692913385826 des
214.86614173228347 338.1732283464567 59.24409448818898 14.456692913385826 éléments

21.25984251968504 352.06299212598424 78.80314960629921 13.606299212598426 constitutifs
85.32283464566929 352.06299212598424 29.480314960629922 13.606299212598426 du
100.06299212598425 352.06299212598424 59.24409448818898 13.606299212598426 résultat
144.28346456692913 352.06299212598424 29.480314960629922 13.606299212598426 de
159.30708661417322 352.06299212598424 39.40157480314961 13.606299212598426 leur
178.86614173228347 352.06299212598424 49.32283464566929 13.606299212598426 travail.

37.13385826771653 367.93700787401576 32.31496062992126 13.32283464566929 Le
53.29133858267716 367.93700787401576 53.85826771653543 13.32283464566929 projet
90.99212598425197 367.93700787401576 97.22834645669292 13.32283464566929 scénographique
172.06299212598427 367.93700787401576 32.31496062992126 13.32283464566929 de
188.2204724409449 367.93700787401576 53.85826771653543 13.32283464566929 Pierre
226.20472440944883 367.93700787401576 32.31496062992126 13.32283464566929 et
236.9763779527559 367.93700787401576 37.7007874015748 13.32283464566929 Anne-

20.69291338582677 379.84251968503935 49.60629921259842 13.606299212598426 Marie
53.574803149606296 379.84251968503935 55.275590551181104 13.606299212598426 Simond
92.40944881889764 379.84251968503935 60.661417322834644 13.606299212598426 résulte
136.62992125984252 379.84251968503935 33.16535433070866 13.606299212598426 de
153.0708661417323 379.84251968503935 49.60629921259842 13.606299212598426 leurs
186.23622047244095 379.84251968503935 55.275590551181104 13.606299212598426 études
225.0708661417323 379.84251968503935 38.55118110236221 13.606299212598426 des
241.51181102362204 379.84251968503935 33.16535433070866 13.606299212598426 rap-

20.409448818897637 394.2992125984252 44.78740157480315 15.874015748031496 ports
50.45669291338583 394.2992125984252 44.78740157480315 15.874015748031496 entre
80.50393700787401 394.2992125984252 30.04724409448819 15.874015748031496 le
95.24409448818898 394.2992125984252 69.73228346456693 15.874015748031496 spectateur
150.23622047244095 394.2992125984252 30.04724409448819 15.874015748031496 et
165.25984251968504 394.2992125984252 30.04724409448819 15.874015748031496 le
180.28346456692913 394.2992125984252 69.73228346456693 15.874015748031496 spectacle.
230.17322834645668 394.2992125984252 44.78740157480315 15.874015748031496 L’iden-

19.275590551181104 405.3543307086614 74.55118110236221 13.039370078740157 tification
77.95275590551181 405.3543307086614 58.67716535433071 13.039370078740157 passive
120.4724409448819 405.3543307086614 42.51968503937008 13.039370078740157 avec
147.11811023622047 405.3543307086614 79.93700787401575 13.039370078740157 l’événement
211.1811023622047 405.3543307086614 63.77952755905512 13.039370078740157 scénique
253.70078740157481 405.3543307086614 21.25984251968504 13.039370078740157 et

19.84251968503937 415.84251968503935 102.04724409448819 13.32283464566929 l’intervention
104.88188976377953 415.84251968503935 56.69291338582677 13.32283464566929 active
144.56692913385828 415.84251968503935 45.354330708661415 13.32283464566929 dans
173.1968503937008 415.84251968503935 34.01574803149607 13.32283464566929 ce
190.20472440944883 415.84251968503935 45.354330708661415 13.32283464566929 même
212.88188976377953 415.84251968503935 62.36220472440945 13.32283464566929 événement

19.84251968503937 428.59842519685037 76.53543307086615 13.606299212598426 constituent
81.07086614173228 428.59842519685037 35.71653543307087 13.606299212598426 les
101.48031496062993 428.59842519685037 40.818897637795274 13.606299212598426 deux
126.99212598425197 428.59842519685037 66.33070866141732 13.606299212598426 extrêmes.
177.73228346456693 428.59842519685037 40.818897637795274 13.606299212598426 Leur
203.24409448818898 428.59842519685037 56.125984251968504 13.606299212598426 analyse
238.96062992125985 428.59842519685037 35.71653543307087 13.606299212598426 indi-

19.275590551181104 441.6377952755906 39.68503937007874 10.771653543307087 que
41.95275590551181 441.6377952755906 39.68503937007874 10.771653543307087 les
64.62992125984252 441.6377952755906 56.69291338582677 10.771653543307087 moyens
104.31496062992126 441.6377952755906 51.023622047244096 10.771653543307087 qu’il
138.33070866141733 441.6377952755906 45.354330708661415 10.771653543307087 faut
166.96062992125985 441.6377952755906 68.03149606299213 10.771653543307087 utiliser
217.98425196850394 441.6377952755906 45.354330708661415 10.771653543307087 pour
240.66141732283464 441.6377952755906 34.01574803149607 10.771653543307087 per-

18.708661417322833 453.54330708661416 56.976377952755904 14.740157480314961 mettre
58.39370078740158 453.54330708661416 34.01574803149607 14.740157480314961 au
75.68503937007874 453.54330708661416 79.65354330708661 14.740157480314961 spectateur
138.04724409448818 453.54330708661416 39.68503937007874 14.740157480314961 une
161.00787401574803 453.54330708661416 96.66141732283465 14.740157480314961 compréhension
234.99212598425197 453.54330708661416 39.68503937007874 14.740157480314961 aussi

18.141732283464567 463.46456692913387 64.06299212598425 16.15748031496063 directe
64.91338582677166 463.46456692913387 34.86614173228347 16.15748031496063 et
82.48818897637796 463.46456692913387 70.01574803149606 16.15748031496063 complète
134.9291338582677 463.46456692913387 40.818897637795274 16.15748031496063 que
158.17322834645668 463.46456692913387 70.01574803149606 16.15748031496063 possible
210.89763779527559 463.46456692913387 34.86614173228347 16.15748031496063 de
222.51968503937007 463.46456692913387 52.44094488188976 16.15748031496063 l’œuvre

18.4251968503937 475.0866141732283 72.56692913385827 15.023622047244094 scénique.
74.26771653543307 475.0866141732283 39.118110236220474 15.023622047244094 Les
96.66141732283465 475.0866141732283 61.22834645669291 15.023622047244094 auteurs
141.16535433070865 475.0866141732283 33.44881889763779 15.023622047244094 du
157.88976377952756 475.0866141732283 55.84251968503937 15.023622047244094 projet
197.00787401574803 475.0866141732283 66.89763779527559 15.023622047244094 arrivent
247.1811023622047 475.0866141732283 27.77952755905512 15.023622047244094 à
252.56692913385828 475.0866141732283 22.393700787401574 15.023622047244094 la

17.858267716535433 487.2755905511811 85.60629921259843 14.456692913385826 conclusion
85.32283464566929 487.2755905511811 42.803149606299215 14.456692913385826 que
109.7007874015748 487.2755905511811 42.803149606299215 14.456692913385826 les
134.36220472440945 487.2755905511811 61.22834645669291 14.456692913385826 moyens
177.16535433070865 487.2755905511811 36.8503937007874 14.456692913385826 de
189.35433070866142 487.2755905511811 85.60629921259843 14.456692913385826 scénographie

18.141732283464567 500.31496062992125 62.645669291338585 12.755905511811024 doivent
63.77952755905512 500.31496062992125 34.2992125984252 12.755905511811024 se
80.78740157480316 500.31496062992125 85.60629921259843 12.755905511811024 transformer
149.38582677165354 500.31496062992125 34.2992125984252 12.755905511811024 et
166.39370078740157 500.31496062992125 34.2992125984252 12.755905511811024 se
183.4015748031496 500.31496062992125 79.93700787401575 12.755905511811024 développer
240.3779527559055 500.31496062992125 34.2992125984252 12.755905511811024 dans

17.858267716535433 511.0866141732283 34.86614173228347 14.740157480314961 la
35.43307086614173 511.0866141732283 46.488188976377955 14.740157480314961 même
64.62992125984252 511.0866141732283 58.39370078740158 14.740157480314961 mesure
105.44881889763779 511.0866141732283 40.818897637795274 14.740157480314961 que
128.69291338582678 511.0866141732283 34.86614173228347 14.740157480314961 le
146.26771653543307 511.0866141732283 87.30708661417323 14.740157480314961 déroulement
216.0 511.0866141732283 34.86614173228347 14.740157480314961 du
227.90551181102362 511.0866141732283 46.488188976377955 14.740157480314961 drame.

18.992125984251967 521.8582677165355 31.46456692913386 15.307086614173228 Le
34.58267716535433 521.8582677165355 68.03149606299213 15.307086614173228 processus
86.74015748031496 521.8582677165355 73.13385826771653 15.307086614173228 dramatique
144.28346456692913 521.8582677165355 41.95275590551181 15.307086614173228 doit
170.36220472440945 521.8582677165355 31.46456692913386 15.307086614173228 se
186.23622047244095 521.8582677165355 62.645669291338585 15.307086614173228 refléter
233.29133858267716 521.8582677165355 41.95275590551181 15.307086614173228 dans
253.98425196850394 521.8582677165355 20.976377952755904 15.307086614173228 la

11.622047244094489 535.7480314960629 83.62204724409449 13.32283464566929 scénographie.

34.01574803149607 549.0708661417323 45.07086614173228 15.307086614173228 Outre
64.34645669291339 549.0708661417323 35.1496062992126 15.307086614173228 ces
84.18897637795276 549.0708661417323 55.275590551181104 15.307086614173228 travaux
124.44094488188976 549.0708661417323 75.4015748031496 15.307086614173228 collectifs,
184.53543307086613 549.0708661417323 35.1496062992126 15.307086614173228 qui
204.66141732283464 549.0708661417323 65.19685039370079 15.307086614173228 soulèvent
249.73228346456693 549.0708661417323 25.228346456692915 15.307086614173228 des

17.291338582677167 562.6771653543307 74.55118110236221 12.755905511811024 problèmes
74.55118110236221 562.6771653543307 91.84251968503936 12.755905511811024 fondamentaux
149.38582677165354 562.6771653543307 80.50393700787401 12.755905511811024 concernant
206.64566929133858 562.6771653543307 68.88188976377953 12.755905511811024 l’environ-

17.007874015748033 574.5826771653543 56.125984251968504 13.039370078740157 nement
56.40944881889764 574.5826771653543 33.732283464566926 13.039370078740157 de
73.13385826771653 574.5826771653543 61.79527559055118 13.039370078740157 l’homme
117.92125984251969 574.5826771653543 100.91338582677166 13.039370078740157 d’aujourd’hui,
196.44094488188978 574.5826771653543 78.51968503937007 13.039370078740157 l’exposition

16.724409448818896 587.0551181102362 67.46456692913385 10.204724409448819 comprend
67.18110236220473 587.0551181102362 39.40157480314961 10.204724409448819 des
89.85826771653544 587.0551181102362 56.125984251968504 10.204724409448819 œuvres
128.9763779527559 587.0551181102362 100.91338582677166 10.204724409448819 individuelles.
213.16535433070865 587.0551181102362 33.732283464566926 10.204724409448819 Le
224.50393700787401 587.0551181102362 50.45669291338583 10.204724409448819 peintre

17.007874015748033 596.6929133858267 64.34645669291339 14.173228346456693 Philippe
65.48031496062993 596.6929133858267 80.50393700787401 14.173228346456693 Grosclaude,
129.82677165354332 596.6929133858267 32.31496062992126 14.173228346456693 le
145.98425196850394 596.6929133858267 69.73228346456693 14.173228346456693 sculpteur
199.84251968503938 596.6929133858267 53.85826771653543 14.173228346456693 Walter
231.8740157480315 596.6929133858267 43.08661417322835 14.173228346456693 Kretz,

16.440944881889763 609.7322834645669 35.1496062992126 15.874015748031496 le
34.01574803149607 609.7322834645669 64.62992125984252 15.874015748031496 graveur
81.07086614173228 609.7322834645669 47.05511811023622 15.874015748031496 Hans
110.55118110236221 609.7322834645669 76.53543307086615 15.874015748031496 Eigenheer
169.51181102362204 609.7322834645669 35.1496062992126 15.874015748031496 et
187.08661417322836 609.7322834645669 35.1496062992126 15.874015748031496 le
198.70866141732284 609.7322834645669 76.53543307086615 15.874015748031496 photographe

15.590551181102363 621.3543307086615 56.40944881889764 15.307086614173228 Armand
54.99212598425197 621.3543307086615 56.40944881889764 15.307086614173228 Deriaz
94.67716535433071 621.3543307086615 78.80314960629921 15.307086614173228 présentent
156.4724409448819 621.3543307086615 39.40157480314961 15.307086614173228 des
179.1496062992126 621.3543307086615 90.14173228346456 15.307086614173228 réalisations
246.89763779527559 621.3543307086615 28.062992125984252 15.307086614173228 qui

10.488188976377952 646.2992125984252 27.496062992125985 13.32283464566929 118
