301.03937007874015 669.2598425196851
0.5669291338582677 18.141732283464567 99.21259842519684 18.141732283464567 <b>BULGARIE</b>

53.29133858267716 129.54330708661416 70.01574803149606 15.874015748031496 Commissaire
109.13385826771653 129.54330708661416 51.30708661417323 15.874015748031496 général
146.5511811023622 129.54330708661416 23.244094488188978 15.874015748031496 :
155.90551181102362 129.54330708661416 65.19685039370079 15.874015748031496 <b>Gantcho
202.39370078740157 129.54330708661416 70.01574803149606 15.874015748031496 Gueorguie</b>

41.38582677165354 167.24409448818898 53.85826771653543 17.5748031496063 Depuis
79.08661417322834 167.24409448818898 37.7007874015748 17.5748031496063 une
100.62992125984252 167.24409448818898 59.24409448818898 17.5748031496063 dizaine
143.71653543307087 167.24409448818898 70.01574803149606 17.5748031496063 d’années,
197.29133858267716 167.24409448818898 48.47244094488189 17.5748031496063 l’art
224.2204724409449 167.24409448818898 48.47244094488189 17.5748031496063 bulgare

24.37795275590551 181.13385826771653 26.362204724409448 15.874015748031496 à
35.1496062992126 181.13385826771653 68.5984251968504 15.874015748031496 l’unisson
87.8740157480315 181.13385826771653 31.748031496062993 15.874015748031496 du
103.74803149606299 181.13385826771653 53.00787401574803 15.874015748031496 rythme
140.88188976377953 181.13385826771653 31.748031496062993 15.874015748031496 de
156.75590551181102 181.13385826771653 31.748031496062993 15.874015748031496 la
172.62992125984252 181.13385826771653 37.13385826771653 15.874015748031496 vie
193.60629921259843 181.13385826771653 58.110236220472444 15.874015748031496 sociale
235.84251968503938 181.13385826771653 31.748031496062993 15.874015748031496 et
246.61417322834646 181.13385826771653 26.362204724409448 15.874015748031496 poi

23.52755905511811 194.45669291338584 49.889763779527556 11.338582677165354 tique
56.976377952755904 194.45669291338584 33.16535433070866 11.338582677165354 du
73.41732283464567 194.45669291338584 49.889763779527556 11.338582677165354 pays,
106.86614173228347 194.45669291338584 60.94488188976378 11.338582677165354 connaît
151.08661417322836 194.45669291338584 33.16535433070866 11.338582677165354 un
167.81102362204723 194.45669291338584 72.0 11.338582677165354 processus
223.08661417322836 194.45669291338584 33.16535433070866 11.338582677165354 de
234.14173228346456 194.45669291338584 38.83464566929134 11.338582677165354 renot

24.37795275590551 205.22834645669292 65.76377952755905 13.606299212598426 vellement
75.11811023622047 205.22834645669292 75.96850393700787 13.606299212598426 extrêmement
135.7795275590551 205.22834645669292 75.96850393700787 13.606299212598426 intéressant
196.7244094488189 205.22834645669292 25.228346456692915 13.606299212598426 :
206.9291338582677 205.22834645669292 35.43307086614173 13.606299212598426 les
221.95275590551182 205.22834645669292 50.74015748031496 13.606299212598426 formules

24.37795275590551 216.56692913385828 68.5984251968504 14.740157480314961 désuètes,
77.38582677165354 216.56692913385828 47.62204724409449 14.740157480314961 parce
108.85039370078741 216.56692913385828 36.8503937007874 14.740157480314961 que
130.11023622047244 216.56692913385828 73.98425196850394 14.740157480314961 dépassées,
188.2204724409449 216.56692913385828 42.23622047244095 14.740157480314961 sont
209.1968503937008 216.56692913385828 63.496062992125985 14.740157480314961 remplacées

24.37795275590551 230.17322834645668 37.98425196850393 12.755905511811024 par
45.92125984251968 230.17322834645668 32.59842519685039 12.755905511811024 de
62.36220472440945 230.17322834645668 70.2992125984252 12.755905511811024 nouvelles
116.22047244094489 230.17322834645668 37.98425196850393 12.755905511811024 qui
138.04724409448818 230.17322834645668 43.37007874015748 12.755905511811024 vont
164.9763779527559 230.17322834645668 70.2992125984252 12.755905511811024 au-devant
219.11811023622047 230.17322834645668 32.59842519685039 12.755905511811024 de
229.88976377952756 230.17322834645668 43.37007874015748 12.755905511811024 l’espi

24.094488188976378 241.22834645669292 31.748031496062993 14.173228346456693 de
39.968503937007874 241.22834645669292 63.496062992125985 14.173228346456693 l’époque
87.8740157480315 241.22834645669292 37.13385826771653 14.173228346456693 que
108.85039370078741 241.22834645669292 42.51968503937008 14.173228346456693 nous
135.49606299212599 241.22834645669292 58.39370078740158 14.173228346456693 vivons.
177.73228346456693 241.22834645669292 90.14173228346456 14.173228346456693 Parallèlement
246.89763779527559 241.22834645669292 26.362204724409448 14.173228346456693 aut

24.661417322834644 252.8503937007874 54.70866141732284 13.32283464566929 maîtres
64.62992125984252 252.8503937007874 74.55118110236221 13.32283464566929 chevronnés,
124.15748031496064 252.8503937007874 29.763779527559056 13.32283464566929 un
139.1811023622047 252.8503937007874 39.68503937007874 13.32283464566929 rôle
164.1259842519685 252.8503937007874 84.4724409448819 13.32283464566929 d’avant-garde
228.75590551181102 252.8503937007874 44.78740157480315 13.32283464566929 revient

24.094488188976378 265.3228346456693 40.818897637795274 11.905511811023622 tout
49.60629921259842 265.3228346456693 86.45669291338582 11.905511811023622 naturellement
120.75590551181102 265.3228346456693 35.71653543307087 11.905511811023622 aux
141.16535433070865 265.3228346456693 51.023622047244096 11.905511811023622 jeunes
176.88188976377953 265.3228346456693 66.04724409448819 11.905511811023622 créateurs
227.6220472440945 265.3228346456693 40.818897637795274 11.905511811023622 qui,
248.03149606299212 265.3228346456693 25.511811023622048 11.905511811023622 ave

25.228346456692915 276.9448818897638 31.748031496062993 15.307086614173228 la
41.10236220472441 276.9448818897638 68.5984251968504 15.307086614173228 hardiesse
94.11023622047244 276.9448818897638 47.62204724409449 15.307086614173228 qu’on
125.5748031496063 276.9448818897638 42.23622047244095 15.307086614173228 leur
152.2204724409449 276.9448818897638 63.496062992125985 15.307086614173228 connaît,
199.55905511811022 276.9448818897638 58.110236220472444 15.307086614173228 partent
241.79527559055117 276.9448818897638 26.362204724409448 15.307086614173228 à
247.1811023622047 276.9448818897638 26.362204724409448 15.307086614173228 lai

24.944881889763778 289.13385826771656 67.46456692913385 14.173228346456693 recherche
76.81889763779527 289.13385826771656 31.181102362204726 14.173228346456693 de
92.40944881889764 289.13385826771656 62.36220472440945 14.173228346456693 nouveaux
138.89763779527559 289.13385826771656 51.874015748031496 14.173228346456693 moyens
175.1811023622047 289.13385826771656 88.15748031496064 14.173228346456693 d’expression,
242.64566929133858 289.13385826771656 31.181102362204726 14.173228346456693 afin

22.96062992125984 299.90551181102364 37.7007874015748 15.023622047244094 de
41.669291338582674 299.90551181102364 94.11023622047244 15.023622047244094 communiquer
116.78740157480316 299.90551181102364 43.93700787401575 15.023622047244094 une
142.01574803149606 299.90551181102364 75.11811023622047 15.023622047244094 vitalité
198.4251968503937 299.90551181102364 81.35433070866142 15.023622047244094 immédiate
254.83464566929135 299.90551181102364 18.708661417322833 15.023622047244094 a

24.37795275590551 313.2283464566929 58.39370078740158 13.039370078740157 contenu
66.89763779527559 313.2283464566929 31.748031496062993 13.039370078740157 et
82.77165354330708 313.2283464566929 37.13385826771653 13.039370078740157 une
104.03149606299213 313.2283464566929 68.88188976377953 13.039370078740157 fraîcheur
157.03937007874015 313.2283464566929 74.26771653543307 13.039370078740157 esthétique
215.43307086614172 313.2283464566929 26.64566929133858 13.039370078740157 à
226.20472440944883 313.2283464566929 31.748031496062993 13.039370078740157 la
236.69291338582678 313.2283464566929 37.13385826771653 13.039370078740157 forme

24.094488188976378 323.7165354330709 31.748031496062993 14.173228346456693 de
39.968503937007874 323.7165354330709 58.110236220472444 14.173228346456693 l’œuvre
77.10236220472441 323.7165354330709 42.23622047244095 14.173228346456693 d’art.

41.669291338582674 336.755905511811 92.97637795275591 13.039370078740157 L’enthousiasme
119.05511811023622 336.755905511811 41.38582677165354 13.039370078740157 avec
144.8503937007874 336.755905511811 51.59055118110236 13.039370078740157 lequel
181.13385826771653 336.755905511811 36.28346456692913 13.039370078740157 les
201.82677165354332 336.755905511811 51.59055118110236 13.039370078740157 jeunes
232.7244094488189 336.755905511811 41.38582677165354 13.039370078740157 recher

23.52755905511811 349.51181102362204 53.574803149606296 13.039370078740157 chent
59.24409448818898 349.51181102362204 35.71653543307087 13.039370078740157 le
77.10236220472441 349.51181102362204 65.76377952755905 13.039370078740157 langage
125.00787401574803 349.51181102362204 77.66929133858268 13.039370078740157 plastique
184.53543307086613 349.51181102362204 65.76377952755905 13.039370078740157 moderne
232.44094488188978 349.51181102362204 35.71653543307087 13.039370078740157 ne
244.3464566929134 349.51181102362204 29.763779527559056 13.039370078740157 les

23.811023622047244 361.13385826771656 61.22834645669291 11.622047244094489 enferme
68.31496062992126 361.13385826771656 38.83464566929134 11.622047244094489 pas
90.70866141732283 361.13385826771656 44.503937007874015 11.622047244094489 dans
118.48818897637796 361.13385826771656 33.44881889763779 11.622047244094489 le
135.21259842519686 361.13385826771656 55.55905511811024 11.622047244094489 cercle
174.04724409448818 361.13385826771656 61.22834645669291 11.622047244094489 vicieux
218.5511811023622 361.13385826771656 33.44881889763779 11.622047244094489 de
229.60629921259843 361.13385826771656 44.503937007874015 11.622047244094489 l’expé

24.944881889763778 373.8897637795276 74.83464566929133 11.905511811023622 rimentation
85.03937007874016 373.8897637795276 59.811023622047244 11.905511811023622 stérile.
129.82677165354332 373.8897637795276 30.04724409448819 11.905511811023622 Un
144.8503937007874 373.8897637795276 39.968503937007874 11.905511811023622 élan
169.79527559055117 373.8897637795276 34.86614173228347 11.905511811023622 les
189.92125984251967 373.8897637795276 54.99212598425197 11.905511811023622 oriente
229.60629921259843 373.8897637795276 39.968503937007874 11.905511811023622 vers
249.73228346456693 373.8897637795276 24.944881889763778 11.905511811023622 les

24.661417322834644 384.66141732283467 54.99212598425197 12.755905511811024 sources
64.91338582677166 384.66141732283467 35.1496062992126 12.755905511811024 des
84.75590551181102 384.66141732283467 70.01574803149606 12.755905511811024 traditions
139.748031496063 384.66141732283467 75.11811023622047 12.755905511811024 nationales,
199.84251968503938 384.66141732283467 39.968503937007874 12.755905511811024 vers
224.78740157480314 384.66141732283467 35.1496062992126 12.755905511811024 les
239.81102362204723 384.66141732283467 35.1496062992126 12.755905511811024 prir-

24.661417322834644 395.7165354330709 47.05511811023622 12.755905511811024 cipes
55.84251968503937 395.7165354330709 36.56692913385827 12.755905511811024 qui
76.81889763779527 395.7165354330709 67.74803149606299 12.755905511811024 guidaient
128.9763779527559 395.7165354330709 36.56692913385827 12.755905511811024 les
149.66929133858267 395.7165354330709 57.25984251968504 12.755905511811024 maîtres
191.6220472440945 395.7165354330709 73.13385826771653 12.755905511811024 populaires
243.7795275590551 395.7165354330709 31.181102362204726 12.755905511811024 ano.

23.52755905511811 409.03937007874015 56.69291338582677 11.05511811023622 nymes
61.22834645669291 409.03937007874015 50.173228346456696 11.05511811023622 dont
92.69291338582677 409.03937007874015 50.173228346456696 11.05511811023622 nous
124.15748031496064 409.03937007874015 75.4015748031496 11.05511811023622 admirons
180.56692913385828 409.03937007874015 56.69291338582677 11.05511811023622 l’art
218.26771653543307 409.03937007874015 50.173228346456696 11.05511811023622 dans
243.49606299212599 409.03937007874015 31.46456692913386 11.05511811023622 les

24.094488188976378 421.2283464566929 72.56692913385827 12.755905511811024 peintures
79.93700787401575 421.2283464566929 61.22834645669291 12.755905511811024 murales
124.44094488188976 421.2283464566929 33.44881889763779 12.755905511811024 et
141.16535433070865 421.2283464566929 39.118110236220474 12.755905511811024 les
163.55905511811022 421.2283464566929 55.84251968503937 12.755905511811024 icônes
202.39370078740157 421.2283464566929 33.44881889763779 12.755905511811024 du
219.11811023622047 421.2283464566929 50.173228346456696 12.755905511811024 Moyen
247.1811023622047 421.2283464566929 27.77952755905512 12.755905511811024 Age

24.661417322834644 432.8503937007874 37.13385826771653 12.472440944881889 les
45.92125984251968 432.8503937007874 63.77952755905512 12.472440944881889 estampes
93.8267716535433 432.8503937007874 32.031496062992126 12.472440944881889 de
109.98425196850394 432.8503937007874 63.77952755905512 12.472440944881889 l’époque
157.88976377952756 432.8503937007874 32.031496062992126 12.472440944881889 du
173.76377952755905 432.8503937007874 26.64566929133858 12.472440944881889 «
184.53543307086613 432.8503937007874 53.29133858267716 12.472440944881889 réveil
216.28346456692913 432.8503937007874 58.67716535433071 12.472440944881889 national»

24.094488188976378 445.03937007874015 30.89763779527559 10.771653543307087 et
39.40157480314961 445.03937007874015 36.0 10.771653543307087 les
59.811023622047244 445.03937007874015 87.02362204724409 10.771653543307087 chefs-d’œuvre
131.81102362204723 445.03937007874015 36.0 10.771653543307087 des
152.2204724409449 445.03937007874015 41.10236220472441 10.771653543307087 arts
177.73228346456693 445.03937007874015 66.61417322834646 10.771653543307087 appliqués
223.93700787401573 445.03937007874015 51.30708661417323 10.771653543307087 bulgares

24.37795275590551 456.37795275590554 55.275590551181104 11.622047244094489 Certes,
64.62992125984252 456.37795275590554 35.1496062992126 11.622047244094489 les
84.75590551181102 456.37795275590554 65.19685039370079 11.622047244094489 benjamins
134.9291338582677 456.37795275590554 30.04724409448819 11.622047244094489 de
149.95275590551182 456.37795275590554 45.07086614173228 11.622047244094489 l’art
180.0 456.37795275590554 55.275590551181104 11.622047244094489 bulgare
215.1496062992126 456.37795275590554 60.09448818897638 11.622047244094489 respectent

23.811023622047244 470.8346456692913 30.330708661417322 11.905511811023622 ce
39.118110236220474 470.8346456692913 45.354330708661415 11.905511811023622 riche
69.16535433070867 470.8346456692913 60.37795275590551 11.905511811023622 héritage
114.51968503937007 470.8346456692913 30.330708661417322 11.905511811023622 et
129.82677165354332 470.8346456692913 40.25196850393701 11.905511811023622 s’en
154.77165354330708 470.8346456692913 70.58267716535433 11.905511811023622 inspirent,
210.33070866141733 470.8346456692913 40.25196850393701 11.905511811023622 sans
230.45669291338584 470.8346456692913 45.354330708661415 11.905511811023622 oublier

23.52755905511811 479.90551181102364 44.78740157480315 13.88976377952756 pour
51.59055118110236 479.90551181102364 56.125984251968504 13.88976377952756 autant
90.70866141732283 479.90551181102364 39.118110236220474 13.88976377952756 les
113.10236220472441 479.90551181102364 72.85039370078741 13.88976377952756 exigences
169.22834645669292 479.90551181102364 33.732283464566926 13.88976377952756 de
185.95275590551182 479.90551181102364 72.85039370078741 13.88976377952756 l’époque.
236.40944881889763 479.90551181102364 39.118110236220474 13.88976377952756 Ainsi

23.244094488188978 492.37795275590554 42.803149606299215 15.023622047244094 dans
50.173228346456696 492.37795275590554 48.188976377952756 15.023622047244094 leurs
82.20472440944881 492.37795275590554 58.960629921259844 15.023622047244094 œuvres,
125.29133858267717 492.37795275590554 32.31496062992126 15.023622047244094 le
141.4488188976378 492.37795275590554 75.11811023622047 15.023622047244094 laconisme,
195.0236220472441 492.37795275590554 80.50393700787401 15.023622047244094 l’expressivié

23.244094488188978 503.43307086614175 33.732283464566926 13.32283464566929 et
40.25196850393701 503.43307086614175 33.732283464566926 13.32283464566929 la
56.976377952755904 503.43307086614175 67.46456692913385 13.32283464566929 sobriété
107.43307086614173 503.43307086614175 84.18897637795276 13.32283464566929 monumentale
174.89763779527559 503.43307086614175 33.732283464566926 13.32283464566929 de
191.90551181102362 503.43307086614175 33.732283464566926 13.32283464566929 la
208.62992125984252 503.43307086614175 50.45669291338583 13.32283464566929 forme
236.69291338582678 503.43307086614175 39.40157480314961 13.32283464566929 artis

23.811023622047244 515.3385826771654 46.20472440944882 12.188976377952756 tique
54.70866141732284 515.3385826771654 25.79527559055118 12.188976377952756 —
64.91338582677166 515.3385826771654 51.30708661417323 12.188976377952756 telles
100.91338582677166 515.3385826771654 36.0 12.188976377952756 les
121.60629921259843 515.3385826771654 82.20472440944881 12.188976377952756 compositions
188.50393700787401 515.3385826771654 30.89763779527559 12.188976377952756 du
203.81102362204723 515.3385826771654 56.69291338582677 12.188976377952756 peintre
239.81102362204723 515.3385826771654 36.0 12.188976377952756 Gatze

23.52755905511811 528.3779527559055 30.330708661417322 13.32283464566929 et
38.83464566929134 528.3779527559055 35.43307086614173 13.32283464566929 les
58.960629921259844 528.3779527559055 70.58267716535433 13.32283464566929 sculptures
114.51968503937007 528.3779527559055 30.330708661417322 13.32283464566929 de
129.54330708661416 528.3779527559055 65.76377952755905 13.32283464566929 Damianov,
180.0 528.3779527559055 30.330708661417322 13.32283464566929 ou
195.30708661417322 528.3779527559055 30.330708661417322 13.32283464566929 le
205.51181102362204 528.3779527559055 70.58267716535433 13.32283464566929 primitivisme

22.96062992125984 539.4330708661417 33.732283464566926 16.440944881889763 du
39.968503937007874 539.4330708661417 50.74015748031496 16.440944881889763 style
73.7007874015748 539.4330708661417 33.732283464566926 16.440944881889763 de
90.4251968503937 539.4330708661417 33.732283464566926 16.440944881889763 la
107.43307086614173 539.4330708661417 62.07874015748032 16.440944881889763 chanson
152.50393700787401 539.4330708661417 78.80314960629921 16.440944881889763 populaire,
214.58267716535434 539.4330708661417 56.40944881889764 16.440944881889763 telles
248.31496062992127 539.4330708661417 28.062992125984252 16.440944881889763 les

22.677165354330707 550.7716535433071 52.724409448818896 12.188976377952756 œuvres
59.811023622047244 550.7716535433071 73.98425196850394 12.188976377952756 graphiques
117.63779527559055 550.7716535433071 31.748031496062993 12.188976377952756 de
133.51181102362204 550.7716535433071 68.5984251968504 12.188976377952756 Grivichka
186.51968503937007 550.7716535433071 26.362204724409448 12.188976377952756 —
197.00787401574803 550.7716535433071 42.23622047244095 12.188976377952756 sont
217.98425196850394 550.7716535433071 58.110236220472444 12.188976377952756 familiers

23.244094488188978 563.2440944881889 26.362204724409448 14.740157480314961 à
34.01574803149607 563.2440944881889 42.23622047244095 14.740157480314961 tout
60.37795275590551 563.2440944881889 63.21259842519685 14.740157480314961 Bulgare.
107.71653543307086 563.2440944881889 36.8503937007874 14.740157480314961 Ils
128.9763779527559 563.2440944881889 31.748031496062993 14.740157480314961 le
144.8503937007874 563.2440944881889 52.724409448818896 14.740157480314961 seront
181.70078740157481 563.2440944881889 47.62204724409449 14.740157480314961 aussi
213.4488188976378 563.2440944881889 26.362204724409448 14.740157480314961 à
223.93700787401573 563.2440944881889 42.23622047244095 14.740157480314961 tous
244.91338582677164 563.2440944881889 31.748031496062993 14.740157480314961 ceux

23.52755905511811 575.1496062992126 38.83464566929134 13.88976377952756 pour
47.90551181102362 575.1496062992126 34.01574803149607 13.88976377952756 qui
67.18110236220473 575.1496062992126 43.653543307086615 13.88976377952756 l’art
96.37795275590551 575.1496062992126 43.653543307086615 13.88976377952756 n’est
125.5748031496063 575.1496062992126 63.21259842519685 13.88976377952756 nullement
174.33070866141733 575.1496062992126 29.19685039370079 13.88976377952756 un
188.78740157480314 575.1496062992126 34.01574803149607 13.88976377952756 jeu
208.3464566929134 575.1496062992126 58.39370078740158 13.88976377952756 gratuit,
247.1811023622047 575.1496062992126 29.19685039370079 13.88976377952756 mais

22.677165354330707 586.7716535433071 36.28346456692913 13.88976377952756 un
40.818897637795274 586.7716535433071 54.425196850393704 13.88976377952756 moyen
77.10236220472441 586.7716535433071 36.28346456692913 13.88976377952756 de
95.24409448818898 586.7716535433071 66.61417322834646 13.88976377952756 progrès
143.43307086614172 586.7716535433071 72.56692913385827 13.88976377952756 culturel
198.14173228346456 586.7716535433071 36.28346456692913 13.88976377952756 et
216.28346456692913 586.7716535433071 36.28346456692913 13.88976377952756 de
228.18897637795277 586.7716535433071 48.47244094488189 13.88976377952756 compré

22.677165354330707 599.5275590551181 61.511811023622045 16.440944881889763 hension
67.46456692913385 599.5275590551181 50.45669291338583 16.440944881889763 entre
101.19685039370079 599.5275590551181 39.118110236220474 16.440944881889763 les
123.59055118110236 599.5275590551181 56.125984251968504 16.440944881889763 hommes
162.70866141732284 599.5275590551181 33.732283464566926 16.440944881889763 et
179.43307086614172 599.5275590551181 39.118110236220474 16.440944881889763 les
196.44094488188978 599.5275590551181 56.125984251968504 16.440944881889763 peuples.

190.20472440944883 620.2204724409448 56.125984251968504 17.007874015748033 Dimitre
225.92125984251967 620.2204724409448 51.023622047244096 17.007874015748033 Avramo).

14.740157480314961 645.4488188976378 25.511811023622048 13.606299212598426 34
