301.03937007874015 669.2598425196851
9.921259842519685 22.677165354330707 67.46456692913385 18.708661417322833 RANCE

23.244094488188978 60.09448818897638 41.10236220472441 18.4251968503937 45
50.74015748031496 60.09448818897638 64.06299212598425 18.4251968503937 EQUIPEMENT
100.91338582677166 60.09448818897638 54.99212598425197 18.4251968503937 CULTUREL
142.29921259842519 60.09448818897638 64.06299212598425 18.4251968503937 MOBILE
192.4724409448819 60.09448818897638 59.52755905511811 18.4251968503937 (maquette
238.39370078740157 60.09448818897638 27.496062992125985 18.4251968503937 et
247.46456692913387 60.09448818897638 27.496062992125985 18.4251968503937 pro

15.590551181102363 69.16535433070867 303.59055118110234 15.874015748031496 totype).

36.56692913385827 83.62204724409449 76.81889763779527 20.409448818897637 L’équipement
98.92913385826772 83.62204724409449 57.54330708661417 20.409448818897637 culturel
142.01574803149606 83.62204724409449 47.90551181102362 20.409448818897637 mobile
175.748031496063 83.62204724409449 47.90551181102362 20.409448818897637 répond
209.1968503937008 83.62204724409449 33.44881889763779 20.409448818897637 aux
223.6535433070866 83.62204724409449 52.724409448818896 20.409448818897637 exigences

36.28346456692913 95.5275590551181 62.36220472440945 17.858267716535433 nouvelles
84.18897637795276 95.5275590551181 28.913385826771652 17.858267716535433 de
98.64566929133858 95.5275590551181 72.0 17.858267716535433 l’animation
156.18897637795277 95.5275590551181 67.18110236220473 17.858267716535433 culturelle
208.91338582677164 95.5275590551181 57.54330708661417 17.858267716535433 comprise
247.1811023622047 95.5275590551181 28.913385826771652 17.858267716535433 dans

36.28346456692913 104.31496062992126 29.763779527559056 17.291338582677167 son
53.29133858267716 104.31496062992126 34.01574803149607 17.291338582677167 sens
74.55118110236221 104.31496062992126 25.511811023622048 17.291338582677167 le
87.30708661417323 104.31496062992126 34.01574803149607 17.291338582677167 plus
108.56692913385827 104.31496062992126 42.51968503937008 17.291338582677167 large.
138.33070866141733 104.31496062992126 34.01574803149607 17.291338582677167 Lieu
159.8740157480315 104.31496062992126 25.511811023622048 17.291338582677167 de
172.62992125984252 104.31496062992126 55.275590551181104 17.291338582677167 rencontre
215.1496062992126 104.31496062992126 25.511811023622048 17.291338582677167 et
223.6535433070866 104.31496062992126 51.023622047244096 17.291338582677167 d’échange.

35.43307086614173 115.65354330708661 32.881889763779526 17.291338582677167 son
54.425196850393704 115.65354330708661 47.05511811023622 17.291338582677167 volume
87.30708661417323 115.65354330708661 61.22834645669291 17.291338582677167 intérieur
134.36220472440945 115.65354330708661 32.881889763779526 17.291338582677167 est
153.35433070866142 115.65354330708661 66.04724409448819 17.291338582677167 modifiable
205.22834645669292 115.65354330708661 28.346456692913385 17.291338582677167 en
214.58267716535434 115.65354330708661 61.22834645669291 17.291338582677167 permanence,

35.43307086614173 125.00787401574803 71.71653543307086 16.15748031496063 permettant
91.55905511811024 125.00787401574803 40.818897637795274 16.15748031496063 dans
117.35433070866142 125.00787401574803 35.71653543307087 16.15748031496063 des
137.76377952755905 125.00787401574803 71.71653543307086 16.15748031496063 conditions
193.88976377952756 125.00787401574803 51.023622047244096 16.15748031496063 optima
229.88976377952756 125.00787401574803 40.818897637795274 16.15748031496063 tous
250.29921259842519 125.00787401574803 25.511811023622048 16.15748031496063 les

35.1496062992126 133.22834645669292 40.53543307086614 17.5748031496063 types
62.36220472440945 133.22834645669292 27.212598425196852 17.5748031496063 de
75.68503937007874 133.22834645669292 54.14173228346457 17.5748031496063 rapports
116.50393700787401 133.22834645669292 40.53543307086614 17.5748031496063 entre
143.43307086614172 133.22834645669292 49.60629921259842 17.5748031496063 objets,
179.71653543307087 133.22834645669292 58.67716535433071 17.5748031496063 individus
224.78740157480314 133.22834645669292 27.212598425196852 17.5748031496063 et
233.85826771653544 133.22834645669292 40.53543307086614 17.5748031496063 groupes

35.43307086614173 141.16535433070865 44.22047244094488 18.992125984251967 Conçu
64.62992125984252 141.16535433070865 24.37795275590551 18.992125984251967 à
74.55118110236221 141.16535433070865 49.039370078740156 18.992125984251967 partir
108.85039370078741 141.16535433070865 39.118110236220474 18.992125984251967 d’un
133.51181102362204 141.16535433070865 49.039370078740156 18.992125984251967 module
167.81102362204723 141.16535433070865 29.480314960629922 18.992125984251967 de
182.26771653543307 141.16535433070865 34.2992125984252 18.992125984251967 230
202.11023622047244 141.16535433070865 49.039370078740156 18.992125984251967 mêtres
231.30708661417322 141.16535433070865 44.22047244094488 18.992125984251967 (module

34.86614173228347 153.35433070866142 52.724409448818896 16.440944881889763 optimum
73.13385826771653 153.35433070866142 47.90551181102362 16.440944881889763 commun
106.58267716535433 153.35433070866142 33.44881889763779 16.440944881889763 aux
125.85826771653544 153.35433070866142 66.89763779527559 16.440944881889763 différents
178.29921259842519 153.35433070866142 43.08661417322835 16.440944881889763 types
202.39370078740157 153.35433070866142 71.71653543307086 16.440944881889763 d’activités),

35.1496062992126 161.00787401574803 76.81889763779527 18.141732283464567 l’équipement
97.79527559055119 161.00787401574803 57.826771653543304 18.141732283464567 culturel
140.88188976377953 161.00787401574803 48.188976377952756 18.141732283464567 mobile
174.61417322834646 161.00787401574803 33.732283464566926 18.141732283464567 est
193.88976377952756 161.00787401574803 62.36220472440945 18.141732283464567 constitué
241.79527559055117 161.00787401574803 33.732283464566926 18.141732283464567 par
256.251968503937 161.00787401574803 19.275590551181104 18.141732283464567 la

34.58267716535433 170.36220472440945 78.80314960629921 16.724409448818896 juxtaposition
99.49606299212599 170.36220472440945 27.77952755905512 16.724409448818896 de
113.38582677165354 170.36220472440945 64.91338582677166 16.724409448818896 trente-six
164.40944881889763 170.36220472440945 51.023622047244096 16.724409448818896 modules
201.25984251968504 170.36220472440945 27.77952755905512 16.724409448818896 (6
215.1496062992126 170.36220472440945 23.244094488188978 16.724409448818896 x
224.50393700787401 170.36220472440945 27.77952755905512 16.724409448818896 6)
233.85826771653544 170.36220472440945 41.669291338582674 16.724409448818896 mobiles

35.1496062992126 180.8503937007874 90.99212598425197 16.724409448818896 individuellement
112.53543307086615 180.8503937007874 49.889763779527556 16.724409448818896 suivant
148.8188976377953 180.8503937007874 27.212598425196852 16.724409448818896 un
162.4251968503937 180.8503937007874 31.748031496062993 16.724409448818896 axe
180.56692913385828 180.8503937007874 59.24409448818898 16.724409448818896 vertical.
221.66929133858267 180.8503937007874 54.425196850393704 16.724409448818896 Facilement

34.58267716535433 190.77165354330708 71.14960629921259 14.456692913385826 démontable,
91.55905511811024 190.77165354330708 33.16535433070866 14.456692913385826 et,
110.55118110236221 190.77165354330708 33.16535433070866 14.456692913385826 par
129.54330708661416 190.77165354330708 66.33070866141732 14.456692913385826 conséquent
181.70078740157481 190.77165354330708 71.14960629921259 14.456692913385826 déplaçable,
233.85826771653544 190.77165354330708 42.51968503937008 14.456692913385826 l’équi-

34.2992125984252 200.9763779527559 47.338582677165356 15.307086614173228 pement
67.46456692913385 200.9763779527559 56.69291338582677 15.307086614173228 culturel
109.98425196850394 200.9763779527559 47.338582677165356 15.307086614173228 mobile
143.1496062992126 200.9763779527559 37.7007874015748 15.307086614173228 sera
166.6771653543307 200.9763779527559 51.874015748031496 15.307086614173228 utilisé
204.66141732283464 200.9763779527559 37.7007874015748 15.307086614173228 pour
228.18897637795277 200.9763779527559 33.16535433070866 15.307086614173228 des
242.36220472440945 200.9763779527559 33.16535433070866 15.307086614173228 expé-

34.86614173228347 210.33070866141733 49.889763779527556 15.874015748031496 riences
71.14960629921259 210.33070866141733 68.03149606299213 15.874015748031496 d’animation
125.5748031496063 210.33070866141733 36.28346456692913 15.874015748031496 dans
148.251968503937 210.33070866141733 31.748031496062993 15.874015748031496 les
166.6771653543307 210.33070866141733 54.425196850393704 15.874015748031496 endroits
207.49606299212599 210.33070866141733 31.748031496062993 15.874015748031496 les
225.63779527559055 210.33070866141733 36.28346456692913 15.874015748031496 plus
243.7795275590551 210.33070866141733 31.748031496062993 15.874015748031496 défa-

34.01574803149607 219.96850393700788 50.74015748031496 13.88976377952756 vorisés:
72.0 219.96850393700788 37.98425196850393 13.88976377952756 lieux
97.51181102362204 219.96850393700788 25.228346456692915 13.88976377952756 de
109.98425196850394 219.96850393700788 50.74015748031496 13.88976377952756 travail,
148.251968503937 219.96850393700788 59.24409448818898 13.88976377952756 banlieues,
194.74015748031496 219.96850393700788 46.488188976377955 13.88976377952756 petites
228.4724409448819 219.96850393700788 46.488188976377955 13.88976377952756 villes;
257.9527559055118 219.96850393700788 17.007874015748033 13.88976377952756 il

33.732283464566926 229.88976377952756 38.55118110236221 14.173228346456693 peut
57.826771653543304 229.88976377952756 38.55118110236221 14.173228346456693 être
81.92125984251969 229.88976377952756 48.188976377952756 14.173228346456693 monté,
115.65354330708661 229.88976377952756 38.55118110236221 14.173228346456693 soit
139.748031496063 229.88976377952756 38.55118110236221 14.173228346456693 dans
164.1259842519685 229.88976377952756 28.913385826771652 14.173228346456693 un
178.58267716535434 229.88976377952756 48.188976377952756 14.173228346456693 espace
212.31496062992127 229.88976377952756 53.00787401574803 14.173228346456693 couvert
246.04724409448818 229.88976377952756 28.913385826771652 14.173228346456693 pré-

34.01574803149607 239.5275590551181 50.74015748031496 13.32283464566929 existant
72.0 239.5275590551181 42.23622047244095 13.32283464566929 (hall,
101.76377952755905 239.5275590551181 37.98425196850393 13.32283464566929 salle
127.2755905511811 239.5275590551181 29.763779527559056 13.32283464566929 des
144.0 239.5275590551181 42.23622047244095 13.32283464566929 fêtes,
173.76377952755905 239.5275590551181 54.99212598425197 13.32283464566929 atelier),
216.0 239.5275590551181 33.732283464566926 13.32283464566929 soit
237.25984251968504 239.5275590551181 25.511811023622048 13.32283464566929 en
245.76377952755905 239.5275590551181 29.763779527559056 13.32283464566929 plein

33.16535433070866 246.89763779527559 36.56692913385827 16.440944881889763 air;
55.84251968503937 246.89763779527559 27.496062992125985 16.440944881889763 il
69.73228346456693 246.89763779527559 32.031496062992126 16.440944881889763 est
87.8740157480315 246.89763779527559 41.10236220472441 16.440944881889763 alors
115.37007874015748 246.89763779527559 45.63779527559055 16.440944881889763 abrité
147.11811023622047 246.89763779527559 32.031496062992126 16.440944881889763 par
165.54330708661416 246.89763779527559 32.031496062992126 16.440944881889763 une
183.68503937007873 246.89763779527559 59.24409448818898 16.440944881889763 enveloppe
224.78740157480314 246.89763779527559 50.173228346456696 16.440944881889763 gonflable

33.732283464566926 255.96850393700788 61.79527559055118 12.755905511811024 maintenue
81.35433070866142 255.96850393700788 28.62992125984252 12.755905511811024 en
90.99212598425197 255.96850393700788 66.61417322834646 12.755905511811024 surpression.

33.732283464566926 266.1732283464567 62.645669291338585 16.15748031496063 Utilisant
81.92125984251969 266.1732283464567 33.732283464566926 16.15748031496063 des
101.19685039370079 266.1732283464567 67.46456692913385 16.15748031496063 techniques
154.20472440944883 266.1732283464567 81.92125984251969 16.15748031496063 industrielles
217.13385826771653 266.1732283464567 57.826771653543304 16.15748031496063 nouvelles,

33.44881889763779 274.96062992125985 77.10236220472441 16.440944881889763 l’équipement
96.09448818897638 274.96062992125985 57.826771653543304 16.440944881889763 culturel
139.46456692913387 274.96062992125985 48.188976377952756 16.440944881889763 mobile
173.48031496062993 274.96062992125985 33.732283464566926 16.440944881889763 est
187.93700787401573 274.96062992125985 86.74015748031496 16.440944881889763 particulièrement

27.496062992125985 284.31496062992125 66.33070866141732 13.88976377952756 économique.

27.77952755905512 299.62204724409446 70.86614173228347 13.88976377952756 Responsable:

33.16535433070866 311.244094488189 84.75590551181102 18.4251968503937 Maurice-Henri
105.16535433070867 311.244094488189 54.99212598425197 18.4251968503937 LENA
147.68503937007873 311.244094488189 25.511811023622048 18.4251968503937 né
160.15748031496062 311.244094488189 25.511811023622048 18.4251968503937 en
172.91338582677164 311.244094488189 34.01574803149607 18.4251968503937 1942
194.17322834645668 311.244094488189 21.25984251968504 18.4251968503937 à
202.6771653543307 311.244094488189 42.23622047244095 18.4251968503937 Tarbes
228.18897637795277 311.244094488189 46.488188976377955 18.4251968503937 (France).

28.062992125984252 323.43307086614175 100.34645669291339 13.606299212598426 Architecte

33.16535433070866 338.74015748031496 49.889763779527556 13.88976377952756 Henri
70.58267716535433 338.74015748031496 66.61417322834646 13.88976377952756 BRESLER
124.7244094488189 338.74015748031496 24.944881889763778 13.88976377952756 né
137.1968503937008 338.74015748031496 24.944881889763778 13.88976377952756 en
149.66929133858267 338.74015748031496 33.16535433070866 13.88976377952756 1942
170.36220472440945 338.74015748031496 20.69291338582677 13.88976377952756 à
178.86614173228347 338.74015748031496 37.41732283464567 13.88976377952756 Paris
203.81102362204723 338.74015748031496 54.14173228346457 13.88976377952756 (France).
241.22834645669292 338.74015748031496 33.16535433070866 13.88976377952756 Archi

27.496062992125985 348.37795275590554 91.84251968503936 15.023622047244094 tecte

32.31496062992126 362.26771653543307 53.574803149606296 18.4251968503937 Benoît
73.41732283464567 362.26771653543307 65.76377952755905 18.4251968503937 JULLIEN
126.70866141732283 362.26771653543307 24.661417322834644 18.4251968503937 né
139.1811023622047 362.26771653543307 24.661417322834644 18.4251968503937 en
151.37007874015748 362.26771653543307 32.881889763779526 18.4251968503937 1942
172.06299212598427 362.26771653543307 20.69291338582677 18.4251968503937 à
180.28346456692913 362.26771653543307 37.13385826771653 18.4251968503937 Paris
204.9448818897638 362.26771653543307 53.574803149606296 18.4251968503937 (France).
241.79527559055117 362.26771653543307 32.881889763779526 18.4251968503937 Archi

27.212598425196852 373.03937007874015 78.51968503937007 13.88976377952756 tecte

18.141732283464567 395.43307086614175 38.267716535433074 18.141732283464567 46
43.653543307086615 395.43307086614175 38.267716535433074 18.141732283464567 ETUDE
68.88188976377953 395.43307086614175 67.74803149606299 18.141732283464567 FORMELLE
119.90551181102362 395.43307086614175 54.99212598425197 18.141732283464567 (maquette).

31.748031496062993 411.87401574803147 50.45669291338583 16.440944881889763 Partant
68.31496062992126 411.87401574803147 36.56692913385827 16.440944881889763 d’un
91.2755905511811 411.87401574803147 45.92125984251968 16.440944881889763 module
123.30708661417323 411.87401574803147 27.496062992125985 16.440944881889763 de
136.91338582677164 411.87401574803147 36.56692913385827 16.440944881889763 base
159.8740157480315 411.87401574803147 59.52755905511811 16.440944881889763 (triangle
201.25984251968504 411.87401574803147 73.13385826771653 16.440944881889763 trirectangle),

31.748031496062993 423.496062992126 38.83464566929134 14.173228346456693 notre
57.54330708661417 423.496062992126 30.330708661417322 14.173228346456693 but
74.83464566929133 423.496062992126 30.330708661417322 14.173228346456693 est
92.40944881889764 423.496062992126 26.078740157480315 14.173228346456693 de
105.16535433070867 423.496062992126 56.40944881889764 14.173228346456693 découvrir
148.53543307086613 423.496062992126 30.330708661417322 14.173228346456693 par
165.82677165354332 423.496062992126 26.078740157480315 14.173228346456693 la
178.86614173228347 423.496062992126 56.40944881889764 14.173228346456693 recherche
222.23622047244095 423.496062992126 26.078740157480315 14.173228346456693 et
230.74015748031496 423.496062992126 43.37007874015748 14.173228346456693 l’inves-

30.330708661417322 432.0 58.39370078740158 14.740157480314961 tigation
74.26771653543307 432.0 48.75590551181102 14.740157480314961 toutes
108.28346456692914 432.0 34.01574803149607 14.740157480314961 les
127.84251968503936 432.0 48.75590551181102 14.740157480314961 formes
161.85826771653544 432.0 77.95275590551181 14.740157480314961 géométriques
220.53543307086613 432.0 53.574803149606296 14.740157480314961 découlant

30.04724409448819 443.33858267716533 28.062992125984252 15.590551181102363 du
44.22047244094488 443.33858267716533 46.77165354330709 15.590551181102363 nombre
77.10236220472441 443.33858267716533 79.65354330708661 15.590551181102363 combinatoire,
142.58267716535434 443.33858267716533 42.23622047244095 15.590551181102363 ainsi
170.64566929133858 443.33858267716533 32.881889763779526 15.590551181102363 que
189.35433070866142 443.33858267716533 70.2992125984252 15.590551181102363 d’expliquer
240.9448818897638 443.33858267716533 32.881889763779526 15.590551181102363 pour-

30.04724409448819 452.40944881889766 40.53543307086614 13.32283464566929 quoi
55.275590551181104 452.40944881889766 30.330708661417322 13.32283464566929 et
70.58267716535433 452.40944881889766 55.55905511811024 13.32283464566929 comment
111.11811023622047 452.40944881889766 40.53543307086614 13.32283464566929 nous
136.3464566929134 452.40944881889766 35.43307086614173 13.32283464566929 les
156.75590551181102 452.40944881889766 45.63779527559055 13.32283464566929 avons
181.98425196850394 452.40944881889766 70.86614173228347 13.32283464566929 découvertes.

30.614173228346456 460.62992125984255 39.68503937007874 12.188976377952756 Nous
55.275590551181104 460.62992125984255 54.70866141732284 12.188976377952756 voulons
94.96062992125984 460.62992125984255 44.78740157480315 12.188976377952756 notre
124.7244094488189 460.62992125984255 44.78740157480315 12.188976377952756 étude
154.48818897637796 460.62992125984255 59.52755905511811 12.188976377952756 formelle
199.2755905511811 460.62992125984255 29.763779527559056 12.188976377952756 et
214.01574803149606 460.62992125984255 54.70866141732284 12.188976377952756 n’avons
248.88188976377953 460.62992125984255 24.944881889763778 12.188976377952756 pas

29.480314960629922 470.8346456692913 54.14173228346457 12.472440944881889 envisagé
70.2992125984252 470.8346456692913 31.748031496062993 12.472440944881889 les
88.15748031496064 470.8346456692913 67.74803149606299 12.472440944881889 éventuelles
142.58267716535434 470.8346456692913 72.28346456692914 12.472440944881889 applications
201.25984251968504 470.8346456692913 36.28346456692913 12.472440944881889 pour
219.4015748031496 470.8346456692913 54.14173228346457 12.472440944881889 l’instant.

30.04724409448819 480.4724409448819 38.267716535433074 11.338582677165354 Nous
53.85826771653543 480.4724409448819 57.25984251968504 11.338582677165354 espérons
96.94488188976378 480.4724409448819 57.25984251968504 11.338582677165354 apporter
140.03149606299212 480.4724409448819 33.44881889763779 11.338582677165354 par
159.0236220472441 480.4724409448819 43.08661417322835 11.338582677165354 cette
187.93700787401573 480.4724409448819 43.08661417322835 11.338582677165354 étude
216.56692913385828 480.4724409448819 33.44881889763779 11.338582677165354 une
230.74015748031496 480.4724409448819 43.08661417322835 11.338582677165354 contri-

29.480314960629922 489.25984251968504 49.60629921259842 11.905511811023622 bution
64.34645669291339 489.25984251968504 29.763779527559056 11.905511811023622 au
79.37007874015748 489.25984251968504 59.811023622047244 11.905511811023622 problème
124.15748031496064 489.25984251968504 29.763779527559056 11.905511811023622 du
138.89763779527559 489.25984251968504 84.4724409448819 11.905511811023622 développement
208.62992125984252 489.25984251968504 29.763779527559056 11.905511811023622 et
223.6535433070866 489.25984251968504 29.763779527559056 11.905511811023622 de
233.5748031496063 489.25984251968504 39.68503937007874 11.905511811023622 l’évo-

30.04724409448819 499.46456692913387 46.488188976377955 11.905511811023622 lution
62.36220472440945 499.46456692913387 32.59842519685039 11.905511811023622 des
81.07086614173228 499.46456692913387 46.488188976377955 11.905511811023622 formes
113.38582677165354 499.46456692913387 69.44881889763779 11.905511811023622 structurées
169.22834645669292 499.46456692913387 37.13385826771653 11.905511811023622 dans
187.6535433070866 499.46456692913387 51.023622047244096 11.905511811023622 l’espace.

24.37795275590551 513.0708661417323 70.86614173228347 13.606299212598426 Responsable:

30.04724409448819 523.8425196850394 51.874015748031496 16.724409448818896 Michel
70.01574803149606 523.8425196850394 51.874015748031496 16.724409448818896 GUET
109.7007874015748 523.8425196850394 23.811023622047244 16.724409448818896 né
121.60629921259843 523.8425196850394 23.811023622047244 16.724409448818896 en
133.79527559055117 523.8425196850394 32.031496062992126 16.724409448818896 1948
153.63779527559055 523.8425196850394 19.84251968503937 16.724409448818896 à
161.5748031496063 523.8425196850394 32.031496062992126 16.724409448818896 Oran
181.41732283464566 523.8425196850394 55.84251968503937 16.724409448818896 (Algérie).
221.38582677165354 523.8425196850394 51.874015748031496 16.724409448818896 Conception

25.511811023622048 536.8818897637796 57.54330708661417 12.188976377952756 réalisation.

29.19685039370079 550.2047244094488 56.69291338582677 14.456692913385826 Michel
72.56692913385827 550.2047244094488 87.30708661417323 14.456692913385826 MAKUCHOWSKI
146.83464566929135 550.2047244094488 26.078740157480315 14.456692913385826 né
159.8740157480315 550.2047244094488 26.078740157480315 14.456692913385826 en
172.91338582677164 550.2047244094488 34.86614173228347 14.456692913385826 1947
194.74015748031496 550.2047244094488 21.826771653543307 14.456692913385826 à
203.5275590551181 550.2047244094488 39.118110236220474 14.456692913385826 Paris
225.35433070866142 550.2047244094488 47.90551181102362 14.456692913385826 (France).

24.094488188976378 562.1102362204724 109.13385826771653 13.88976377952756 Conception

14.456692913385826 581.1023622047244 39.118110236220474 17.291338582677167 47
40.53543307086614 581.1023622047244 43.37007874015748 17.291338582677167 GARAGE
70.86614173228347 581.1023622047244 78.23622047244095 17.291338582677167 CELLULAIRE
131.5275590551181 581.1023622047244 56.40944881889764 17.291338582677167 (maquette).

27.496062992125985 594.4251968503937 43.37007874015748 15.023622047244094 Ecole
56.40944881889764 594.4251968503937 33.732283464566926 15.023622047244094 des
75.68503937007874 594.4251968503937 67.46456692913385 15.023622047244094 Beaux-Arts
128.69291338582678 594.4251968503937 28.913385826771652 15.023622047244094 de
138.33070866141733 594.4251968503937 53.00787401574803 15.023622047244094 Besançon.

27.77952755905512 609.4488188976378 53.85826771653543 15.874015748031496 L’étude
66.89763779527559 609.4488188976378 24.37795275590551 15.874015748031496 a
76.81889763779527 609.4488188976378 39.118110236220474 15.874015748031496 pour
101.19685039370079 609.4488188976378 34.2992125984252 15.874015748031496 but
120.75590551181102 609.4488188976378 29.480314960629922 15.874015748031496 de
135.49606299212599 609.4488188976378 53.85826771653543 15.874015748031496 définir
174.61417322834646 609.4488188976378 29.480314960629922 15.874015748031496 un
189.35433070866142 609.4488188976378 49.039370078740156 15.874015748031496 garage
218.83464566929135 609.4488188976378 53.85826771653543 15.874015748031496 répondant

27.212598425196852 619.9370078740158 34.58267716535433 12.472440944881889 aux
46.77165354330709 619.9370078740158 54.425196850393704 12.472440944881889 données
81.63779527559055 619.9370078740158 59.24409448818898 12.472440944881889 suivantes:

7.086614173228346 641.1968503937007 27.77952755905512 15.307086614173228 156
