301.03937007874015 669.2598425196851
0.5669291338582677 20.409448818897637 78.23622047244095 17.858267716535433 FRANCE

26.362204724409448 54.70866141732284 39.68503937007874 17.858267716535433 58
53.00787401574803 54.70866141732284 83.62204724409449 17.858267716535433 SENSIBILISATION
123.30708661417323 54.70866141732284 22.11023622047244 17.858267716535433 A
132.09448818897638 54.70866141732284 70.58267716535433 17.858267716535433 L’ESPACE
185.10236220472441 54.70866141732284 57.25984251968504 17.858267716535433 (panneaux).

39.40157480314961 73.13385826771653 27.496062992125985 18.4251968503937 Se
53.00787401574803 73.13385826771653 73.41732283464567 18.4251968503937 sensibiliser
112.53543307086615 73.13385826771653 22.96062992125984 18.4251968503937 à
121.88976377952756 73.13385826771653 59.52755905511811 18.4251968503937 l’espace,
167.5275590551181 73.13385826771653 27.496062992125985 18.4251968503937 ce
181.41732283464566 73.13385826771653 41.10236220472441 18.4251968503937 n’est
208.91338582677164 73.13385826771653 32.031496062992126 18.4251968503937 pas
227.0551181102362 73.13385826771653 45.92125984251968 18.4251968503937 donner
254.5511811023622 73.13385826771653 22.96062992125984 18.4251968503937 une

39.40157480314961 85.88976377952756 61.79527559055118 12.472440944881889 définition
87.8740157480315 85.88976377952756 26.362204724409448 12.472440944881889 de
101.19685039370079 85.88976377952756 57.25984251968504 12.472440944881889 l’espace,
145.41732283464566 85.88976377952756 26.362204724409448 12.472440944881889 ce
158.45669291338584 85.88976377952756 39.68503937007874 12.472440944881889 n’est
185.10236220472441 85.88976377952756 30.89763779527559 12.472440944881889 pas
202.6771653543307 85.88976377952756 30.89763779527559 12.472440944881889 non
220.251968503937 85.88976377952756 35.1496062992126 12.472440944881889 plus
237.82677165354332 85.88976377952756 39.68503937007874 12.472440944881889 unique-

39.40157480314961 96.37795275590551 38.83464566929134 13.88976377952756 ment
63.77952755905512 96.37795275590551 63.21259842519685 13.88976377952756 expliquer
112.25196850393701 96.37795275590551 53.29133858267716 13.88976377952756 comment
151.08661417322836 96.37795275590551 29.19685039370079 13.88976377952756 on
165.54330708661416 96.37795275590551 53.29133858267716 13.88976377952756 perçoit
204.3779527559055 96.37795275590551 63.21259842519685 13.88976377952756 l’espace,
248.03149606299212 96.37795275590551 29.19685039370079 13.88976377952756 mais

39.68503937007874 104.88188976377953 49.32283464566929 11.338582677165354 prendre
75.68503937007874 104.88188976377953 62.92913385826772 11.338582677165354 conscience
125.00787401574803 104.88188976377953 26.929133858267715 11.338582677165354 de
138.33070866141733 104.88188976377953 67.18110236220473 11.338582677165354 l’existence
192.18897637795277 104.88188976377953 26.929133858267715 11.338582677165354 de
205.79527559055117 104.88188976377953 53.85826771653543 11.338582677165354 certains
241.51181102362204 104.88188976377953 36.0 11.338582677165354 phéno-

39.68503937007874 115.37007874015748 43.93700787401575 13.606299212598426 mènes,
70.58267716535433 115.37007874015748 30.89763779527559 13.606299212598426 qui
88.15748031496064 115.37007874015748 35.1496062992126 13.606299212598426 font
110.26771653543307 115.37007874015748 39.68503937007874 13.606299212598426 qu’il
136.62992125984252 115.37007874015748 43.93700787401575 13.606299212598426 existe
167.5275590551181 115.37007874015748 26.362204724409448 13.606299212598426 un
180.8503937007874 115.37007874015748 43.93700787401575 13.606299212598426 espace
211.748031496063 115.37007874015748 30.89763779527559 13.606299212598426 que
229.3228346456693 115.37007874015748 35.1496062992126 13.606299212598426 l’on
246.89763779527559 115.37007874015748 30.89763779527559 13.606299212598426 subit

38.83464566929134 125.00787401574803 29.480314960629922 9.921259842519685 et
53.574803149606296 125.00787401574803 29.480314960629922 9.921259842519685 un
68.03149606299213 125.00787401574803 49.039370078740156 9.921259842519685 espace
102.33070866141732 125.00787401574803 63.496062992125985 9.921259842519685 découvert
151.37007874015748 125.00787401574803 34.2992125984252 9.921259842519685 par
165.82677165354332 125.00787401574803 49.039370078740156 9.921259842519685 l’homme.

38.267716535433074 133.22834645669292 47.90551181102362 10.488188976377952 Quels
70.2992125984252 133.22834645669292 42.51968503937008 10.488188976377952 sont
96.94488188976378 133.22834645669292 37.41732283464567 10.488188976377952 ces
113.10236220472441 133.22834645669292 69.44881889763779 10.488188976377952 phénomènes?

39.68503937007874 142.58267716535434 38.83464566929134 12.472440944881889 Notre
65.48031496062993 142.58267716535434 56.125984251968504 12.472440944881889 intention
108.85039370078741 142.58267716535434 34.58267716535433 12.472440944881889 est,
130.39370078740157 142.58267716535434 21.543307086614174 12.472440944881889 à
139.1811023622047 142.58267716535434 43.37007874015748 12.472440944881889 l’aide
169.51181102362204 142.58267716535434 26.078740157480315 12.472440944881889 de
182.26771653543307 142.58267716535434 73.41732283464567 12.472440944881889 diapositives,
242.9291338582677 142.58267716535434 26.078740157480315 12.472440944881889 de
251.43307086614172 142.58267716535434 26.078740157480315 12.472440944881889 per-

39.118110236220474 153.92125984251967 43.37007874015748 15.023622047244094 mettre
69.44881889763779 153.92125984251967 21.543307086614174 15.023622047244094 à
77.95275590551181 153.92125984251967 73.7007874015748 15.023622047244094 l’observateur
138.89763779527559 153.92125984251967 26.078740157480315 15.023622047244094 de
151.6535433070866 153.92125984251967 64.91338582677166 15.023622047244094 redécouvrir
203.81102362204723 153.92125984251967 52.15748031496063 15.023622047244094 certains
238.39370078740157 153.92125984251967 39.118110236220474 15.023622047244094 d’entre

38.83464566929134 163.2755905511811 35.43307086614173 13.88976377952756 eux.
60.94488188976378 163.2755905511811 30.89763779527559 13.88976377952756 Des
78.80314960629921 163.2755905511811 70.58267716535433 13.88976377952756 diapositives
136.06299212598427 163.2755905511811 61.79527559055118 13.88976377952756 d’exemples
184.8188976377953 163.2755905511811 35.43307086614173 13.88976377952756 pris
206.9291338582677 163.2755905511811 35.43307086614173 13.88976377952756 dans
229.03937007874015 163.2755905511811 26.64566929133858 13.88976377952756 la
237.82677165354332 163.2755905511811 39.68503937007874 13.88976377952756 nature,

38.267716535433074 171.7795275590551 26.64566929133858 13.039370078740157 de
51.59055118110236 171.7795275590551 48.75590551181102 13.039370078740157 paysage
87.02362204724409 171.7795275590551 75.4015748031496 13.039370078740157 architectural
149.10236220472441 171.7795275590551 26.64566929133858 13.039370078740157 et
162.4251968503937 171.7795275590551 48.75590551181102 13.039370078740157 urbain,
197.85826771653544 171.7795275590551 35.43307086614173 13.039370078740157 bien
219.96850393700788 171.7795275590551 39.968503937007874 13.039370078740157 qu’en
242.07874015748033 171.7795275590551 35.43307086614173 13.039370078740157 nombre

38.83464566929134 180.8503937007874 59.811023622047244 16.15748031496063 restreint,
85.60629921259843 180.8503937007874 29.763779527559056 16.15748031496063 par
102.89763779527559 180.8503937007874 34.01574803149607 16.15748031496063 leur
124.15748031496064 180.8503937007874 42.51968503937008 16.15748031496063 valeur
153.92125984251967 180.8503937007874 68.31496062992126 16.15748031496063 caricaturale
209.1968503937008 180.8503937007874 25.511811023622048 16.15748031496063 et
222.23622047244095 180.8503937007874 34.01574803149607 16.15748031496063 leur
239.24409448818898 180.8503937007874 38.267716535433074 16.15748031496063 montage

38.267716535433074 190.20472440944883 54.14173228346457 14.740157480314961 rendront
78.80314960629921 190.20472440944883 54.14173228346457 14.740157480314961 possible
119.62204724409449 190.20472440944883 31.46456692913386 14.740157480314961 une
137.48031496062993 190.20472440944883 40.53543307086614 14.740157480314961 telle
164.69291338582678 190.20472440944883 85.88976377952756 14.740157480314961 schématisation.
236.9763779527559 190.20472440944883 27.212598425196852 14.740157480314961 De
246.04724409448818 190.20472440944883 31.46456692913386 14.740157480314961 plus,

37.98425196850393 201.54330708661416 32.31496062992126 11.622047244094489 des
56.40944881889764 201.54330708661416 59.811023622047244 11.622047244094489 maquettes
102.33070866141732 201.54330708661416 59.811023622047244 11.622047244094489 composées
148.53543307086613 201.54330708661416 64.62992125984252 11.622047244094489 d’éléments
199.2755905511811 201.54330708661416 50.74015748031496 11.622047244094489 formant
231.30708661417322 201.54330708661416 46.20472440944882 11.622047244094489 certains

37.98425196850393 209.76377952755905 28.913385826771652 16.15748031496063 de
52.44094488188976 209.76377952755905 33.44881889763779 16.15748031496063 ces
71.71653543307086 209.76377952755905 72.0 16.15748031496063 phénomènes,
129.25984251968504 209.76377952755905 72.0 16.15748031496063 permettront
186.8031496062992 209.76377952755905 24.094488188976378 16.15748031496063 à
196.15748031496062 209.76377952755905 72.0 16.15748031496063 différentes
248.88188976377953 209.76377952755905 28.913385826771652 16.15748031496063 per-

37.98425196850393 219.4015748031496 47.05511811023622 12.755905511811024 sonnes
71.14960629921259 219.4015748031496 32.881889763779526 12.755905511811024 une
89.85826771653544 219.4015748031496 56.40944881889764 12.755905511811024 critique
132.09448818897638 219.4015748031496 28.346456692913385 12.755905511811024 de
146.26771653543307 219.4015748031496 32.881889763779526 12.755905511811024 nos
160.44094488188978 219.4015748031496 70.58267716535433 12.755905511811024 observations.

32.59842519685039 234.14173228346456 66.33070866141732 13.32283464566929 Responsable

38.267716535433074 245.76377952755905 47.90551181102362 17.858267716535433 Alain
74.26771653543307 245.76377952755905 64.06299212598425 17.858267716535433 CORNIER
126.14173228346456 245.76377952755905 24.094488188976378 17.858267716535433 né
138.04724409448818 245.76377952755905 24.094488188976378 17.858267716535433 en
150.23622047244095 245.76377952755905 32.031496062992126 17.858267716535433 1946
170.07874015748033 245.76377952755905 20.125984251968504 17.858267716535433 à
178.01574803149606 245.76377952755905 43.93700787401575 17.858267716535433 Chenove
210.04724409448818 245.76377952755905 51.874015748031496 17.858267716535433 (France).
246.04724409448818 245.76377952755905 32.031496062992126 17.858267716535433 Archi

33.44881889763779 257.38582677165357 34.86614173228347 11.338582677165354 tecte.

37.7007874015748 272.12598425196853 74.55118110236221 15.307086614173228 Jean-Pierre
99.77952755905511 272.12598425196853 74.55118110236221 15.307086614173228 CAMPREDON
161.85826771653544 272.12598425196853 24.944881889763778 15.307086614173228 né
174.33070866141733 272.12598425196853 24.944881889763778 15.307086614173228 en
186.8031496062992 272.12598425196853 33.16535433070866 15.307086614173228 1943
207.49606299212599 272.12598425196853 20.69291338582677 15.307086614173228 à
215.71653543307087 272.12598425196853 33.16535433070866 15.307086614173228 Agen
232.15748031496062 272.12598425196853 45.63779527559055 15.307086614173228 (France).

33.16535433070866 282.3307086614173 57.54330708661417 15.023622047244094 Architecte.

38.267716535433074 297.9212598425197 51.023622047244096 16.440944881889763 Odette
77.66929133858268 297.9212598425197 47.05511811023622 16.440944881889763 GAL
113.10236220472441 297.9212598425197 27.496062992125985 16.440944881889763 née
128.69291338582678 297.9212598425197 23.52755905511811 16.440944881889763 en
140.5984251968504 297.9212598425197 31.46456692913386 16.440944881889763 1945
160.15748031496062 297.9212598425197 19.559055118110237 16.440944881889763 à
168.09448818897638 297.9212598425197 35.43307086614173 16.440944881889763 Paris
191.6220472440945 297.9212598425197 51.023622047244096 16.440944881889763 (France).
227.0551181102362 297.9212598425197 51.023622047244096 16.440944881889763 Architecte.

23.244094488188978 325.4173228346457 37.7007874015748 15.023622047244094 59
47.05511811023622 325.4173228346457 66.04724409448819 15.023622047244094 STRUCTURES
98.92913385826772 325.4173228346457 94.39370078740157 15.023622047244094 POLYEDRIQUES
174.33070866141733 325.4173228346457 61.511811023622045 15.023622047244094 (maquette).

37.41732283464567 339.87401574803147 26.362204724409448 16.440944881889763 La
50.45669291338583 339.87401574803147 52.44094488188976 16.440944881889763 présente
89.85826771653544 339.87401574803147 39.40157480314961 16.440944881889763 étude
115.93700787401575 339.87401574803147 26.362204724409448 16.440944881889763 se
129.25984251968504 339.87401574803147 48.188976377952756 16.440944881889763 propose
164.1259842519685 339.87401574803147 61.22834645669291 16.440944881889763 d’utiliser
212.31496062992127 339.87401574803147 30.614173228346456 16.440944881889763 les
225.35433070866142 339.87401574803147 52.44094488188976 16.440944881889763 propriétés

36.0 352.62992125984255 75.11811023622047 9.921259842519685 géométriques
97.22834645669292 352.62992125984255 28.062992125984252 9.921259842519685 du
106.58267716535433 352.62992125984255 89.29133858267717 9.921259842519685 tétrakaïdécaèdre.

36.56692913385827 362.8346456692913 68.88188976377953 10.771653543307087 Association
91.55905511811024 362.8346456692913 36.56692913385827 10.771653543307087 dans
114.51968503937007 362.8346456692913 54.99212598425197 10.771653543307087 l’espace
155.6220472440945 362.8346456692913 36.56692913385827 10.771653543307087 sans
178.58267716535434 362.8346456692913 36.56692913385827 10.771653543307087 vide
197.00787401574803 362.8346456692913 50.45669291338583 10.771653543307087 résiduel.

36.8503937007874 369.07086614173227 62.07874015748032 12.755905511811024 Répétition
85.60629921259843 369.07086614173227 62.07874015748032 12.755905511811024 d’éléments
134.36220472440945 369.07086614173227 62.07874015748032 12.755905511811024 identiques
178.58267716535434 369.07086614173227 84.18897637795276 12.755905511811024 (préfabrication).

37.13385826771653 380.6929133858268 64.34645669291339 12.188976377952756 Possibilité
88.44094488188976 380.6929133858268 47.05511811023622 12.188976377952756 d’avoir
122.74015748031496 380.6929133858268 38.55118110236221 12.188976377952756 trois
148.53543307086613 380.6929133858268 47.05511811023622 12.188976377952756 niveaux
182.83464566929135 380.6929133858268 25.79527559055118 12.188976377952756 de
195.8740157480315 380.6929133858268 47.05511811023622 12.188976377952756 hauteur
225.63779527559055 380.6929133858268 51.59055118110236 12.188976377952756 identique,

36.56692913385827 389.76377952755905 28.62992125984252 12.755905511811024 le
51.023622047244096 389.76377952755905 47.62204724409449 12.755905511811024 volume
84.4724409448819 389.76377952755905 43.08661417322835 12.755905511811024 étant
113.10236220472441 389.76377952755905 38.267716535433074 12.755905511811024 posé
136.91338582677164 389.76377952755905 33.44881889763779 12.755905511811024 sur
155.90551181102362 389.76377952755905 33.44881889763779 12.755905511811024 une
175.1811023622047 389.76377952755905 38.267716535433074 12.755905511811024 face
194.17322834645668 389.76377952755905 62.07874015748032 12.755905511811024 hexagonale.

36.0 398.26771653543307 68.31496062992126 11.338582677165354 Association
90.4251968503937 398.26771653543307 27.212598425196852 11.338582677165354 de
104.31496062992126 398.26771653543307 27.212598425196852 11.338582677165354 ce
117.92125984251969 398.26771653543307 45.354330708661415 11.338582677165354 volume
149.66929133858267 398.26771653543307 22.677165354330707 11.338582677165354 à
158.74015748031496 398.26771653543307 54.425196850393704 11.338582677165354 d’autres
199.55905511811022 398.26771653543307 49.889763779527556 11.338582677165354 volumes
231.59055118110237 398.26771653543307 45.354330708661415 11.338582677165354 composés

36.0 409.8897637795276 27.77952755905512 11.622047244094489 de
49.889763779527556 409.8897637795276 41.95275590551181 11.622047244094489 mêmes
77.66929133858268 409.8897637795276 55.84251968503937 11.622047244094489 éléments
119.62204724409449 409.8897637795276 79.08661417322834 11.622047244094489 (cuboctaèdre,
184.53543307086613 409.8897637795276 60.37795275590551 11.622047244094489 tétraèdre
226.48818897637796 409.8897637795276 51.023622047244096 11.622047244094489 tronqué),

36.28346456692913 418.1102362204724 67.74803149606299 11.338582677165354 l’ensemble
89.5748031496063 418.1102362204724 53.29133858267716 11.338582677165354 formant
128.1259842519685 418.1102362204724 28.913385826771652 11.338582677165354 un
142.86614173228347 418.1102362204724 58.110236220472444 11.338582677165354 empilage
181.41732283464566 418.1102362204724 48.47244094488189 11.338582677165354 compact.

36.0 426.3307086614173 54.99212598425197 12.188976377952756 Création
77.10236220472441 426.3307086614173 27.496062992125985 12.188976377952756 de
90.70866141732283 426.3307086614173 64.06299212598425 12.188976377952756 structures
141.16535433070865 426.3307086614173 59.52755905511811 12.188976377952756 spatiales
186.8031496062992 426.3307086614173 64.06299212598425 12.188976377952756 (coupoles)
237.25984251968504 426.3307086614173 22.96062992125984 12.188976377952756 à
241.79527559055117 426.3307086614173 36.56692913385827 12.188976377952756 partir

35.1496062992126 437.6692913385827 39.118110236220474 9.921259842519685 d’un
59.52755905511811 437.6692913385827 53.574803149606296 9.921259842519685 élément
93.54330708661418 437.6692913385827 58.67716535433071 9.921259842519685 modulaire.

36.28346456692913 444.18897637795277 63.77952755905512 14.173228346456693 L’ensemble
86.45669291338582 444.18897637795277 41.10236220472441 14.173228346456693 ainsi
113.95275590551181 444.18897637795277 50.173228346456696 14.173228346456693 réalisé
150.23622047244095 444.18897637795277 36.56692913385827 14.173228346456693 peut
173.1968503937008 444.18897637795277 54.70866141732284 14.173228346456693 recevoir
214.29921259842519 444.18897637795277 27.496062992125985 14.173228346456693 un
223.37007874015748 444.18897637795277 54.70866141732284 14.173228346456693 équipement

35.1496062992126 455.5275590551181 59.52755905511811 11.622047244094489 branché
78.23622047244095 455.5275590551181 37.7007874015748 11.622047244094489 sur
100.06299212598425 455.5275590551181 32.31496062992126 11.622047244094489 un
116.22047244094489 455.5275590551181 54.14173228346457 11.622047244094489 réseau
153.92125984251967 455.5275590551181 32.31496062992126 11.622047244094489 de
170.36220472440945 455.5275590551181 59.52755905511811 11.622047244094489 fluides
213.4488188976378 455.5275590551181 59.52755905511811 11.622047244094489 intégré
251.43307086614172 455.5275590551181 26.929133858267715 11.622047244094489 aux

30.330708661417322 465.4488188976378 55.84251968503937 13.88976377952756 planchers.

29.763779527559056 479.90551181102364 71.14960629921259 14.173228346456693 Responsable:

35.71653543307087 494.3622047244094 52.724409448818896 15.307086614173228 Michel
75.96850393700787 494.3622047244094 56.69291338582677 15.307086614173228 MARTY
120.4724409448819 494.3622047244094 24.37795275590551 15.307086614173228 né
132.66141732283464 494.3622047244094 24.37795275590551 15.307086614173228 en
144.8503937007874 494.3622047244094 32.31496062992126 15.307086614173228 1943
164.9763779527559 494.3622047244094 20.125984251968504 15.307086614173228 à
173.1968503937008 494.3622047244094 48.47244094488189 15.307086614173228 Toulouse
209.48031496062993 494.3622047244094 52.724409448818896 15.307086614173228 (France).
246.04724409448818 494.3622047244094 32.31496062992126 15.307086614173228 Archi

30.04724409448819 504.56692913385825 35.43307086614173 12.188976377952756 tecte.

35.1496062992126 517.3228346456693 58.67716535433071 16.15748031496063 Michel
80.22047244094489 517.3228346456693 76.53543307086615 16.15748031496063 COURPIED
143.1496062992126 517.3228346456693 26.929133858267715 16.15748031496063 né
156.75590551181102 517.3228346456693 26.929133858267715 16.15748031496063 en
170.36220472440945 517.3228346456693 36.0 16.15748031496063 1944
192.75590551181102 517.3228346456693 22.393700787401574 16.15748031496063 à
201.82677165354332 517.3228346456693 45.07086614173228 16.15748031496063 Nevers
228.75590551181102 517.3228346456693 49.60629921259842 16.15748031496063 (France).

29.480314960629922 530.6456692913385 58.67716535433071 12.188976377952756 Architecte.

20.69291338582677 555.5905511811023 39.40157480314961 11.905511811023622 60
46.77165354330709 555.5905511811023 48.188976377952756 11.905511811023622 TEXTURE
81.92125984251969 555.5905511811023 61.511811023622045 11.905511811023622 URBAINE
130.39370078740157 555.5905511811023 56.976377952755904 11.905511811023622 (maquette
174.04724409448818 555.5905511811023 26.362204724409448 11.905511811023622 et
182.83464566929135 555.5905511811023 61.511811023622045 11.905511811023622 projection).

34.2992125984252 569.4803149606299 41.38582677165354 14.456692913385826 Notre
61.79527559055118 569.4803149606299 45.92125984251968 14.456692913385826 projet
94.11023622047244 569.4803149606299 32.031496062992126 14.456692913385826 est
112.25196850393701 569.4803149606299 41.38582677165354 14.456692913385826 conçu
140.03149606299212 569.4803149606299 50.45669291338583 14.456692913385826 surtout
176.5984251968504 569.4803149606299 36.8503937007874 14.456692913385826 pour
199.55905511811022 569.4803149606299 73.41732283464567 14.456692913385826 restructurer
254.83464566929135 569.4803149606299 22.96062992125984 14.456692913385826 les

33.44881889763779 580.5354330708661 54.70866141732284 12.472440944881889 espaces
73.41732283464567 580.5354330708661 69.73228346456693 12.472440944881889 suburbains
128.1259842519685 580.5354330708661 34.86614173228347 12.472440944881889 des
147.96850393700788 580.5354330708661 54.70866141732284 12.472440944881889 grandes
187.93700787401573 580.5354330708661 54.70866141732284 12.472440944881889 villes,
227.6220472440945 580.5354330708661 44.78740157480315 12.472440944881889 comme
252.56692913385828 580.5354330708661 24.944881889763778 12.472440944881889 une

33.16535433070866 590.7401574803149 58.67716535433071 11.05511811023622 solution
77.10236220472441 590.7401574803149 68.31496062992126 11.05511811023622 temporaire
130.96062992125985 590.7401574803149 29.19685039370079 11.05511811023622 au
145.41732283464566 590.7401574803149 58.67716535433071 11.05511811023622 problème
189.63779527559055 590.7401574803149 29.19685039370079 11.05511811023622 de
204.09448818897638 590.7401574803149 39.118110236220474 11.05511811023622 leur
223.6535433070866 590.7401574803149 53.85826771653543 11.05511811023622 décentra-

34.01574803149607 600.3779527559055 59.811023622047244 11.338582677165354 lisation,
79.93700787401575 600.3779527559055 59.811023622047244 11.338582677165354 répondant
125.85826771653544 600.3779527559055 32.031496062992126 11.338582677165354 aux
144.0 600.3779527559055 50.45669291338583 11.338582677165354 besoins
180.8503937007874 600.3779527559055 27.496062992125985 11.338582677165354 de
194.74015748031496 600.3779527559055 64.34645669291339 11.338582677165354 changement
240.3779527559055 600.3779527559055 36.8503937007874 11.338582677165354 rapide

33.732283464566926 609.7322834645669 30.614173228346456 12.755905511811024 des
51.023622047244096 609.7322834645669 65.48031496062993 12.755905511811024 programmes.
103.46456692913385 609.7322834645669 26.362204724409448 12.755905511811024 Il
116.78740157480316 609.7322834645669 39.40157480314961 12.755905511811024 offre
142.86614173228347 609.7322834645669 30.614173228346456 12.755905511811024 des
160.44094488188978 609.7322834645669 70.01574803149606 12.755905511811024 possibilités
217.13385826771653 609.7322834645669 34.86614173228347 12.755905511811024 tant
234.70866141732284 609.7322834645669 43.653543307086615 12.755905511811024 d’exten-

33.16535433070866 620.503937007874 36.56692913385827 11.05511811023622 sion
56.125984251968504 620.503937007874 32.031496062992126 11.05511811023622 que
74.26771653543307 620.503937007874 73.41732283464567 11.05511811023622 d’effacement
129.25984251968504 620.503937007874 41.38582677165354 11.05511811023622 facile.

13.32283464566929 642.0472440944882 26.929133858267715 14.456692913385826 162
