301.03937007874015 676.0629921259842
7.653543307086614 24.661417322834644 100.06299212598425 15.023622047244094 EXTRAIT
86.1732283464567 24.661417322834644 42.803149606299215 15.023622047244094 DU
100.62992125984252 24.661417322834644 107.14960629921259 15.023622047244094 REGLEMENT

19.275590551181104 129.82677165354332 47.62204724409449 16.440944881889763 Article
53.85826771653543 129.82677165354332 21.826771653543307 16.440944881889763 1
62.645669291338585 129.82677165354332 21.826771653543307 16.440944881889763 —
66.89763779527559 129.82677165354332 26.078740157480315 16.440944881889763 But.

20.409448818897637 145.70078740157481 73.13385826771653 13.32283464566929 L’Association
80.50393700787401 145.70078740157481 55.84251968503937 13.32283464566929 Française
123.59055118110236 145.70078740157481 34.2992125984252 13.32283464566929 pour
144.8503937007874 145.70078740157481 25.79527559055118 13.32283464566929 la
157.88976377952756 145.70078740157481 73.13385826771653 13.32283464566929 Manifestation
217.98425196850394 145.70078740157481 51.59055118110236 13.32283464566929 Biennale
252.28346456692913 145.70078740157481 17.291338582677167 13.32283464566929 et

20.69291338582677 156.18897637795277 77.10236220472441 10.771653543307087 Internationale
84.75590551181102 156.18897637795277 30.04724409448819 10.771653543307087 des
102.04724409448819 156.18897637795277 42.803149606299215 10.771653543307087 Jeunes
131.81102362204723 156.18897637795277 51.30708661417323 10.771653543307087 Artistes
170.36220472440945 156.18897637795277 21.25984251968504 10.771653543307087 —
178.86614173228347 156.18897637795277 55.55905511811024 10.771653543307087 intitulée
221.66929133858267 156.18897637795277 21.25984251968504 10.771653543307087 «
225.92125984251967 156.18897637795277 42.803149606299215 10.771653543307087 Biennale

19.84251968503937 166.11023622047244 25.228346456692915 11.622047244094489 de
32.59842519685039 166.11023622047244 42.23622047244095 11.622047244094489 Paris»
62.07874015748032 166.11023622047244 20.976377952755904 11.622047244094489 —
70.58267716535433 166.11023622047244 25.228346456692915 11.622047244094489 se
83.05511811023622 166.11023622047244 50.74015748031496 11.622047244094489 propose,
121.03937007874016 166.11023622047244 33.732283464566926 11.622047244094489 dans
142.29921259842519 166.11023622047244 50.74015748031496 11.622047244094489 l’esprit
180.28346456692913 166.11023622047244 25.228346456692915 11.622047244094489 le
192.75590551181102 166.11023622047244 33.732283464566926 11.622047244094489 plus
209.76377952755905 166.11023622047244 58.960629921259844 11.622047244094489 indépendant,

19.559055118110237 175.46456692913387 29.19685039370079 11.05511811023622 de
34.01574803149607 175.46456692913387 48.75590551181102 11.05511811023622 donner
68.31496062992126 175.46456692913387 24.37795275590551 11.05511811023622 à
78.23622047244095 175.46456692913387 34.2992125984252 11.05511811023622 des
97.79527559055119 175.46456692913387 58.67716535433071 11.05511811023622 artistes
141.73228346456693 175.46456692913387 29.19685039370079 11.05511811023622 de
156.18897637795277 175.46456692913387 39.118110236220474 11.05511811023622 tous
180.8503937007874 175.46456692913387 34.2992125984252 11.05511811023622 les
200.40944881889763 175.46456692913387 43.93700787401575 11.05511811023622 pays,
229.60629921259843 175.46456692913387 29.19685039370079 11.05511811023622 de
244.3464566929134 175.46456692913387 29.19685039370079 11.05511811023622 20
253.98425196850394 175.46456692913387 14.740157480314961 11.05511811023622 à

19.559055118110237 184.251968503937 27.212598425196852 14.740157480314961 35
33.16535433070866 184.251968503937 36.28346456692913 14.740157480314961 ans,
55.84251968503937 184.251968503937 63.496062992125985 14.740157480314961 l’occasion
105.73228346456693 184.251968503937 27.212598425196852 14.740157480314961 de
119.33858267716535 184.251968503937 58.960629921259844 14.740157480314961 présenter
164.69291338582678 184.251968503937 27.212598425196852 14.740157480314961 et
178.29921259842519 184.251968503937 27.212598425196852 14.740157480314961 de
191.90551181102362 184.251968503937 63.496062992125985 14.740157480314961 confronter
237.25984251968504 184.251968503937 31.748031496062993 14.740157480314961 leurs

15.590551181102363 192.75590551181102 40.818897637795274 11.905511811023622 travaux.

20.69291338582677 204.66141732283464 32.881889763779526 14.740157480314961 Elle
41.38582677165354 204.66141732283464 32.881889763779526 14.740157480314961 doit
62.07874015748032 204.66141732283464 41.38582677165354 14.740157480314961 rester
90.99212598425197 204.66141732283464 53.574803149606296 14.740157480314961 largement
132.3779527559055 204.66141732283464 45.354330708661415 14.740157480314961 ouverte
165.25984251968504 204.66141732283464 28.913385826771652 14.740157480314961 aux
181.70078740157481 204.66141732283464 61.79527559055118 14.740157480314961 initiatives
231.30708661417322 204.66141732283464 28.913385826771652 14.740157480314961 les
243.7795275590551 204.66141732283464 24.661417322834644 14.740157480314961 plus

19.84251968503937 216.28346456692913 54.14173228346457 13.039370078740157 diverses
60.37795275590551 216.28346456692913 26.929133858267715 13.039370078740157 et
73.98425196850394 216.28346456692913 63.21259842519685 13.039370078740157 s’attacher
123.59055118110236 216.28346456692913 22.677165354330707 13.039370078740157 à
132.66141732283464 216.28346456692913 63.21259842519685 13.039370078740157 accueillir
182.26771653543307 216.28346456692913 36.0 13.039370078740157 avec
200.1259842519685 216.28346456692913 67.74803149606299 13.039370078740157 compréhension

19.559055118110237 224.50393700787401 43.08661417322835 14.456692913385826 toutes
49.60629921259842 224.50393700787401 30.330708661417322 14.456692913385826 les
62.645669291338585 224.50393700787401 51.874015748031496 14.456692913385826 tendances.

20.976377952755904 236.1259842519685 34.86614173228347 15.874015748031496 Elle
42.51968503937008 236.1259842519685 52.15748031496063 15.874015748031496 souhaite
81.63779527559055 236.1259842519685 34.86614173228347 15.874015748031496 que,
103.46456692913385 236.1259842519685 34.86614173228347 15.874015748031496 dans
125.29133858267717 236.1259842519685 39.118110236220474 15.874015748031496 toute
151.37007874015748 236.1259842519685 26.078740157480315 15.874015748031496 la
164.40944881889763 236.1259842519685 43.37007874015748 15.874015748031496 mesure
194.74015748031496 236.1259842519685 26.078740157480315 15.874015748031496 du
207.7795275590551 236.1259842519685 56.40944881889764 15.874015748031496 possible,
246.89763779527559 236.1259842519685 21.826771653543307 15.874015748031496 les

19.84251968503937 247.46456692913387 42.803149606299215 12.472440944881889 jeunes
49.889763779527556 247.46456692913387 51.30708661417323 12.472440944881889 artistes
88.44094488188976 247.46456692913387 25.79527559055118 12.472440944881889 se
101.19685039370079 247.46456692913387 47.05511811023622 12.472440944881889 sentent
135.49606299212599 247.46456692913387 51.30708661417323 12.472440944881889 associés
174.04724409448818 247.46456692913387 25.79527559055118 12.472440944881889 au
187.08661417322836 247.46456692913387 38.55118110236221 12.472440944881889 choix
212.5984251968504 247.46456692913387 25.79527559055118 12.472440944881889 de
225.63779527559055 247.46456692913387 25.79527559055118 12.472440944881889 la
234.14173228346456 247.46456692913387 34.2992125984252 12.472440944881889 repré-

19.84251968503937 258.23622047244095 58.67716535433071 11.338582677165354 sentation
64.91338582677166 258.23622047244095 26.929133858267715 11.338582677165354 de
78.51968503937007 258.23622047244095 36.0 11.338582677165354 leur
100.91338582677166 258.23622047244095 36.0 11.338582677165354 pays
123.59055118110236 258.23622047244095 26.929133858267715 11.338582677165354 et
136.91338582677164 258.23622047244095 26.929133858267715 11.338582677165354 se
150.51968503937007 258.23622047244095 76.53543307086615 11.338582677165354 reconnaissent
213.4488188976378 258.23622047244095 26.929133858267715 11.338582677165354 en
227.0551181102362 258.23622047244095 36.0 11.338582677165354 tant
245.1968503937008 258.23622047244095 22.393700787401574 11.338582677165354 que

19.559055118110237 266.45669291338584 39.968503937007874 13.32283464566929 jeune
46.488188976377955 266.45669291338584 62.36220472440945 13.32283464566929 génération
95.24409448818898 266.45669291338584 35.71653543307087 13.32283464566929 dans
117.63779527559055 266.45669291338584 31.181102362204726 13.32283464566929 les
135.49606299212599 266.45669291338584 62.36220472440945 13.32283464566929 sélections
184.53543307086613 266.45669291338584 26.64566929133858 13.32283464566929 de
197.85826771653544 266.45669291338584 26.64566929133858 13.32283464566929 la
206.64566929133858 266.45669291338584 49.039370078740156 13.32283464566929 Biennale.

20.125984251968504 286.5826771653543 53.85826771653543 14.456692913385826 Article
59.24409448818898 286.5826771653543 24.37795275590551 14.456692913385826 2
68.88188976377953 286.5826771653543 24.37795275590551 14.456692913385826 —
78.80314960629921 286.5826771653543 63.496062992125985 14.456692913385826 Programme
127.55905511811024 286.5826771653543 29.480314960629922 14.456692913385826 de
142.29921259842519 286.5826771653543 29.480314960629922 14.456692913385826 la
157.03937007874015 286.5826771653543 53.85826771653543 14.456692913385826 Sixième
191.33858267716536 286.5826771653543 49.039370078740156 14.456692913385826 Biennale

20.976377952755904 299.90551181102364 27.496062992125985 12.472440944881889 La
34.58267716535433 299.90551181102364 50.45669291338583 12.472440944881889 Sixième
71.43307086614173 299.90551181102364 54.99212598425197 12.472440944881889 Biennale
112.53543307086615 299.90551181102364 27.496062992125985 12.472440944881889 de
126.14173228346456 299.90551181102364 41.10236220472441 12.472440944881889 Paris
153.63779527559055 299.90551181102364 36.56692913385827 12.472440944881889 aura
176.5984251968504 299.90551181102364 36.56692913385827 12.472440944881889 lieu
199.55905511811022 299.90551181102364 27.496062992125985 12.472440944881889 au
213.16535433070865 299.90551181102364 41.10236220472441 12.472440944881889 Musée
236.1259842519685 299.90551181102364 32.031496062992126 12.472440944881889 d’Art

20.976377952755904 309.8267716535433 50.173228346456696 11.622047244094489 Moderne
57.54330708661417 309.8267716535433 27.496062992125985 11.622047244094489 de
71.14960629921259 309.8267716535433 27.496062992125985 11.622047244094489 la
85.03937007874016 309.8267716535433 41.10236220472441 11.622047244094489 Ville
112.53543307086615 309.8267716535433 27.496062992125985 11.622047244094489 de
126.14173228346456 309.8267716535433 41.10236220472441 11.622047244094489 Paris
153.63779527559055 309.8267716535433 27.496062992125985 11.622047244094489 du
167.24409448818898 309.8267716535433 22.96062992125984 11.622047244094489 2
176.31496062992127 309.8267716535433 50.173228346456696 11.622047244094489 octobre
212.88188976377953 309.8267716535433 27.496062992125985 11.622047244094489 au
226.77165354330708 309.8267716535433 22.96062992125984 11.622047244094489 2
231.30708661417322 309.8267716535433 36.56692913385827 11.622047244094489 novem-

21.543307086614174 318.0472440944882 28.346456692913385 12.755905511811024 bre
33.44881889763779 318.0472440944882 28.346456692913385 12.755905511811024 1969.

21.25984251968504 328.251968503937 32.881889763779526 17.858267716535433 Elle
41.95275590551181 328.251968503937 61.79527559055118 17.858267716535433 s’adressera
91.2755905511811 328.251968503937 28.913385826771652 17.858267716535433 aux
107.71653543307086 328.251968503937 49.32283464566929 17.858267716535433 artistes
144.8503937007874 328.251968503937 28.913385826771652 17.858267716535433 nés
161.29133858267716 328.251968503937 37.13385826771653 17.858267716535433 entre
185.95275590551182 328.251968503937 24.661417322834644 17.858267716535433 le
198.14173228346456 328.251968503937 28.913385826771652 17.858267716535433 1er
214.58267716535434 328.251968503937 45.354330708661415 17.858267716535433 janvier
243.49606299212599 328.251968503937 24.661417322834644 17.858267716535433 1934

20.69291338582677 341.00787401574803 26.078740157480315 14.740157480314961 et
33.732283464566926 341.00787401574803 26.078740157480315 14.740157480314961 le
46.77165354330709 341.00787401574803 26.078740157480315 14.740157480314961 31
59.52755905511811 341.00787401574803 52.15748031496063 14.740157480314961 décembre
94.39370078740157 341.00787401574803 30.330708661417322 14.740157480314961 1948.

20.69291338582677 352.62992125984255 41.95275590551181 16.724409448818896 Toutes
50.173228346456696 352.62992125984255 29.19685039370079 16.724409448818896 les
66.89763779527559 352.62992125984255 41.95275590551181 16.724409448818896 œuvres
96.09448818897638 352.62992125984255 25.228346456692915 16.724409448818896 et
108.56692913385827 352.62992125984255 45.92125984251968 16.724409448818896 projets
142.01574803149606 352.62992125984255 54.425196850393704 16.724409448818896 présentés
183.96850393700788 352.62992125984255 41.95275590551181 16.724409448818896 auront
213.16535433070865 352.62992125984255 29.19685039370079 16.724409448818896 été
225.63779527559055 352.62992125984255 41.95275590551181 16.724409448818896 exécutés

20.976377952755904 363.40157480314963 26.64566929133858 14.456692913385826 au
34.2992125984252 363.40157480314963 39.968503937007874 14.456692913385826 cours
60.94488188976378 363.40157480314963 31.181102362204726 14.456692913385826 des
78.80314960629921 363.40157480314963 44.503937007874015 14.456692913385826 quatre
109.98425196850394 363.40157480314963 57.826771653543304 14.456692913385826 dernières
149.95275590551182 363.40157480314963 39.968503937007874 14.456692913385826 années.

21.543307086614174 375.0236220472441 28.913385826771652 17.858267716535433 La
36.0 375.0236220472441 53.00787401574803 17.858267716535433 Sixième
74.55118110236221 375.0236220472441 57.826771653543304 17.858267716535433 Biennale
118.20472440944881 375.0236220472441 28.913385826771652 17.858267716535433 de
132.66141732283464 375.0236220472441 43.37007874015748 17.858267716535433 Paris
161.5748031496063 375.0236220472441 57.826771653543304 17.858267716535433 comptera
204.9448818897638 375.0236220472441 33.732283464566926 17.858267716535433 les
219.68503937007873 375.0236220472441 48.188976377952756 17.858267716535433 sections

17.291338582677167 384.9448818897638 50.45669291338583 12.755905511811024 suivantes:

21.25984251968504 395.7165354330709 21.826771653543307 18.4251968503937 —
29.763779527559056 395.7165354330709 34.86614173228347 18.4251968503937 arts
51.59055118110236 395.7165354330709 65.19685039370079 18.4251968503937 plastiques-
103.74803149606299 395.7165354330709 43.653543307086615 18.4251968503937 œuvres
129.82677165354332 395.7165354330709 56.69291338582677 18.4251968503937 collectives

33.16535433070866 407.62204724409446 20.409448818897637 14.456692913385826 «
41.10236220472441 407.62204724409446 44.78740157480315 14.456692913385826 travaux
69.73228346456693 407.62204724409446 40.818897637795274 14.456692913385826 d’équipe

33.44881889763779 420.09448818897636 20.409448818897637 12.188976377952756 «
41.38582677165354 420.09448818897636 65.48031496062993 12.188976377952756 réalisations
94.67716535433071 420.09448818897636 24.661417322834644 12.188976377952756 de
106.86614173228347 420.09448818897636 45.07086614173228 12.188976377952756 groupes
135.49606299212599 420.09448818897636 49.039370078740156 12.188976377952756 d’artistes

37.13385826771653 428.88188976377955 47.05511811023622 13.039370078740157 projets
71.43307086614173 428.88188976377955 76.81889763779527 13.039370078740157 d’architecture
135.49606299212599 428.88188976377955 25.511811023622048 13.039370078740157 et
144.0 428.88188976377955 55.55905511811024 13.039370078740157 d’urbanisme

32.881889763779526 439.0866141732283 21.25984251968504 14.173228346456693 «
41.38582677165354 439.0866141732283 47.05511811023622 14.173228346456693 projets
75.68503937007874 439.0866141732283 25.511811023622048 14.173228346456693 de
88.44094488188976 439.0866141732283 68.31496062992126 14.173228346456693 scénographie
143.71653543307087 439.0866141732283 25.511811023622048 14.173228346456693 et
156.75590551181102 439.0866141732283 25.511811023622048 14.173228346456693 de
169.51181102362204 439.0866141732283 68.31496062992126 14.173228346456693 réalisations
220.53543307086613 439.0866141732283 47.05511811023622 14.173228346456693 scéniques

21.25984251968504 450.70866141732284 21.543307086614174 15.307086614173228 —
29.763779527559056 450.70866141732284 34.58267716535433 15.307086614173228 arts
51.30708661417323 450.70866141732284 60.37795275590551 15.307086614173228 plastiques
98.64566929133858 450.70866141732284 21.543307086614174 15.307086614173228 -
107.43307086614173 450.70866141732284 43.08661417322835 15.307086614173228 œuvres
133.22834645669292 450.70866141732284 64.62992125984252 15.307086614173228 individuelles

32.881889763779526 457.79527559055117 45.354330708661415 13.039370078740157 peinture

32.59842519685039 468.0 49.60629921259842 13.32283464566929 sculpture

32.881889763779526 477.3543307086614 20.69291338582677 11.905511811023622 «
37.13385826771653 477.3543307086614 37.41732283464567 11.905511811023622 gravure

32.881889763779526 486.4251968503937 20.976377952755904 12.755905511811024 «
37.13385826771653 486.4251968503937 58.67716535433071 12.755905511811024 photographie

20.409448818897637 496.9133858267717 22.96062992125984 17.007874015748033 —
29.480314960629922 496.9133858267717 68.88188976377953 17.007874015748033 composition
79.93700787401575 496.9133858267717 45.92125984251968 17.007874015748033 musicale

20.69291338582677 507.68503937007875 21.826771653543307 20.409448818897637 —
29.19685039370079 507.68503937007875 39.118110236220474 20.409448818897637 films
55.275590551181104 507.68503937007875 34.58267716535433 20.409448818897637 pour
77.10236220472441 507.68503937007875 26.078740157480315 20.409448818897637 le
90.14173228346456 507.68503937007875 43.37007874015748 20.409448818897637 cinéma
120.4724409448819 507.68503937007875 26.078740157480315 20.409448818897637 et
133.51181102362204 507.68503937007875 26.078740157480315 20.409448818897637 la
142.01574803149606 507.68503937007875 52.15748031496063 20.409448818897637 télévision

19.559055118110237 520.1574803149606 22.11023622047244 14.173228346456693 —
24.094488188976378 520.1574803149606 57.54330708661417 14.173228346456693 spectacles.

21.25984251968504 532.0629921259842 30.614173228346456 20.409448818897637 Les
38.55118110236221 532.0629921259842 52.724409448818896 20.409448818897637 articles
78.23622047244095 532.0629921259842 21.826771653543307 20.409448818897637 1
87.02362204724409 532.0629921259842 21.826771653543307 20.409448818897637 à
95.81102362204724 532.0629921259842 26.362204724409448 20.409448818897637 18
108.85039370078741 532.0629921259842 35.1496062992126 20.409448818897637 sont
130.96062992125985 532.0629921259842 56.976377952755904 20.409448818897637 consacrés
174.89763779527559 532.0629921259842 30.614173228346456 20.409448818897637 aux
192.4724409448819 532.0629921259842 48.188976377952756 20.409448818897637 clauses
223.08661417322836 532.0629921259842 43.93700787401575 20.409448818897637 valables

44.22047244094488 543.9685039370079 45.63779527559055 16.724409448818896 toutes
75.96850393700787 543.9685039370079 31.748031496062993 16.724409448818896 les
94.39370078740157 543.9685039370079 59.24409448818898 16.724409448818896 sections;
139.748031496063 543.9685039370079 31.748031496062993 16.724409448818896 les
158.17322834645668 543.9685039370079 50.173228346456696 16.724409448818896 clauses
194.45669291338584 543.9685039370079 77.38582677165354 16.724409448818896 particulières
253.70078740157481 543.9685039370079 13.606299212598426 16.724409448818896 à

29.480314960629922 553.8897637795276 43.08661417322835 19.275590551181104 lacune
59.52755905511811 553.8897637795276 30.330708661417322 19.275590551181104 des
76.81889763779527 553.8897637795276 51.874015748031496 19.275590551181104 sections
115.93700787401575 553.8897637795276 34.58267716535433 19.275590551181104 font
137.48031496062993 553.8897637795276 47.62204724409449 19.275590551181104 l’objet
172.06299212598427 553.8897637795276 30.330708661417322 19.275590551181104 des
189.35433070866142 553.8897637795276 51.874015748031496 19.275590551181104 articles
228.18897637795277 553.8897637795276 25.79527559055118 19.275590551181104 19
241.22834645669292 553.8897637795276 21.543307086614174 19.275590551181104 à
245.48031496062993 553.8897637795276 21.543307086614174 19.275590551181104 32.

19.559055118110237 573.1653543307086 49.60629921259842 21.543307086614174 Article
55.84251968503937 573.1653543307086 22.677165354330707 21.543307086614174 3
64.91338582677166 573.1653543307086 22.677165354330707 21.543307086614174 —
73.7007874015748 573.1653543307086 67.74803149606299 21.543307086614174 Composition
128.1259842519685 573.1653543307086 31.748031496062993 21.543307086614174 des
141.73228346456693 573.1653543307086 76.81889763779527 21.543307086614174 participations.

19.84251968503937 591.0236220472441 29.763779527559056 20.409448818897637 Les
36.8503937007874 591.0236220472441 42.803149606299215 20.409448818897637 œuvres
66.89763779527559 591.0236220472441 76.81889763779527 20.409448818897637 sélectionnées,
130.6771653543307 591.0236220472441 34.01574803149607 20.409448818897637 tant
152.2204724409449 591.0236220472441 25.511811023622048 20.409448818897637 en
164.9763779527559 591.0236220472441 42.803149606299215 20.409448818897637 France
194.74015748031496 591.0236220472441 34.01574803149607 20.409448818897637 qu’à
211.748031496063 591.0236220472441 55.55905511811024 20.409448818897637 l’étranger,

19.559055118110237 602.9291338582677 26.078740157480315 17.858267716535433 et
32.59842519685039 602.9291338582677 34.58267716535433 17.858267716535433 dans
54.14173228346457 602.9291338582677 43.37007874015748 17.858267716535433 toutes
84.4724409448819 602.9291338582677 30.330708661417322 17.858267716535433 les
101.76377952755905 602.9291338582677 56.40944881889764 17.858267716535433 sections,
145.41732283464566 602.9291338582677 47.62204724409449 17.858267716535433 devront
180.0 602.9291338582677 34.58267716535433 17.858267716535433 être
201.54330708661416 602.9291338582677 52.15748031496063 17.858267716535433 choisies
236.40944881889763 602.9291338582677 30.330708661417322 17.858267716535433 selon

22.11023622047244 610.0157480314961 25.228346456692915 20.69291338582677 es
34.86614173228347 610.0157480314961 54.99212598425197 20.69291338582677 principes
77.10236220472441 610.0157480314961 25.228346456692915 20.69291338582677 de
89.5748031496063 610.0157480314961 54.99212598425197 20.69291338582677 l’article
131.81102362204723 610.0157480314961 25.228346456692915 20.69291338582677 1.
144.56692913385828 610.0157480314961 29.480314960629922 20.69291338582677 Les
161.5748031496063 610.0157480314961 50.74015748031496 20.69291338582677 artistes
199.55905511811022 610.0157480314961 37.98425196850393 20.69291338582677 ayant
220.53543307086613 610.0157480314961 46.488188976377955 20.69291338582677 participé

22.96062992125984 621.3543307086615 28.062992125984252 20.976377952755904 ux
37.13385826771653 621.3543307086615 70.58267716535433 20.976377952755904 précédentes
93.54330708661418 621.3543307086615 60.94488188976378 20.976377952755904 Biennales
140.5984251968504 621.3543307086615 51.59055118110236 20.976377952755904 peuvent
178.01574803149606 621.3543307086615 37.7007874015748 20.976377952755904 être
201.54330708661416 621.3543307086615 60.94488188976378 20.976377952755904 présentés
243.7795275590551 621.3543307086615 23.52755905511811 20.976377952755904 aux

11.05511811023622 642.8976377952756 23.244094488188978 11.338582677165354 14
