<alto xmlns:xsi="http://www.w3.org/2001/XMLSchema-instance" xmlns="http://www.loc.gov/standards/alto/ns-v2#" xmlns:page="http://schema.primaresearch.org/PAGE/gts/pagecontent/2013-07-15" xsi:schemaLocation="http://www.loc.gov/standards/alto/ns-v2# http://www.loc.gov/standards/alto/alto.xsd">
  <Description>
    <MeasurementUnit>pixel</MeasurementUnit>
    <sourceImageInformation>
         <fileName>Cat_Paris_1969-0156.xml</fileName>
      </sourceImageInformation>
    <OCRProcessing ID="IdOcr">
      <ocrProcessingStep>
        <processingDateTime>2020-07-06T17:33:39.485+02:00</processingDateTime>
        <processingSoftware>
               <softwareCreator>CONTRIBUTORS</softwareCreator>
               <softwareName>pdfalto</softwareName>
               <softwareVersion>0.1</softwareVersion>
            </processingSoftware>
      </ocrProcessingStep>
    </OCRProcessing>
  </Description>
  <Styles>
     <TextStyle ID="FONT0" FONTFAMILY="unknown" FONTSIZE="unknown" FONTTYPE="unknown" FONTWIDTH="unknown" FONTCOLOR="unknown" FONTSTYLE=""/>
     <TextStyle ID="FONT1" FONTFAMILY="unknown" FONTSIZE="unknown" FONTTYPE="unknown" FONTWIDTH="unknown" FONTCOLOR="unknown" FONTSTYLE="bold"/>
     <TextStyle ID="FONT2" FONTFAMILY="unknown" FONTSIZE="unknown" FONTTYPE="unknown" FONTWIDTH="unknown" FONTCOLOR="unknown" FONTSTYLE="italics"/>
</Styles>
  <Tags/>
  <Layout>
    <Page ID="Page1" PHYSICAL_IMG_NR="1" HEIGHT="669.2598425196851" WIDTH="312.09448818897636">
      <PrintSpace HEIGHT="649.4173228346457" WIDTH="275.244094488189" VPOS="0.0" HPOS="36.56692913385827">
        <TextBlock ID="r_1_1" HEIGHT="12.755905511811024" WIDTH="42.23622047244095" VPOS="17.858267716535433" HPOS="240.66141732283464">
          <TextLine ID="tl_1" BASELINE="120" HEIGHT="20.409448818897637" WIDTH="45.63779527559055" VPOS="13.606299212598426" HPOS="238.6771653543307">
            <String HEIGHT="20.409448818897637" WIDTH="52.724409448818896" VPOS="13.606299212598426" HPOS="231.59055118110237" CONTENT="FRANCE" ID="tl_1_1" STYLEREFS="FONT1"/>
          </TextLine>
        </TextBlock>
        <TextBlock ID="r_2_1" HEIGHT="18.141732283464567" WIDTH="201.25984251968504" VPOS="55.84251968503937" HPOS="37.98425196850393">
          <TextLine ID="tl_2" BASELINE="272" HEIGHT="26.929133858267715" WIDTH="204.09448818897638" VPOS="50.173228346456696" HPOS="36.56692913385827">
            <String HEIGHT="26.929133858267715" WIDTH="40.818897637795274" VPOS="50.173228346456696" HPOS="32.031496062992126" CONTENT="43" ID="tl_2_1" STYLEREFS="FONT1"/>
            <SP HEIGHT="26.929133858267715" WIDTH="4.535433070866142" VPOS="50.173228346456696" HPOS="72.85039370078741"/>
            <String HEIGHT="26.929133858267715" WIDTH="31.748031496062993" VPOS="50.173228346456696" HPOS="59.24409448818898" CONTENT="LES" ID="tl_2_2" STYLEREFS="FONT1"/>
            <SP HEIGHT="26.929133858267715" WIDTH="4.535433070866142" VPOS="50.173228346456696" HPOS="90.99212598425197"/>
            <String HEIGHT="26.929133858267715" WIDTH="45.354330708661415" VPOS="50.173228346456696" HPOS="77.38582677165354" CONTENT="COCONS" ID="tl_2_3" STYLEREFS="FONT1"/>
            <SP HEIGHT="26.929133858267715" WIDTH="4.535433070866142" VPOS="50.173228346456696" HPOS="122.74015748031496"/>
            <String HEIGHT="26.929133858267715" WIDTH="27.212598425196852" VPOS="50.173228346456696" HPOS="109.13385826771653" CONTENT="ET" ID="tl_2_4" STYLEREFS="FONT1"/>
            <SP HEIGHT="26.929133858267715" WIDTH="4.535433070866142" VPOS="50.173228346456696" HPOS="136.3464566929134"/>
            <String HEIGHT="26.929133858267715" WIDTH="27.212598425196852" VPOS="50.173228346456696" HPOS="122.74015748031496" CONTENT="LE" ID="tl_2_5" STYLEREFS="FONT1"/>
            <SP HEIGHT="26.929133858267715" WIDTH="4.535433070866142" VPOS="50.173228346456696" HPOS="149.95275590551182"/>
            <String HEIGHT="26.929133858267715" WIDTH="63.496062992125985" VPOS="50.173228346456696" HPOS="136.3464566929134" CONTENT="MODULE" ID="tl_2_6" STYLEREFS="FONT1"/>
            <SP HEIGHT="26.929133858267715" WIDTH="4.535433070866142" VPOS="50.173228346456696" HPOS="199.84251968503938"/>
            <String HEIGHT="26.929133858267715" WIDTH="58.960629921259844" VPOS="50.173228346456696" HPOS="181.70078740157481" CONTENT="(maquette)." ID="tl_2_7" STYLEREFS="FONT0"/>
          </TextLine>
        </TextBlock>
        <TextBlock ID="r_2_2" HEIGHT="86.45669291338582" WIDTH="238.11023622047244" VPOS="70.01574803149606" HPOS="50.74015748031496">
          <TextLine ID="tl_3" BASELINE="320" HEIGHT="24.944881889763778" WIDTH="238.96062992125985" VPOS="65.76377952755905" HPOS="49.60629921259842">
            <String HEIGHT="24.944881889763778" WIDTH="32.031496062992126" VPOS="65.76377952755905" HPOS="45.07086614173228" CONTENT="Les" ID="tl_3_1" STYLEREFS="FONT0"/>
            <SP HEIGHT="24.944881889763778" WIDTH="4.535433070866142" VPOS="65.76377952755905" HPOS="77.10236220472441"/>
            <String HEIGHT="24.944881889763778" WIDTH="45.92125984251968" VPOS="65.76377952755905" HPOS="63.496062992125985" CONTENT="cocons" ID="tl_3_2" STYLEREFS="FONT0"/>
            <SP HEIGHT="24.944881889763778" WIDTH="4.535433070866142" VPOS="65.76377952755905" HPOS="109.41732283464567"/>
            <String HEIGHT="24.944881889763778" WIDTH="36.8503937007874" VPOS="65.76377952755905" HPOS="95.5275590551181" CONTENT="sont" ID="tl_3_3" STYLEREFS="FONT0"/>
            <SP HEIGHT="24.944881889763778" WIDTH="4.535433070866142" VPOS="65.76377952755905" HPOS="132.3779527559055"/>
            <String HEIGHT="24.944881889763778" WIDTH="32.031496062992126" VPOS="65.76377952755905" HPOS="118.48818897637796" CONTENT="des" ID="tl_3_4" STYLEREFS="FONT0"/>
            <SP HEIGHT="24.944881889763778" WIDTH="4.535433070866142" VPOS="65.76377952755905" HPOS="150.8031496062992"/>
            <String HEIGHT="24.944881889763778" WIDTH="55.275590551181104" VPOS="65.76377952755905" HPOS="136.91338582677164" CONTENT="cellules" ID="tl_3_5" STYLEREFS="FONT0"/>
            <SP HEIGHT="24.944881889763778" WIDTH="4.535433070866142" VPOS="65.76377952755905" HPOS="192.18897637795277"/>
            <String HEIGHT="24.944881889763778" WIDTH="73.41732283464567" VPOS="65.76377952755905" HPOS="178.29921259842519" CONTENT="d’habitation" ID="tl_3_6" STYLEREFS="FONT0"/>
            <SP HEIGHT="24.944881889763778" WIDTH="4.535433070866142" VPOS="65.76377952755905" HPOS="251.71653543307087"/>
            <String HEIGHT="24.944881889763778" WIDTH="55.275590551181104" VPOS="65.76377952755905" HPOS="233.29133858267716" CONTENT="industria" SUBS_TYPE="HypPart1" SUBS_CONTENT="industrialisées" ID="tl_3_7" STYLEREFS="FONT0"/>
            <HYP CONTENT="-"/>
          </TextLine>
          <TextLine ID="tl_4" BASELINE="355" HEIGHT="19.84251968503937" WIDTH="238.96062992125985" VPOS="80.78740157480316" HPOS="49.60629921259842">
            <String HEIGHT="19.84251968503937" WIDTH="47.90551181102362" VPOS="80.78740157480316" HPOS="44.78740157480315" CONTENT="lisées" SUBS_TYPE="HypPart2" SUBS_CONTENT="industrialisées" ID="tl_4_1" STYLEREFS="FONT0"/>
            <SP HEIGHT="19.84251968503937" WIDTH="4.818897637795276" VPOS="80.78740157480316" HPOS="92.69291338582677"/>
            <String HEIGHT="19.84251968503937" WIDTH="52.44094488188976" VPOS="80.78740157480316" HPOS="78.23622047244095" CONTENT="pouvant" ID="tl_4_2" STYLEREFS="FONT0"/>
            <SP HEIGHT="19.84251968503937" WIDTH="4.818897637795276" VPOS="80.78740157480316" HPOS="130.96062992125985"/>
            <String HEIGHT="19.84251968503937" WIDTH="66.89763779527559" VPOS="80.78740157480316" HPOS="116.50393700787401" CONTENT="constituer" ID="tl_4_3" STYLEREFS="FONT0"/>
            <SP HEIGHT="19.84251968503937" WIDTH="4.818897637795276" VPOS="80.78740157480316" HPOS="183.4015748031496"/>
            <String HEIGHT="19.84251968503937" WIDTH="33.44881889763779" VPOS="80.78740157480316" HPOS="169.22834645669292" CONTENT="des" ID="tl_4_4" STYLEREFS="FONT0"/>
            <SP HEIGHT="19.84251968503937" WIDTH="4.818897637795276" VPOS="80.78740157480316" HPOS="202.6771653543307"/>
            <String HEIGHT="19.84251968503937" WIDTH="52.44094488188976" VPOS="80.78740157480316" HPOS="188.2204724409449" CONTENT="motels," ID="tl_4_5" STYLEREFS="FONT0"/>
            <SP HEIGHT="19.84251968503937" WIDTH="4.818897637795276" VPOS="80.78740157480316" HPOS="240.66141732283464"/>
            <String HEIGHT="19.84251968503937" WIDTH="33.44881889763779" VPOS="80.78740157480316" HPOS="226.48818897637796" CONTENT="des" ID="tl_4_6" STYLEREFS="FONT0"/>
            <SP HEIGHT="19.84251968503937" WIDTH="4.818897637795276" VPOS="80.78740157480316" HPOS="259.93700787401576"/>
            <String HEIGHT="19.84251968503937" WIDTH="47.90551181102362" VPOS="80.78740157480316" HPOS="240.66141732283464" CONTENT="chambres" ID="tl_4_7" STYLEREFS="FONT0"/>
          </TextLine>
          <TextLine ID="tl_5" BASELINE="387" HEIGHT="20.409448818897637" WIDTH="239.81102362204723" VPOS="89.29133858267717" HPOS="49.32283464566929">
            <String HEIGHT="20.409448818897637" WIDTH="63.21259842519685" VPOS="89.29133858267717" HPOS="44.78740157480315" CONTENT="d’étudiant" ID="tl_5_1" STYLEREFS="FONT0"/>
            <SP HEIGHT="20.409448818897637" WIDTH="4.535433070866142" VPOS="89.29133858267717" HPOS="108.28346456692914"/>
            <String HEIGHT="20.409448818897637" WIDTH="27.212598425196852" VPOS="89.29133858267717" HPOS="94.67716535433071" CONTENT="ou" ID="tl_5_2" STYLEREFS="FONT0"/>
            <SP HEIGHT="20.409448818897637" WIDTH="4.535433070866142" VPOS="89.29133858267717" HPOS="121.60629921259843"/>
            <String HEIGHT="20.409448818897637" WIDTH="31.748031496062993" VPOS="89.29133858267717" HPOS="108.28346456692914" CONTENT="des" ID="tl_5_3" STYLEREFS="FONT0"/>
            <SP HEIGHT="20.409448818897637" WIDTH="4.535433070866142" VPOS="89.29133858267717" HPOS="139.748031496063"/>
            <String HEIGHT="20.409448818897637" WIDTH="63.21259842519685" VPOS="89.29133858267717" HPOS="126.14173228346456" CONTENT="résidences" ID="tl_5_4" STYLEREFS="FONT0"/>
            <SP HEIGHT="20.409448818897637" WIDTH="4.535433070866142" VPOS="89.29133858267717" HPOS="189.63779527559055"/>
            <String HEIGHT="20.409448818897637" WIDTH="67.74803149606299" VPOS="89.29133858267717" HPOS="176.03149606299212" CONTENT="secondaires" ID="tl_5_5" STYLEREFS="FONT0"/>
            <SP HEIGHT="20.409448818897637" WIDTH="4.535433070866142" VPOS="89.29133858267717" HPOS="243.7795275590551"/>
            <String HEIGHT="20.409448818897637" WIDTH="63.21259842519685" VPOS="89.29133858267717" HPOS="225.92125984251967" CONTENT="extensibles." ID="tl_5_6" STYLEREFS="FONT0"/>
          </TextLine>
          <TextLine ID="tl_6" BASELINE="422" HEIGHT="20.125984251968504" WIDTH="239.81102362204723" VPOS="99.49606299212599" HPOS="49.60629921259842">
            <String HEIGHT="20.125984251968504" WIDTH="31.748031496062993" VPOS="99.49606299212599" HPOS="45.07086614173228" CONTENT="Les" ID="tl_6_1" STYLEREFS="FONT0"/>
            <SP HEIGHT="20.125984251968504" WIDTH="4.535433070866142" VPOS="99.49606299212599" HPOS="76.81889763779527"/>
            <String HEIGHT="20.125984251968504" WIDTH="54.425196850393704" VPOS="99.49606299212599" HPOS="63.21259842519685" CONTENT="cellules" ID="tl_6_2" STYLEREFS="FONT0"/>
            <SP HEIGHT="20.125984251968504" WIDTH="4.535433070866142" VPOS="99.49606299212599" HPOS="117.35433070866142"/>
            <String HEIGHT="20.125984251968504" WIDTH="36.28346456692913" VPOS="99.49606299212599" HPOS="104.03149606299213" CONTENT="sont" ID="tl_6_3" STYLEREFS="FONT0"/>
            <SP HEIGHT="20.125984251968504" WIDTH="4.535433070866142" VPOS="99.49606299212599" HPOS="140.03149606299212"/>
            <String HEIGHT="20.125984251968504" WIDTH="67.74803149606299" VPOS="99.49606299212599" HPOS="126.4251968503937" CONTENT="constituées" ID="tl_6_4" STYLEREFS="FONT0"/>
            <SP HEIGHT="20.125984251968504" WIDTH="4.535433070866142" VPOS="99.49606299212599" HPOS="194.45669291338584"/>
            <String HEIGHT="20.125984251968504" WIDTH="31.748031496062993" VPOS="99.49606299212599" HPOS="180.8503937007874" CONTENT="par" ID="tl_6_5" STYLEREFS="FONT0"/>
            <SP HEIGHT="20.125984251968504" WIDTH="4.535433070866142" VPOS="99.49606299212599" HPOS="212.5984251968504"/>
            <String HEIGHT="20.125984251968504" WIDTH="72.28346456692914" VPOS="99.49606299212599" HPOS="198.99212598425197" CONTENT="l’assemblage" ID="tl_6_6" STYLEREFS="FONT0"/>
            <SP HEIGHT="20.125984251968504" WIDTH="4.535433070866142" VPOS="99.49606299212599" HPOS="271.2755905511811"/>
            <String HEIGHT="20.125984251968504" WIDTH="36.28346456692913" VPOS="99.49606299212599" HPOS="253.13385826771653" CONTENT="d’élé" SUBS_TYPE="HypPart1" SUBS_CONTENT="d’éléments" ID="tl_6_7" STYLEREFS="FONT0"/>
            <HYP CONTENT="-"/>
          </TextLine>
          <TextLine ID="tl_7" BASELINE="454" HEIGHT="21.25984251968504" WIDTH="239.24409448818898" VPOS="107.43307086614173" HPOS="50.173228346456696">
            <String HEIGHT="21.25984251968504" WIDTH="45.92125984251968" VPOS="107.43307086614173" HPOS="45.07086614173228" CONTENT="ments" SUBS_TYPE="HypPart2" SUBS_CONTENT="d’éléments" ID="tl_7_1" STYLEREFS="FONT0"/>
            <SP HEIGHT="21.25984251968504" WIDTH="5.102362204724409" VPOS="107.43307086614173" HPOS="90.99212598425197"/>
            <String HEIGHT="21.25984251968504" WIDTH="60.94488188976378" VPOS="107.43307086614173" HPOS="75.68503937007874" CONTENT="produits" ID="tl_7_2" STYLEREFS="FONT0"/>
            <SP HEIGHT="21.25984251968504" WIDTH="5.102362204724409" VPOS="107.43307086614173" HPOS="136.62992125984252"/>
            <String HEIGHT="21.25984251968504" WIDTH="30.614173228346456" VPOS="107.43307086614173" HPOS="121.32283464566929" CONTENT="en" ID="tl_7_3" STYLEREFS="FONT0"/>
            <SP HEIGHT="21.25984251968504" WIDTH="5.102362204724409" VPOS="107.43307086614173" HPOS="151.93700787401573"/>
            <String HEIGHT="21.25984251968504" WIDTH="45.92125984251968" VPOS="107.43307086614173" HPOS="136.62992125984252" CONTENT="série" ID="tl_7_4" STYLEREFS="FONT0"/>
            <SP HEIGHT="21.25984251968504" WIDTH="5.102362204724409" VPOS="107.43307086614173" HPOS="182.5511811023622"/>
            <String HEIGHT="21.25984251968504" WIDTH="56.125984251968504" VPOS="107.43307086614173" HPOS="167.24409448818898" CONTENT="suivant" ID="tl_7_5" STYLEREFS="FONT0"/>
            <SP HEIGHT="21.25984251968504" WIDTH="5.102362204724409" VPOS="107.43307086614173" HPOS="223.37007874015748"/>
            <String HEIGHT="21.25984251968504" WIDTH="40.818897637795274" VPOS="107.43307086614173" HPOS="208.06299212598427" CONTENT="deux" ID="tl_7_6" STYLEREFS="FONT0"/>
            <SP HEIGHT="21.25984251968504" WIDTH="5.102362204724409" VPOS="107.43307086614173" HPOS="248.5984251968504"/>
            <String HEIGHT="21.25984251968504" WIDTH="56.125984251968504" VPOS="107.43307086614173" HPOS="233.29133858267716" CONTENT="modèles" ID="tl_7_7" STYLEREFS="FONT0"/>
            <SP HEIGHT="21.25984251968504" WIDTH="5.102362204724409" VPOS="107.43307086614173" HPOS="289.4173228346457"/>
            <String HEIGHT="21.25984251968504" WIDTH="20.409448818897637" VPOS="107.43307086614173" HPOS="269.00787401574803" CONTENT="de" ID="tl_7_8" STYLEREFS="FONT0"/>
          </TextLine>
          <TextLine ID="tl_8" BASELINE="486" HEIGHT="18.992125984251967" WIDTH="239.5275590551181" VPOS="118.77165354330708" HPOS="50.45669291338583">
            <String HEIGHT="18.992125984251967" WIDTH="43.08661417322835" VPOS="118.77165354330708" HPOS="45.63779527559055" CONTENT="base." ID="tl_8_1" STYLEREFS="FONT0"/>
            <SP HEIGHT="18.992125984251967" WIDTH="4.818897637795276" VPOS="118.77165354330708" HPOS="88.7244094488189"/>
            <String HEIGHT="18.992125984251967" WIDTH="47.90551181102362" VPOS="118.77165354330708" HPOS="74.55118110236221" CONTENT="Chaque" ID="tl_8_2" STYLEREFS="FONT0"/>
            <SP HEIGHT="18.992125984251967" WIDTH="4.818897637795276" VPOS="118.77165354330708" HPOS="122.45669291338582"/>
            <String HEIGHT="18.992125984251967" WIDTH="52.724409448818896" VPOS="118.77165354330708" HPOS="108.0" CONTENT="élément" ID="tl_8_3" STYLEREFS="FONT0"/>
            <SP HEIGHT="18.992125984251967" WIDTH="4.818897637795276" VPOS="118.77165354330708" HPOS="160.7244094488189"/>
            <String HEIGHT="18.992125984251967" WIDTH="33.44881889763779" VPOS="118.77165354330708" HPOS="146.26771653543307" CONTENT="est" ID="tl_8_4" STYLEREFS="FONT0"/>
            <SP HEIGHT="18.992125984251967" WIDTH="4.818897637795276" VPOS="118.77165354330708" HPOS="179.71653543307087"/>
            <String HEIGHT="18.992125984251967" WIDTH="47.90551181102362" VPOS="118.77165354330708" HPOS="165.54330708661416" CONTENT="équipé" ID="tl_8_5" STYLEREFS="FONT0"/>
            <SP HEIGHT="18.992125984251967" WIDTH="4.818897637795276" VPOS="118.77165354330708" HPOS="213.4488188976378"/>
            <String HEIGHT="18.992125984251967" WIDTH="28.62992125984252" VPOS="118.77165354330708" HPOS="198.99212598425197" CONTENT="en" ID="tl_8_6" STYLEREFS="FONT0"/>
            <SP HEIGHT="18.992125984251967" WIDTH="4.818897637795276" VPOS="118.77165354330708" HPOS="227.6220472440945"/>
            <String HEIGHT="18.992125984251967" WIDTH="47.90551181102362" VPOS="118.77165354330708" HPOS="213.4488188976378" CONTENT="usine." ID="tl_8_7" STYLEREFS="FONT0"/>
            <SP HEIGHT="18.992125984251967" WIDTH="4.818897637795276" VPOS="118.77165354330708" HPOS="261.3543307086614"/>
            <String HEIGHT="18.992125984251967" WIDTH="47.90551181102362" VPOS="118.77165354330708" HPOS="242.07874015748033" CONTENT="L’assem" SUBS_TYPE="HypPart1" SUBS_CONTENT="L’assemblage" ID="tl_8_8" STYLEREFS="FONT0"/>
            <HYP CONTENT="-"/>
          </TextLine>
          <TextLine ID="tl_9" BASELINE="517" HEIGHT="20.69291338582677" WIDTH="239.24409448818898" VPOS="125.85826771653544" HPOS="51.023622047244096">
            <String HEIGHT="20.69291338582677" WIDTH="43.93700787401575" VPOS="125.85826771653544" HPOS="46.20472440944882" CONTENT="blage" SUBS_TYPE="HypPart2" SUBS_CONTENT="L’assemblage" ID="tl_9_1" STYLEREFS="FONT0"/>
            <SP HEIGHT="20.69291338582677" WIDTH="4.818897637795276" VPOS="125.85826771653544" HPOS="90.14173228346456"/>
            <String HEIGHT="20.69291338582677" WIDTH="34.2992125984252" VPOS="125.85826771653544" HPOS="75.4015748031496" CONTENT="des" ID="tl_9_2" STYLEREFS="FONT0"/>
            <SP HEIGHT="20.69291338582677" WIDTH="4.818897637795276" VPOS="125.85826771653544" HPOS="109.7007874015748"/>
            <String HEIGHT="20.69291338582677" WIDTH="58.67716535433071" VPOS="125.85826771653544" HPOS="94.96062992125984" CONTENT="éléments" ID="tl_9_3" STYLEREFS="FONT0"/>
            <SP HEIGHT="20.69291338582677" WIDTH="4.818897637795276" VPOS="125.85826771653544" HPOS="153.63779527559055"/>
            <String HEIGHT="20.69291338582677" WIDTH="43.93700787401575" VPOS="125.85826771653544" HPOS="138.89763779527559" CONTENT="étant" ID="tl_9_4" STYLEREFS="FONT0"/>
            <SP HEIGHT="20.69291338582677" WIDTH="4.818897637795276" VPOS="125.85826771653544" HPOS="182.83464566929135"/>
            <String HEIGHT="20.69291338582677" WIDTH="53.574803149606296" VPOS="125.85826771653544" HPOS="168.09448818897638" CONTENT="réalisé" ID="tl_9_5" STYLEREFS="FONT0"/>
            <SP HEIGHT="20.69291338582677" WIDTH="4.818897637795276" VPOS="125.85826771653544" HPOS="221.95275590551182"/>
            <String HEIGHT="20.69291338582677" WIDTH="34.2992125984252" VPOS="125.85826771653544" HPOS="207.21259842519686" CONTENT="sur" ID="tl_9_6" STYLEREFS="FONT0"/>
            <SP HEIGHT="20.69291338582677" WIDTH="4.818897637795276" VPOS="125.85826771653544" HPOS="241.51181102362204"/>
            <String HEIGHT="20.69291338582677" WIDTH="29.19685039370079" VPOS="125.85826771653544" HPOS="226.77165354330708" CONTENT="le" ID="tl_9_7" STYLEREFS="FONT0"/>
            <SP HEIGHT="20.69291338582677" WIDTH="4.818897637795276" VPOS="125.85826771653544" HPOS="255.96850393700788"/>
            <String HEIGHT="20.69291338582677" WIDTH="53.574803149606296" VPOS="125.85826771653544" HPOS="236.69291338582678" CONTENT="chantier," ID="tl_9_8" STYLEREFS="FONT0"/>
          </TextLine>
          <TextLine ID="tl_10" BASELINE="553" HEIGHT="17.007874015748033" WIDTH="134.9291338582677" VPOS="139.748031496063" HPOS="50.45669291338583">
            <String HEIGHT="17.007874015748033" WIDTH="43.37007874015748" VPOS="139.748031496063" HPOS="45.63779527559055" CONTENT="ainsi" ID="tl_10_1" STYLEREFS="FONT0"/>
            <SP HEIGHT="17.007874015748033" WIDTH="4.818897637795276" VPOS="139.748031496063" HPOS="89.00787401574803"/>
            <String HEIGHT="17.007874015748033" WIDTH="33.732283464566926" VPOS="139.748031496063" HPOS="74.55118110236221" CONTENT="que" ID="tl_10_2" STYLEREFS="FONT0"/>
            <SP HEIGHT="17.007874015748033" WIDTH="4.818897637795276" VPOS="139.748031496063" HPOS="108.28346456692914"/>
            <String HEIGHT="17.007874015748033" WIDTH="28.913385826771652" VPOS="139.748031496063" HPOS="93.8267716535433" CONTENT="la" ID="tl_10_3" STYLEREFS="FONT0"/>
            <SP HEIGHT="17.007874015748033" WIDTH="4.818897637795276" VPOS="139.748031496063" HPOS="122.74015748031496"/>
            <String HEIGHT="17.007874015748033" WIDTH="38.55118110236221" VPOS="139.748031496063" HPOS="108.28346456692914" CONTENT="pose" ID="tl_10_4" STYLEREFS="FONT0"/>
            <SP HEIGHT="17.007874015748033" WIDTH="4.818897637795276" VPOS="139.748031496063" HPOS="146.83464566929135"/>
            <String HEIGHT="17.007874015748033" WIDTH="33.732283464566926" VPOS="139.748031496063" HPOS="132.3779527559055" CONTENT="des" ID="tl_10_5" STYLEREFS="FONT0"/>
            <SP HEIGHT="17.007874015748033" WIDTH="4.818897637795276" VPOS="139.748031496063" HPOS="166.11023622047244"/>
            <String HEIGHT="17.007874015748033" WIDTH="38.55118110236221" VPOS="139.748031496063" HPOS="146.83464566929135" CONTENT="baies." ID="tl_10_6" STYLEREFS="FONT0"/>
          </TextLine>
        </TextBlock>
        <TextBlock ID="r_2_3" HEIGHT="38.55118110236221" WIDTH="236.40944881889763" VPOS="146.26771653543307" HPOS="53.29133858267716">
          <TextLine ID="tl_11" BASELINE="583" HEIGHT="19.84251968503937" WIDTH="239.24409448818898" VPOS="145.41732283464566" HPOS="51.59055118110236">
            <String HEIGHT="19.84251968503937" WIDTH="30.614173228346456" VPOS="145.41732283464566" HPOS="46.488188976377955" CONTENT="Le" ID="tl_11_1" STYLEREFS="FONT0"/>
            <SP HEIGHT="19.84251968503937" WIDTH="5.102362204724409" VPOS="145.41732283464566" HPOS="77.10236220472441"/>
            <String HEIGHT="19.84251968503937" WIDTH="56.125984251968504" VPOS="145.41732283464566" HPOS="61.79527559055118" CONTENT="système" ID="tl_11_2" STYLEREFS="FONT0"/>
            <SP HEIGHT="19.84251968503937" WIDTH="5.102362204724409" VPOS="145.41732283464566" HPOS="117.63779527559055"/>
            <String HEIGHT="19.84251968503937" WIDTH="51.023622047244096" VPOS="145.41732283464566" HPOS="102.61417322834646" CONTENT="permet" ID="tl_11_3" STYLEREFS="FONT0"/>
            <SP HEIGHT="19.84251968503937" WIDTH="5.102362204724409" VPOS="145.41732283464566" HPOS="153.35433070866142"/>
            <String HEIGHT="19.84251968503937" WIDTH="35.71653543307087" VPOS="145.41732283464566" HPOS="138.04724409448818" CONTENT="une" ID="tl_11_4" STYLEREFS="FONT0"/>
            <SP HEIGHT="19.84251968503937" WIDTH="5.102362204724409" VPOS="145.41732283464566" HPOS="173.76377952755905"/>
            <String HEIGHT="19.84251968503937" WIDTH="51.023622047244096" VPOS="145.41732283464566" HPOS="158.45669291338584" CONTENT="grande" ID="tl_11_5" STYLEREFS="FONT0"/>
            <SP HEIGHT="19.84251968503937" WIDTH="5.102362204724409" VPOS="145.41732283464566" HPOS="209.48031496062993"/>
            <String HEIGHT="19.84251968503937" WIDTH="56.125984251968504" VPOS="145.41732283464566" HPOS="194.17322834645668" CONTENT="liberté" ID="tl_11_6" STYLEREFS="FONT0"/>
            <SP HEIGHT="19.84251968503937" WIDTH="5.102362204724409" VPOS="145.41732283464566" HPOS="250.01574803149606"/>
            <String HEIGHT="19.84251968503937" WIDTH="30.614173228346456" VPOS="145.41732283464566" HPOS="234.70866141732284" CONTENT="en" ID="tl_11_7" STYLEREFS="FONT0"/>
            <SP HEIGHT="19.84251968503937" WIDTH="5.102362204724409" VPOS="145.41732283464566" HPOS="265.3228346456693"/>
            <String HEIGHT="19.84251968503937" WIDTH="40.818897637795274" VPOS="145.41732283464566" HPOS="250.01574803149606" CONTENT="plan" ID="tl_11_8" STYLEREFS="FONT0"/>
            <SP HEIGHT="19.84251968503937" WIDTH="5.102362204724409" VPOS="145.41732283464566" HPOS="290.8346456692913"/>
            <String HEIGHT="19.84251968503937" WIDTH="20.409448818897637" VPOS="145.41732283464566" HPOS="270.4251968503937" CONTENT="et" ID="tl_11_9" STYLEREFS="FONT0"/>
          </TextLine>
          <TextLine ID="tl_12" BASELINE="615" HEIGHT="20.125984251968504" WIDTH="238.39370078740157" VPOS="154.20472440944883" HPOS="51.874015748031496">
            <String HEIGHT="20.125984251968504" WIDTH="76.25196850393701" VPOS="154.20472440944883" HPOS="47.05511811023622" CONTENT="l’adaptation" ID="tl_12_1" STYLEREFS="FONT0"/>
            <SP HEIGHT="20.125984251968504" WIDTH="4.818897637795276" VPOS="154.20472440944883" HPOS="123.30708661417323"/>
            <String HEIGHT="20.125984251968504" WIDTH="23.811023622047244" VPOS="154.20472440944883" HPOS="109.13385826771653" CONTENT="a" ID="tl_12_2" STYLEREFS="FONT0"/>
            <SP HEIGHT="20.125984251968504" WIDTH="4.818897637795276" VPOS="154.20472440944883" HPOS="132.9448818897638"/>
            <String HEIGHT="20.125984251968504" WIDTH="38.267716535433074" VPOS="154.20472440944883" HPOS="118.48818897637796" CONTENT="tout" ID="tl_12_3" STYLEREFS="FONT0"/>
            <SP HEIGHT="20.125984251968504" WIDTH="4.818897637795276" VPOS="154.20472440944883" HPOS="156.75590551181102"/>
            <String HEIGHT="20.125984251968504" WIDTH="52.44094488188976" VPOS="154.20472440944883" HPOS="142.58267716535434" CONTENT="terrain" ID="tl_12_4" STYLEREFS="FONT0"/>
            <SP HEIGHT="20.125984251968504" WIDTH="4.818897637795276" VPOS="154.20472440944883" HPOS="195.0236220472441"/>
            <String HEIGHT="20.125984251968504" WIDTH="42.803149606299215" VPOS="154.20472440944883" HPOS="180.56692913385828" CONTENT="grâce" ID="tl_12_5" STYLEREFS="FONT0"/>
            <SP HEIGHT="20.125984251968504" WIDTH="4.818897637795276" VPOS="154.20472440944883" HPOS="223.6535433070866"/>
            <String HEIGHT="20.125984251968504" WIDTH="28.62992125984252" VPOS="154.20472440944883" HPOS="209.1968503937008" CONTENT="au" ID="tl_12_6" STYLEREFS="FONT0"/>
            <SP HEIGHT="20.125984251968504" WIDTH="4.818897637795276" VPOS="154.20472440944883" HPOS="237.82677165354332"/>
            <String HEIGHT="20.125984251968504" WIDTH="42.803149606299215" VPOS="154.20472440944883" HPOS="223.6535433070866" CONTENT="point" ID="tl_12_7" STYLEREFS="FONT0"/>
            <SP HEIGHT="20.125984251968504" WIDTH="4.818897637795276" VPOS="154.20472440944883" HPOS="266.45669291338584"/>
            <String HEIGHT="20.125984251968504" WIDTH="42.803149606299215" VPOS="154.20472440944883" HPOS="247.46456692913387" CONTENT="d’appui" ID="tl_12_8" STYLEREFS="FONT0"/>
          </TextLine>
          <TextLine ID="tl_13" BASELINE="650" HEIGHT="15.874015748031496" WIDTH="155.33858267716536" VPOS="168.3779527559055" HPOS="52.15748031496063">
            <String HEIGHT="15.874015748031496" WIDTH="47.05511811023622" VPOS="168.3779527559055" HPOS="47.338582677165356" CONTENT="unique" ID="tl_13_1" STYLEREFS="FONT0"/>
            <SP HEIGHT="15.874015748031496" WIDTH="4.818897637795276" VPOS="168.3779527559055" HPOS="94.39370078740157"/>
            <String HEIGHT="15.874015748031496" WIDTH="28.346456692913385" VPOS="168.3779527559055" HPOS="80.50393700787401" CONTENT="de" ID="tl_13_2" STYLEREFS="FONT0"/>
            <SP HEIGHT="15.874015748031496" WIDTH="4.818897637795276" VPOS="168.3779527559055" HPOS="108.56692913385827"/>
            <String HEIGHT="15.874015748031496" WIDTH="47.05511811023622" VPOS="168.3779527559055" HPOS="94.39370078740157" CONTENT="chaque" ID="tl_13_3" STYLEREFS="FONT0"/>
            <SP HEIGHT="15.874015748031496" WIDTH="4.818897637795276" VPOS="168.3779527559055" HPOS="141.73228346456693"/>
            <String HEIGHT="15.874015748031496" WIDTH="51.874015748031496" VPOS="168.3779527559055" HPOS="127.55905511811024" CONTENT="cellule" ID="tl_13_4" STYLEREFS="FONT0"/>
            <SP HEIGHT="15.874015748031496" WIDTH="4.818897637795276" VPOS="168.3779527559055" HPOS="179.1496062992126"/>
            <String HEIGHT="15.874015748031496" WIDTH="28.346456692913385" VPOS="168.3779527559055" HPOS="165.25984251968504" CONTENT="de" ID="tl_13_5" STYLEREFS="FONT0"/>
            <SP HEIGHT="15.874015748031496" WIDTH="4.818897637795276" VPOS="168.3779527559055" HPOS="193.3228346456693"/>
            <String HEIGHT="15.874015748031496" WIDTH="32.881889763779526" VPOS="168.3779527559055" HPOS="174.61417322834646" CONTENT="base." ID="tl_13_6" STYLEREFS="FONT0"/>
          </TextLine>
        </TextBlock>
        <TextBlock ID="r_2_4" HEIGHT="56.40944881889764" WIDTH="236.9763779527559" VPOS="174.33070866141733" HPOS="53.85826771653543">
          <TextLine ID="tl_14" BASELINE="682" HEIGHT="20.409448818897637" WIDTH="238.96062992125985" VPOS="172.91338582677164" HPOS="52.724409448818896">
            <String HEIGHT="20.409448818897637" WIDTH="29.19685039370079" VPOS="172.91338582677164" HPOS="47.90551181102362" CONTENT="Le" ID="tl_14_1" STYLEREFS="FONT0"/>
            <SP HEIGHT="20.409448818897637" WIDTH="4.818897637795276" VPOS="172.91338582677164" HPOS="77.10236220472441"/>
            <String HEIGHT="20.409448818897637" WIDTH="48.75590551181102" VPOS="172.91338582677164" HPOS="62.36220472440945" CONTENT="module" ID="tl_14_2" STYLEREFS="FONT0"/>
            <SP HEIGHT="20.409448818897637" WIDTH="4.818897637795276" VPOS="172.91338582677164" HPOS="111.11811023622047"/>
            <String HEIGHT="20.409448818897637" WIDTH="34.01574803149607" VPOS="172.91338582677164" HPOS="96.66141732283465" CONTENT="est" ID="tl_14_3" STYLEREFS="FONT0"/>
            <SP HEIGHT="20.409448818897637" WIDTH="4.818897637795276" VPOS="172.91338582677164" HPOS="130.6771653543307"/>
            <String HEIGHT="20.409448818897637" WIDTH="29.19685039370079" VPOS="172.91338582677164" HPOS="116.22047244094489" CONTENT="un" ID="tl_14_4" STYLEREFS="FONT0"/>
            <SP HEIGHT="20.409448818897637" WIDTH="4.818897637795276" VPOS="172.91338582677164" HPOS="145.41732283464566"/>
            <String HEIGHT="20.409448818897637" WIDTH="53.574803149606296" VPOS="172.91338582677164" HPOS="130.6771653543307" CONTENT="système" ID="tl_14_5" STYLEREFS="FONT0"/>
            <SP HEIGHT="20.409448818897637" WIDTH="4.818897637795276" VPOS="172.91338582677164" HPOS="184.53543307086613"/>
            <String HEIGHT="20.409448818897637" WIDTH="29.19685039370079" VPOS="172.91338582677164" HPOS="169.79527559055117" CONTENT="de" ID="tl_14_6" STYLEREFS="FONT0"/>
            <SP HEIGHT="20.409448818897637" WIDTH="4.818897637795276" VPOS="172.91338582677164" HPOS="198.99212598425197"/>
            <String HEIGHT="20.409448818897637" WIDTH="77.95275590551181" VPOS="172.91338582677164" HPOS="184.53543307086613" CONTENT="construction" ID="tl_14_7" STYLEREFS="FONT0"/>
            <SP HEIGHT="20.409448818897637" WIDTH="4.818897637795276" VPOS="172.91338582677164" HPOS="262.48818897637796"/>
            <String HEIGHT="20.409448818897637" WIDTH="39.118110236220474" VPOS="172.91338582677164" HPOS="247.748031496063" CONTENT="basé" ID="tl_14_8" STYLEREFS="FONT0"/>
            <SP HEIGHT="20.409448818897637" WIDTH="4.818897637795276" VPOS="172.91338582677164" HPOS="286.86614173228344"/>
            <String HEIGHT="20.409448818897637" WIDTH="24.37795275590551" VPOS="172.91338582677164" HPOS="267.3070866141732" CONTENT="sur" ID="tl_14_9" STYLEREFS="FONT0"/>
          </TextLine>
          <TextLine ID="tl_15" BASELINE="716" HEIGHT="20.409448818897637" WIDTH="239.24409448818898" VPOS="182.5511811023622" HPOS="52.44094488188976">
            <String HEIGHT="20.409448818897637" WIDTH="31.181102362204726" VPOS="182.5511811023622" HPOS="47.338582677165356" CONTENT="la" ID="tl_15_1" STYLEREFS="FONT0"/>
            <SP HEIGHT="20.409448818897637" WIDTH="5.102362204724409" VPOS="182.5511811023622" HPOS="78.51968503937007"/>
            <String HEIGHT="20.409448818897637" WIDTH="41.669291338582674" VPOS="182.5511811023622" HPOS="62.92913385826772" CONTENT="mise" ID="tl_15_2" STYLEREFS="FONT0"/>
            <SP HEIGHT="20.409448818897637" WIDTH="5.102362204724409" VPOS="182.5511811023622" HPOS="104.31496062992126"/>
            <String HEIGHT="20.409448818897637" WIDTH="31.181102362204726" VPOS="182.5511811023622" HPOS="88.7244094488189" CONTENT="en" ID="tl_15_3" STYLEREFS="FONT0"/>
            <SP HEIGHT="20.409448818897637" WIDTH="5.102362204724409" VPOS="182.5511811023622" HPOS="120.18897637795276"/>
            <String HEIGHT="20.409448818897637" WIDTH="46.77165354330709" VPOS="182.5511811023622" HPOS="104.31496062992126" CONTENT="œuvre" ID="tl_15_4" STYLEREFS="FONT0"/>
            <SP HEIGHT="20.409448818897637" WIDTH="5.102362204724409" VPOS="182.5511811023622" HPOS="151.37007874015748"/>
            <String HEIGHT="20.409448818897637" WIDTH="41.669291338582674" VPOS="182.5511811023622" HPOS="135.7795275590551" CONTENT="d’un" ID="tl_15_5" STYLEREFS="FONT0"/>
            <SP HEIGHT="20.409448818897637" WIDTH="5.102362204724409" VPOS="182.5511811023622" HPOS="177.16535433070865"/>
            <String HEIGHT="20.409448818897637" WIDTH="41.669291338582674" VPOS="182.5511811023622" HPOS="161.5748031496063" CONTENT="seul" ID="tl_15_6" STYLEREFS="FONT0"/>
            <SP HEIGHT="20.409448818897637" WIDTH="5.102362204724409" VPOS="182.5511811023622" HPOS="203.24409448818898"/>
            <String HEIGHT="20.409448818897637" WIDTH="57.25984251968504" VPOS="182.5511811023622" HPOS="187.6535433070866" CONTENT="élément" ID="tl_15_7" STYLEREFS="FONT0"/>
            <SP HEIGHT="20.409448818897637" WIDTH="5.102362204724409" VPOS="182.5511811023622" HPOS="244.91338582677164"/>
            <String HEIGHT="20.409448818897637" WIDTH="67.74803149606299" VPOS="182.5511811023622" HPOS="223.93700787401573" CONTENT="préfabriqué" ID="tl_15_8" STYLEREFS="FONT0"/>
          </TextLine>
          <TextLine ID="tl_16" BASELINE="754" HEIGHT="21.25984251968504" WIDTH="239.81102362204723" VPOS="192.4724409448819" HPOS="52.44094488188976">
            <String HEIGHT="21.25984251968504" WIDTH="66.61417322834646" VPOS="192.4724409448819" HPOS="47.90551181102362" CONTENT="participant" ID="tl_16_1" STYLEREFS="FONT0"/>
            <SP HEIGHT="21.25984251968504" WIDTH="4.535433070866142" VPOS="192.4724409448819" HPOS="114.51968503937007"/>
            <String HEIGHT="21.25984251968504" WIDTH="22.11023622047244" VPOS="192.4724409448819" HPOS="101.19685039370079" CONTENT="à" ID="tl_16_2" STYLEREFS="FONT0"/>
            <SP HEIGHT="21.25984251968504" WIDTH="4.535433070866142" VPOS="192.4724409448819" HPOS="123.59055118110236"/>
            <String HEIGHT="21.25984251968504" WIDTH="62.07874015748032" VPOS="192.4724409448819" HPOS="110.26771653543307" CONTENT="l’ossature" ID="tl_16_3" STYLEREFS="FONT0"/>
            <SP HEIGHT="21.25984251968504" WIDTH="4.535433070866142" VPOS="192.4724409448819" HPOS="172.3464566929134"/>
            <String HEIGHT="21.25984251968504" WIDTH="26.64566929133858" VPOS="192.4724409448819" HPOS="159.0236220472441" CONTENT="et" ID="tl_16_4" STYLEREFS="FONT0"/>
            <SP HEIGHT="21.25984251968504" WIDTH="4.535433070866142" VPOS="192.4724409448819" HPOS="185.66929133858267"/>
            <String HEIGHT="21.25984251968504" WIDTH="35.43307086614173" VPOS="192.4724409448819" HPOS="172.3464566929134" CONTENT="dont" ID="tl_16_5" STYLEREFS="FONT0"/>
            <SP HEIGHT="21.25984251968504" WIDTH="4.535433070866142" VPOS="192.4724409448819" HPOS="207.7795275590551"/>
            <String HEIGHT="21.25984251968504" WIDTH="26.64566929133858" VPOS="192.4724409448819" HPOS="194.45669291338584" CONTENT="la" ID="tl_16_6" STYLEREFS="FONT0"/>
            <SP HEIGHT="21.25984251968504" WIDTH="4.535433070866142" VPOS="192.4724409448819" HPOS="221.10236220472441"/>
            <String HEIGHT="21.25984251968504" WIDTH="48.75590551181102" VPOS="192.4724409448819" HPOS="207.7795275590551" CONTENT="variété" ID="tl_16_7" STYLEREFS="FONT0"/>
            <SP HEIGHT="21.25984251968504" WIDTH="4.535433070866142" VPOS="192.4724409448819" HPOS="256.81889763779526"/>
            <String HEIGHT="21.25984251968504" WIDTH="31.181102362204726" VPOS="192.4724409448819" HPOS="243.49606299212599" CONTENT="des" ID="tl_16_8" STYLEREFS="FONT0"/>
            <SP HEIGHT="21.25984251968504" WIDTH="4.535433070866142" VPOS="192.4724409448819" HPOS="274.3937007874016"/>
            <String HEIGHT="21.25984251968504" WIDTH="35.43307086614173" VPOS="192.4724409448819" HPOS="256.81889763779526" CONTENT="assem" SUBS_TYPE="HypPart1" SUBS_CONTENT="assemblages" ID="tl_16_9" STYLEREFS="FONT0"/>
            <HYP CONTENT="-"/>
          </TextLine>
          <TextLine ID="tl_17" BASELINE="790" HEIGHT="21.826771653543307" WIDTH="239.24409448818898" VPOS="202.11023622047244" HPOS="53.00787401574803">
            <String HEIGHT="21.826771653543307" WIDTH="47.90551181102362" VPOS="202.11023622047244" HPOS="48.188976377952756" CONTENT="blages" SUBS_TYPE="HypPart2" SUBS_CONTENT="assemblages" ID="tl_17_1" STYLEREFS="FONT0"/>
            <SP HEIGHT="21.826771653543307" WIDTH="4.818897637795276" VPOS="202.11023622047244" HPOS="96.09448818897638"/>
            <String HEIGHT="21.826771653543307" WIDTH="47.90551181102362" VPOS="202.11023622047244" HPOS="81.63779527559055" CONTENT="permet" ID="tl_17_2" STYLEREFS="FONT0"/>
            <SP HEIGHT="21.826771653543307" WIDTH="4.818897637795276" VPOS="202.11023622047244" HPOS="129.54330708661416"/>
            <String HEIGHT="21.826771653543307" WIDTH="28.62992125984252" VPOS="202.11023622047244" HPOS="115.08661417322834" CONTENT="un" ID="tl_17_3" STYLEREFS="FONT0"/>
            <SP HEIGHT="21.826771653543307" WIDTH="4.818897637795276" VPOS="202.11023622047244" HPOS="144.0"/>
            <String HEIGHT="21.826771653543307" WIDTH="43.08661417322835" VPOS="202.11023622047244" HPOS="129.54330708661416" CONTENT="grand" ID="tl_17_4" STYLEREFS="FONT0"/>
            <SP HEIGHT="21.826771653543307" WIDTH="4.818897637795276" VPOS="202.11023622047244" HPOS="172.62992125984252"/>
            <String HEIGHT="21.826771653543307" WIDTH="47.90551181102362" VPOS="202.11023622047244" HPOS="158.17322834645668" CONTENT="nombre" ID="tl_17_5" STYLEREFS="FONT0"/>
            <SP HEIGHT="21.826771653543307" WIDTH="4.818897637795276" VPOS="202.11023622047244" HPOS="206.07874015748033"/>
            <String HEIGHT="21.826771653543307" WIDTH="28.62992125984252" VPOS="202.11023622047244" HPOS="191.90551181102362" CONTENT="de" ID="tl_17_6" STYLEREFS="FONT0"/>
            <SP HEIGHT="21.826771653543307" WIDTH="4.818897637795276" VPOS="202.11023622047244" HPOS="220.53543307086613"/>
            <String HEIGHT="21.826771653543307" WIDTH="62.07874015748032" VPOS="202.11023622047244" HPOS="206.07874015748033" CONTENT="solutions" ID="tl_17_7" STYLEREFS="FONT0"/>
            <SP HEIGHT="21.826771653543307" WIDTH="4.818897637795276" VPOS="202.11023622047244" HPOS="268.4409448818898"/>
            <String HEIGHT="21.826771653543307" WIDTH="28.62992125984252" VPOS="202.11023622047244" HPOS="253.98425196850394" CONTENT="en" ID="tl_17_8" STYLEREFS="FONT0"/>
            <SP HEIGHT="21.826771653543307" WIDTH="4.818897637795276" VPOS="202.11023622047244" HPOS="282.61417322834643"/>
            <String HEIGHT="21.826771653543307" WIDTH="28.62992125984252" VPOS="202.11023622047244" HPOS="263.62204724409446" CONTENT="plan" ID="tl_17_9" STYLEREFS="FONT0"/>
          </TextLine>
          <TextLine ID="tl_18" BASELINE="827" HEIGHT="15.023622047244094" WIDTH="62.645669291338585" VPOS="219.4015748031496" HPOS="52.44094488188976">
            <String HEIGHT="15.023622047244094" WIDTH="28.913385826771652" VPOS="219.4015748031496" HPOS="47.62204724409449" CONTENT="et" ID="tl_18_1" STYLEREFS="FONT0"/>
            <SP HEIGHT="15.023622047244094" WIDTH="4.818897637795276" VPOS="219.4015748031496" HPOS="76.53543307086615"/>
            <String HEIGHT="15.023622047244094" WIDTH="28.913385826771652" VPOS="219.4015748031496" HPOS="62.07874015748032" CONTENT="en" ID="tl_18_2" STYLEREFS="FONT0"/>
            <SP HEIGHT="15.023622047244094" WIDTH="4.818897637795276" VPOS="219.4015748031496" HPOS="90.99212598425197"/>
            <String HEIGHT="15.023622047244094" WIDTH="43.37007874015748" VPOS="219.4015748031496" HPOS="71.71653543307086" CONTENT="volume." ID="tl_18_3" STYLEREFS="FONT0"/>
          </TextLine>
        </TextBlock>
        <TextBlock ID="r_2_5" HEIGHT="11.622047244094489" WIDTH="54.99212598425197" VPOS="235.55905511811022" HPOS="55.275590551181104">
          <TextLine ID="tl_19" BASELINE="876" HEIGHT="14.740157480314961" WIDTH="58.39370078740158" VPOS="233.5748031496063" HPOS="53.574803149606296">
            <String HEIGHT="14.740157480314961" WIDTH="68.03149606299213" VPOS="233.5748031496063" HPOS="43.93700787401575" CONTENT="Responsable:" ID="tl_19_1" STYLEREFS="FONT0"/>
          </TextLine>
        </TextBlock>
        <TextBlock ID="r_2_6" HEIGHT="18.4251968503937" WIDTH="237.25984251968504" VPOS="240.9448818897638" HPOS="54.99212598425197">
          <TextLine ID="tl_20" BASELINE="927" HEIGHT="23.811023622047244" WIDTH="239.81102362204723" VPOS="238.96062992125985" HPOS="53.29133858267716">
            <String HEIGHT="23.811023622047244" WIDTH="47.90551181102362" VPOS="238.96062992125985" HPOS="49.32283464566929" CONTENT="Alain" ID="tl_20_1" STYLEREFS="FONT1"/>
            <SP HEIGHT="23.811023622047244" WIDTH="3.968503937007874" VPOS="238.96062992125985" HPOS="97.22834645669292"/>
            <String HEIGHT="23.811023622047244" WIDTH="55.84251968503937" VPOS="238.96062992125985" HPOS="85.32283464566929" CONTENT="COHEN" ID="tl_20_2" STYLEREFS="FONT1"/>
            <SP HEIGHT="23.811023622047244" WIDTH="3.968503937007874" VPOS="238.96062992125985" HPOS="141.16535433070865"/>
            <String HEIGHT="23.811023622047244" WIDTH="24.094488188976378" VPOS="238.96062992125985" HPOS="129.25984251968504" CONTENT="né" ID="tl_20_3" STYLEREFS="FONT0"/>
            <SP HEIGHT="23.811023622047244" WIDTH="3.968503937007874" VPOS="238.96062992125985" HPOS="153.35433070866142"/>
            <String HEIGHT="23.811023622047244" WIDTH="24.094488188976378" VPOS="238.96062992125985" HPOS="141.16535433070865" CONTENT="en" ID="tl_20_4" STYLEREFS="FONT0"/>
            <SP HEIGHT="23.811023622047244" WIDTH="3.968503937007874" VPOS="238.96062992125985" HPOS="165.25984251968504"/>
            <String HEIGHT="23.811023622047244" WIDTH="32.031496062992126" VPOS="238.96062992125985" HPOS="153.35433070866142" CONTENT="1942" ID="tl_20_5" STYLEREFS="FONT0"/>
            <SP HEIGHT="23.811023622047244" WIDTH="3.968503937007874" VPOS="238.96062992125985" HPOS="185.10236220472441"/>
            <String HEIGHT="23.811023622047244" WIDTH="20.125984251968504" VPOS="238.96062992125985" HPOS="173.1968503937008" CONTENT="à" ID="tl_20_6" STYLEREFS="FONT0"/>
            <SP HEIGHT="23.811023622047244" WIDTH="3.968503937007874" VPOS="238.96062992125985" HPOS="193.03937007874015"/>
            <String HEIGHT="23.811023622047244" WIDTH="32.031496062992126" VPOS="238.96062992125985" HPOS="181.13385826771653" CONTENT="Oran" ID="tl_20_7" STYLEREFS="FONT0"/>
            <SP HEIGHT="23.811023622047244" WIDTH="3.968503937007874" VPOS="238.96062992125985" HPOS="213.16535433070865"/>
            <String HEIGHT="23.811023622047244" WIDTH="55.84251968503937" VPOS="238.96062992125985" HPOS="201.25984251968504" CONTENT="(Algérie)." ID="tl_20_8" STYLEREFS="FONT0"/>
            <SP HEIGHT="23.811023622047244" WIDTH="3.968503937007874" VPOS="238.96062992125985" HPOS="257.1023622047244"/>
            <String HEIGHT="23.811023622047244" WIDTH="51.874015748031496" VPOS="238.96062992125985" HPOS="241.22834645669292" CONTENT="Architecte." ID="tl_20_9" STYLEREFS="FONT0"/>
          </TextLine>
        </TextBlock>
        <TextBlock ID="r_2_7" HEIGHT="28.62992125984252" WIDTH="237.54330708661416" VPOS="257.1023622047244" HPOS="55.55905511811024">
          <TextLine ID="tl_21" BASELINE="979" HEIGHT="22.96062992125984" WIDTH="240.3779527559055" VPOS="254.5511811023622" HPOS="54.14173228346457">
            <String HEIGHT="22.96062992125984" WIDTH="72.56692913385827" VPOS="254.5511811023622" HPOS="49.60629921259842" CONTENT="Jean-Paul" ID="tl_21_1" STYLEREFS="FONT1"/>
            <SP HEIGHT="22.96062992125984" WIDTH="4.535433070866142" VPOS="254.5511811023622" HPOS="122.1732283464567"/>
            <String HEIGHT="22.96062992125984" WIDTH="81.63779527559055" VPOS="254.5511811023622" HPOS="108.56692913385827" CONTENT="MERLATEAU" ID="tl_21_2" STYLEREFS="FONT1"/>
            <SP HEIGHT="22.96062992125984" WIDTH="4.535433070866142" VPOS="254.5511811023622" HPOS="190.20472440944883"/>
            <String HEIGHT="22.96062992125984" WIDTH="27.212598425196852" VPOS="254.5511811023622" HPOS="176.5984251968504" CONTENT="né" ID="tl_21_3" STYLEREFS="FONT0"/>
            <SP HEIGHT="22.96062992125984" WIDTH="4.535433070866142" VPOS="254.5511811023622" HPOS="203.81102362204723"/>
            <String HEIGHT="22.96062992125984" WIDTH="27.212598425196852" VPOS="254.5511811023622" HPOS="190.20472440944883" CONTENT="en" ID="tl_21_4" STYLEREFS="FONT0"/>
            <SP HEIGHT="22.96062992125984" WIDTH="4.535433070866142" VPOS="254.5511811023622" HPOS="217.41732283464566"/>
            <String HEIGHT="22.96062992125984" WIDTH="36.28346456692913" VPOS="254.5511811023622" HPOS="203.81102362204723" CONTENT="1937" ID="tl_21_5" STYLEREFS="FONT0"/>
            <SP HEIGHT="22.96062992125984" WIDTH="4.535433070866142" VPOS="254.5511811023622" HPOS="240.09448818897638"/>
            <String HEIGHT="22.96062992125984" WIDTH="22.677165354330707" VPOS="254.5511811023622" HPOS="226.48818897637796" CONTENT="à" ID="tl_21_6" STYLEREFS="FONT0"/>
            <SP HEIGHT="22.96062992125984" WIDTH="4.535433070866142" VPOS="254.5511811023622" HPOS="249.16535433070865"/>
            <String HEIGHT="22.96062992125984" WIDTH="63.496062992125985" VPOS="254.5511811023622" HPOS="231.0236220472441" CONTENT="Castillonnés" ID="tl_21_7" STYLEREFS="FONT0"/>
          </TextLine>
          <TextLine ID="tl_22" BASELINE="1014" HEIGHT="16.724409448818896" WIDTH="130.39370078740157" VPOS="270.70866141732284" HPOS="54.425196850393704">
            <String HEIGHT="16.724409448818896" WIDTH="54.70866141732284" VPOS="270.70866141732284" HPOS="50.173228346456696" CONTENT="(France)." ID="tl_22_1" STYLEREFS="FONT0"/>
            <SP HEIGHT="16.724409448818896" WIDTH="4.251968503937008" VPOS="270.70866141732284" HPOS="104.88188976377953"/>
            <String HEIGHT="16.724409448818896" WIDTH="96.66141732283465" VPOS="270.70866141732284" HPOS="88.15748031496064" CONTENT="Ingénieur" ID="tl_22_2" STYLEREFS="FONT0"/>
          </TextLine>
        </TextBlock>
        <TextBlock ID="r_3_1" HEIGHT="37.98425196850393" WIDTH="250.58267716535434" VPOS="290.8346456692913" HPOS="43.93700787401575">
          <TextLine ID="tl_23" BASELINE="1088" HEIGHT="19.275590551181104" WIDTH="252.8503937007874" VPOS="289.13385826771656" HPOS="42.51968503937008">
            <String HEIGHT="19.275590551181104" WIDTH="44.503937007874015" VPOS="289.13385826771656" HPOS="37.7007874015748" CONTENT="44" ID="tl_23_1" STYLEREFS="FONT1"/>
            <SP HEIGHT="19.275590551181104" WIDTH="4.818897637795276" VPOS="289.13385826771656" HPOS="82.20472440944881"/>
            <String HEIGHT="19.275590551181104" WIDTH="49.60629921259842" VPOS="289.13385826771656" HPOS="67.18110236220473" CONTENT="bCREER" ID="tl_23_2" STYLEREFS="FONT1"/>
            <SP HEIGHT="19.275590551181104" WIDTH="4.818897637795276" VPOS="289.13385826771656" HPOS="116.78740157480316"/>
            <String HEIGHT="19.275590551181104" WIDTH="29.763779527559056" VPOS="289.13385826771656" HPOS="102.04724409448819" CONTENT="UN" ID="tl_23_3" STYLEREFS="FONT1"/>
            <SP HEIGHT="19.275590551181104" WIDTH="4.818897637795276" VPOS="289.13385826771656" HPOS="131.81102362204723"/>
            <String HEIGHT="19.275590551181104" WIDTH="39.68503937007874" VPOS="289.13385826771656" HPOS="116.78740157480316" CONTENT="LIEU" ID="tl_23_4" STYLEREFS="FONT1"/>
            <SP HEIGHT="19.275590551181104" WIDTH="4.818897637795276" VPOS="289.13385826771656" HPOS="156.4724409448819"/>
            <String HEIGHT="19.275590551181104" WIDTH="39.68503937007874" VPOS="289.13385826771656" HPOS="141.73228346456693" CONTENT="POUR" ID="tl_23_5" STYLEREFS="FONT1"/>
            <SP HEIGHT="19.275590551181104" WIDTH="4.818897637795276" VPOS="289.13385826771656" HPOS="181.41732283464566"/>
            <String HEIGHT="19.275590551181104" WIDTH="69.44881889763779" VPOS="289.13385826771656" HPOS="166.39370078740157" CONTENT="CONFRONTER" ID="tl_23_6" STYLEREFS="FONT1"/>
            <SP HEIGHT="19.275590551181104" WIDTH="4.818897637795276" VPOS="289.13385826771656" HPOS="235.84251968503938"/>
            <String HEIGHT="19.275590551181104" WIDTH="29.763779527559056" VPOS="289.13385826771656" HPOS="221.10236220472441" CONTENT="LA" ID="tl_23_7" STYLEREFS="FONT1"/>
            <SP HEIGHT="19.275590551181104" WIDTH="4.818897637795276" VPOS="289.13385826771656" HPOS="250.86614173228347"/>
            <String HEIGHT="19.275590551181104" WIDTH="64.34645669291339" VPOS="289.13385826771656" HPOS="231.0236220472441" CONTENT="SENSIB" ID="tl_23_8" STYLEREFS="FONT1"/>
          </TextLine>
          <TextLine ID="tl_24" BASELINE="1124" HEIGHT="19.559055118110237" WIDTH="240.09448818897638" VPOS="299.0551181102362" HPOS="55.55905511811024">
            <String HEIGHT="19.559055118110237" WIDTH="56.125984251968504" VPOS="299.0551181102362" HPOS="50.45669291338583" CONTENT="LITE" ID="tl_24_1" STYLEREFS="FONT1"/>
            <SP HEIGHT="19.559055118110237" WIDTH="5.102362204724409" VPOS="299.0551181102362" HPOS="106.58267716535433"/>
            <String HEIGHT="19.559055118110237" WIDTH="25.511811023622048" VPOS="299.0551181102362" HPOS="91.2755905511811" CONTENT="A" ID="tl_24_2" STYLEREFS="FONT1"/>
            <SP HEIGHT="19.559055118110237" WIDTH="5.102362204724409" VPOS="299.0551181102362" HPOS="116.78740157480316"/>
            <String HEIGHT="19.559055118110237" WIDTH="35.71653543307087" VPOS="299.0551181102362" HPOS="101.48031496062993" CONTENT="UNE" ID="tl_24_3" STYLEREFS="FONT1"/>
            <SP HEIGHT="19.559055118110237" WIDTH="5.102362204724409" VPOS="299.0551181102362" HPOS="137.1968503937008"/>
            <String HEIGHT="19.559055118110237" WIDTH="66.33070866141732" VPOS="299.0551181102362" HPOS="121.88976377952756" CONTENT="SITUATION" ID="tl_24_4" STYLEREFS="FONT1"/>
            <SP HEIGHT="19.559055118110237" WIDTH="5.102362204724409" VPOS="299.0551181102362" HPOS="188.50393700787401"/>
            <String HEIGHT="19.559055118110237" WIDTH="66.33070866141732" VPOS="299.0551181102362" HPOS="172.91338582677164" CONTENT="NATURELLE" ID="tl_24_5" STYLEREFS="FONT1"/>
            <SP HEIGHT="19.559055118110237" WIDTH="5.102362204724409" VPOS="299.0551181102362" HPOS="239.5275590551181"/>
            <String HEIGHT="19.559055118110237" WIDTH="30.614173228346456" VPOS="299.0551181102362" HPOS="224.2204724409449" CONTENT="OU" ID="tl_24_6" STYLEREFS="FONT1"/>
            <SP HEIGHT="19.559055118110237" WIDTH="5.102362204724409" VPOS="299.0551181102362" HPOS="254.83464566929135"/>
            <String HEIGHT="19.559055118110237" WIDTH="61.22834645669291" VPOS="299.0551181102362" HPOS="234.4251968503937" CONTENT="ARTIEL" ID="tl_24_7" STYLEREFS="FONT1"/>
          </TextLine>
          <TextLine ID="tl_25" BASELINE="1163" HEIGHT="17.291338582677167" WIDTH="166.6771653543307" VPOS="312.37795275590554" HPOS="54.99212598425197">
            <String HEIGHT="17.291338582677167" WIDTH="47.62204724409449" VPOS="312.37795275590554" HPOS="50.173228346456696" CONTENT="CIELLE" ID="tl_25_1" STYLEREFS="FONT0"/>
            <SP HEIGHT="17.291338582677167" WIDTH="4.818897637795276" VPOS="312.37795275590554" HPOS="97.79527559055119"/>
            <String HEIGHT="17.291338582677167" WIDTH="61.79527559055118" VPOS="312.37795275590554" HPOS="83.62204724409449" CONTENT="(maquette" ID="tl_25_2" STYLEREFS="FONT0"/>
            <SP HEIGHT="17.291338582677167" WIDTH="4.818897637795276" VPOS="312.37795275590554" HPOS="145.41732283464566"/>
            <String HEIGHT="17.291338582677167" WIDTH="28.62992125984252" VPOS="312.37795275590554" HPOS="131.24409448818898" CONTENT="et" ID="tl_25_3" STYLEREFS="FONT0"/>
            <SP HEIGHT="17.291338582677167" WIDTH="4.818897637795276" VPOS="312.37795275590554" HPOS="159.8740157480315"/>
            <String HEIGHT="17.291338582677167" WIDTH="81.07086614173228" VPOS="312.37795275590554" HPOS="140.5984251968504" CONTENT="environnement)." ID="tl_25_4" STYLEREFS="FONT0"/>
          </TextLine>
        </TextBlock>
        <TextBlock ID="r_3_2" HEIGHT="56.125984251968504" WIDTH="239.24409448818898" VPOS="326.5511811023622" HPOS="56.69291338582677">
          <TextLine ID="tl_26" BASELINE="1221" HEIGHT="21.543307086614174" WIDTH="240.9448818897638" VPOS="324.56692913385825" HPOS="54.99212598425197">
            <String HEIGHT="21.543307086614174" WIDTH="31.181102362204726" VPOS="324.56692913385825" HPOS="50.45669291338583" CONTENT="Cet" ID="tl_26_1" STYLEREFS="FONT0"/>
            <SP HEIGHT="21.543307086614174" WIDTH="4.535433070866142" VPOS="324.56692913385825" HPOS="81.63779527559055"/>
            <String HEIGHT="21.543307086614174" WIDTH="53.574803149606296" VPOS="324.56692913385825" HPOS="68.31496062992126" CONTENT="endroit," ID="tl_26_2" STYLEREFS="FONT0"/>
            <SP HEIGHT="21.543307086614174" WIDTH="4.535433070866142" VPOS="324.56692913385825" HPOS="121.88976377952756"/>
            <String HEIGHT="21.543307086614174" WIDTH="44.503937007874015" VPOS="324.56692913385825" HPOS="108.56692913385827" CONTENT="espace" ID="tl_26_3" STYLEREFS="FONT0"/>
            <SP HEIGHT="21.543307086614174" WIDTH="4.535433070866142" VPOS="324.56692913385825" HPOS="153.0708661417323"/>
            <String HEIGHT="21.543307086614174" WIDTH="62.36220472440945" VPOS="324.56692913385825" HPOS="139.748031496063" CONTENT="privilégié" ID="tl_26_4" STYLEREFS="FONT0"/>
            <SP HEIGHT="21.543307086614174" WIDTH="4.535433070866142" VPOS="324.56692913385825" HPOS="202.11023622047244"/>
            <String HEIGHT="21.543307086614174" WIDTH="35.71653543307087" VPOS="324.56692913385825" HPOS="188.78740157480314" CONTENT="issu" ID="tl_26_5" STYLEREFS="FONT0"/>
            <SP HEIGHT="21.543307086614174" WIDTH="4.535433070866142" VPOS="324.56692913385825" HPOS="224.50393700787401"/>
            <String HEIGHT="21.543307086614174" WIDTH="35.71653543307087" VPOS="324.56692913385825" HPOS="211.1811023622047" CONTENT="d’un" ID="tl_26_6" STYLEREFS="FONT0"/>
            <SP HEIGHT="21.543307086614174" WIDTH="4.535433070866142" VPOS="324.56692913385825" HPOS="246.89763779527559"/>
            <String HEIGHT="21.543307086614174" WIDTH="35.71653543307087" VPOS="324.56692913385825" HPOS="233.5748031496063" CONTENT="site" ID="tl_26_7" STYLEREFS="FONT0"/>
            <SP HEIGHT="21.543307086614174" WIDTH="4.535433070866142" VPOS="324.56692913385825" HPOS="269.29133858267716"/>
            <String HEIGHT="21.543307086614174" WIDTH="44.503937007874015" VPOS="324.56692913385825" HPOS="251.43307086614172" CONTENT="naturel," ID="tl_26_8" STYLEREFS="FONT0"/>
          </TextLine>
          <TextLine ID="tl_27" BASELINE="1245" HEIGHT="16.724409448818896" WIDTH="240.9448818897638" VPOS="336.18897637795277" HPOS="55.55905511811024">
            <String HEIGHT="16.724409448818896" WIDTH="36.0" VPOS="336.18897637795277" HPOS="50.45669291338583" CONTENT="est" ID="tl_27_1" STYLEREFS="FONT0"/>
            <SP HEIGHT="16.724409448818896" WIDTH="5.102362204724409" VPOS="336.18897637795277" HPOS="86.45669291338582"/>
            <String HEIGHT="16.724409448818896" WIDTH="30.89763779527559" VPOS="336.18897637795277" HPOS="70.86614173228347" CONTENT="un" ID="tl_27_2" STYLEREFS="FONT0"/>
            <SP HEIGHT="16.724409448818896" WIDTH="5.102362204724409" VPOS="336.18897637795277" HPOS="101.76377952755905"/>
            <String HEIGHT="16.724409448818896" WIDTH="41.10236220472441" VPOS="336.18897637795277" HPOS="86.45669291338582" CONTENT="lieu" ID="tl_27_3" STYLEREFS="FONT0"/>
            <SP HEIGHT="16.724409448818896" WIDTH="5.102362204724409" VPOS="336.18897637795277" HPOS="127.2755905511811"/>
            <String HEIGHT="16.724409448818896" WIDTH="30.89763779527559" VPOS="336.18897637795277" HPOS="111.96850393700787" CONTENT="de" ID="tl_27_4" STYLEREFS="FONT0"/>
            <SP HEIGHT="16.724409448818896" WIDTH="5.102362204724409" VPOS="336.18897637795277" HPOS="142.58267716535434"/>
            <String HEIGHT="16.724409448818896" WIDTH="66.61417322834646" VPOS="336.18897637795277" HPOS="127.2755905511811" CONTENT="rencontre" ID="tl_27_5" STYLEREFS="FONT0"/>
            <SP HEIGHT="16.724409448818896" WIDTH="5.102362204724409" VPOS="336.18897637795277" HPOS="193.88976377952756"/>
            <String HEIGHT="16.724409448818896" WIDTH="30.89763779527559" VPOS="336.18897637795277" HPOS="178.58267716535434" CONTENT="et" ID="tl_27_6" STYLEREFS="FONT0"/>
            <SP HEIGHT="16.724409448818896" WIDTH="5.102362204724409" VPOS="336.18897637795277" HPOS="209.48031496062993"/>
            <String HEIGHT="16.724409448818896" WIDTH="30.89763779527559" VPOS="336.18897637795277" HPOS="193.88976377952756" CONTENT="de" ID="tl_27_7" STYLEREFS="FONT0"/>
            <SP HEIGHT="16.724409448818896" WIDTH="5.102362204724409" VPOS="336.18897637795277" HPOS="224.78740157480314"/>
            <String HEIGHT="16.724409448818896" WIDTH="92.40944881889764" VPOS="336.18897637795277" HPOS="204.09448818897638" CONTENT="perfectionnement" ID="tl_27_8" STYLEREFS="FONT0"/>
          </TextLine>
          <TextLine ID="tl_28" BASELINE="1282" HEIGHT="18.4251968503937" WIDTH="239.81102362204723" VPOS="344.9763779527559" HPOS="56.125984251968504">
            <String HEIGHT="18.4251968503937" WIDTH="60.09448818897638" VPOS="344.9763779527559" HPOS="51.59055118110236" CONTENT="d’adultes" ID="tl_28_1" STYLEREFS="FONT0"/>
            <SP HEIGHT="18.4251968503937" WIDTH="4.535433070866142" VPOS="344.9763779527559" HPOS="111.4015748031496"/>
            <String HEIGHT="18.4251968503937" WIDTH="27.77952755905512" VPOS="344.9763779527559" HPOS="97.51181102362204" CONTENT="ou" ID="tl_28_2" STYLEREFS="FONT0"/>
            <SP HEIGHT="18.4251968503937" WIDTH="4.535433070866142" VPOS="344.9763779527559" HPOS="125.29133858267717"/>
            <String HEIGHT="18.4251968503937" WIDTH="27.77952755905512" VPOS="344.9763779527559" HPOS="111.4015748031496" CONTENT="de" ID="tl_28_3" STYLEREFS="FONT0"/>
            <SP HEIGHT="18.4251968503937" WIDTH="4.535433070866142" VPOS="344.9763779527559" HPOS="139.1811023622047"/>
            <String HEIGHT="18.4251968503937" WIDTH="50.74015748031496" VPOS="344.9763779527559" HPOS="125.29133858267717" CONTENT="jeunes." ID="tl_28_4" STYLEREFS="FONT0"/>
            <SP HEIGHT="18.4251968503937" WIDTH="4.535433070866142" VPOS="344.9763779527559" HPOS="176.03149606299212"/>
            <String HEIGHT="18.4251968503937" WIDTH="36.8503937007874" VPOS="344.9763779527559" HPOS="162.14173228346456" CONTENT="Lieu" ID="tl_28_5" STYLEREFS="FONT0"/>
            <SP HEIGHT="18.4251968503937" WIDTH="4.535433070866142" VPOS="344.9763779527559" HPOS="198.99212598425197"/>
            <String HEIGHT="18.4251968503937" WIDTH="27.77952755905512" VPOS="344.9763779527559" HPOS="185.38582677165354" CONTENT="de" ID="tl_28_6" STYLEREFS="FONT0"/>
            <SP HEIGHT="18.4251968503937" WIDTH="4.535433070866142" VPOS="344.9763779527559" HPOS="212.88188976377953"/>
            <String HEIGHT="18.4251968503937" WIDTH="60.09448818897638" VPOS="344.9763779527559" HPOS="198.99212598425197" CONTENT="séminaire" ID="tl_28_7" STYLEREFS="FONT0"/>
            <SP HEIGHT="18.4251968503937" WIDTH="4.535433070866142" VPOS="344.9763779527559" HPOS="259.0866141732283"/>
            <String HEIGHT="18.4251968503937" WIDTH="27.77952755905512" VPOS="344.9763779527559" HPOS="245.1968503937008" CONTENT="de" ID="tl_28_8" STYLEREFS="FONT0"/>
            <SP HEIGHT="18.4251968503937" WIDTH="4.535433070866142" VPOS="344.9763779527559" HPOS="272.9763779527559"/>
            <String HEIGHT="18.4251968503937" WIDTH="41.38582677165354" VPOS="344.9763779527559" HPOS="254.5511811023622" CONTENT="travail" ID="tl_28_9" STYLEREFS="FONT0"/>
          </TextLine>
          <TextLine ID="tl_29" BASELINE="1311" HEIGHT="17.291338582677167" WIDTH="240.3779527559055" VPOS="354.3307086614173" HPOS="56.976377952755904">
            <String HEIGHT="17.291338582677167" WIDTH="30.614173228346456" VPOS="354.3307086614173" HPOS="51.874015748031496" CONTENT="ou" ID="tl_29_1" STYLEREFS="FONT0"/>
            <SP HEIGHT="17.291338582677167" WIDTH="5.102362204724409" VPOS="354.3307086614173" HPOS="82.48818897637796"/>
            <String HEIGHT="17.291338582677167" WIDTH="92.1259842519685" VPOS="354.3307086614173" HPOS="67.18110236220473" CONTENT="d’entraïnement" ID="tl_29_2" STYLEREFS="FONT0"/>
            <SP HEIGHT="17.291338582677167" WIDTH="5.102362204724409" VPOS="354.3307086614173" HPOS="159.30708661417322"/>
            <String HEIGHT="17.291338582677167" WIDTH="25.511811023622048" VPOS="354.3307086614173" HPOS="144.0" CONTENT="à" ID="tl_29_3" STYLEREFS="FONT0"/>
            <SP HEIGHT="17.291338582677167" WIDTH="5.102362204724409" VPOS="354.3307086614173" HPOS="169.51181102362204"/>
            <String HEIGHT="17.291338582677167" WIDTH="30.614173228346456" VPOS="354.3307086614173" HPOS="154.20472440944883" CONTENT="la" ID="tl_29_4" STYLEREFS="FONT0"/>
            <SP HEIGHT="17.291338582677167" WIDTH="5.102362204724409" VPOS="354.3307086614173" HPOS="184.8188976377953"/>
            <String HEIGHT="17.291338582677167" WIDTH="71.71653543307086" VPOS="354.3307086614173" HPOS="169.51181102362204" CONTENT="conception" ID="tl_29_5" STYLEREFS="FONT0"/>
            <SP HEIGHT="17.291338582677167" WIDTH="5.102362204724409" VPOS="354.3307086614173" HPOS="241.22834645669292"/>
            <String HEIGHT="17.291338582677167" WIDTH="30.614173228346456" VPOS="354.3307086614173" HPOS="225.63779527559055" CONTENT="de" ID="tl_29_6" STYLEREFS="FONT0"/>
            <SP HEIGHT="17.291338582677167" WIDTH="5.102362204724409" VPOS="354.3307086614173" HPOS="256.53543307086613"/>
            <String HEIGHT="17.291338582677167" WIDTH="56.125984251968504" VPOS="354.3307086614173" HPOS="241.22834645669292" CONTENT="travaux" ID="tl_29_7" STYLEREFS="FONT0"/>
            <SP HEIGHT="17.291338582677167" WIDTH="5.102362204724409" VPOS="354.3307086614173" HPOS="297.3543307086614"/>
            <String HEIGHT="17.291338582677167" WIDTH="20.409448818897637" VPOS="354.3307086614173" HPOS="276.9448818897638" CONTENT="de" ID="tl_29_8" STYLEREFS="FONT0"/>
          </TextLine>
          <TextLine ID="tl_30" BASELINE="1355" HEIGHT="11.338582677165354" WIDTH="32.59842519685039" VPOS="372.755905511811" HPOS="56.69291338582677">
            <String HEIGHT="11.338582677165354" WIDTH="41.95275590551181" VPOS="372.755905511811" HPOS="47.338582677165356" CONTENT="groupe." ID="tl_30_1" STYLEREFS="FONT0"/>
          </TextLine>
        </TextBlock>
        <TextBlock ID="r_3_3" HEIGHT="36.28346456692913" WIDTH="237.25984251968504" VPOS="374.45669291338584" HPOS="59.52755905511811">
          <TextLine ID="tl_31" BASELINE="1380" HEIGHT="20.125984251968504" WIDTH="239.24409448818898" VPOS="371.0551181102362" HPOS="58.110236220472444">
            <String HEIGHT="20.125984251968504" WIDTH="37.41732283464567" VPOS="371.0551181102362" HPOS="53.29133858267716" CONTENT="Lieu" ID="tl_31_1" STYLEREFS="FONT0"/>
            <SP HEIGHT="20.125984251968504" WIDTH="4.818897637795276" VPOS="371.0551181102362" HPOS="90.99212598425197"/>
            <String HEIGHT="20.125984251968504" WIDTH="84.4724409448819" VPOS="371.0551181102362" HPOS="76.81889763779527" CONTENT="d’information," ID="tl_31_2" STYLEREFS="FONT0"/>
            <SP HEIGHT="20.125984251968504" WIDTH="4.818897637795276" VPOS="371.0551181102362" HPOS="161.29133858267716"/>
            <String HEIGHT="20.125984251968504" WIDTH="28.062992125984252" VPOS="371.0551181102362" HPOS="147.11811023622047" CONTENT="de" ID="tl_31_3" STYLEREFS="FONT0"/>
            <SP HEIGHT="20.125984251968504" WIDTH="4.818897637795276" VPOS="371.0551181102362" HPOS="175.46456692913387"/>
            <String HEIGHT="20.125984251968504" WIDTH="70.2992125984252" VPOS="371.0551181102362" HPOS="161.29133858267716" CONTENT="méditation," ID="tl_31_4" STYLEREFS="FONT0"/>
            <SP HEIGHT="20.125984251968504" WIDTH="4.818897637795276" VPOS="371.0551181102362" HPOS="231.59055118110237"/>
            <String HEIGHT="20.125984251968504" WIDTH="65.76377952755905" VPOS="371.0551181102362" HPOS="217.70078740157481" CONTENT="d’échanges" ID="tl_31_5" STYLEREFS="FONT0"/>
            <SP HEIGHT="20.125984251968504" WIDTH="4.818897637795276" VPOS="371.0551181102362" HPOS="283.18110236220474"/>
            <String HEIGHT="20.125984251968504" WIDTH="28.062992125984252" VPOS="371.0551181102362" HPOS="269.29133858267716" CONTENT="et" ID="tl_31_6" STYLEREFS="FONT0"/>
            <SP HEIGHT="20.125984251968504" WIDTH="4.818897637795276" VPOS="371.0551181102362" HPOS="297.3543307086614"/>
            <String HEIGHT="20.125984251968504" WIDTH="18.708661417322833" VPOS="371.0551181102362" HPOS="278.6456692913386" CONTENT="de" ID="tl_31_7" STYLEREFS="FONT0"/>
          </TextLine>
          <TextLine ID="tl_32" BASELINE="1418" HEIGHT="17.291338582677167" WIDTH="239.5275590551181" VPOS="384.66141732283467" HPOS="58.110236220472444">
            <String HEIGHT="17.291338582677167" WIDTH="60.94488188976378" VPOS="384.66141732283467" HPOS="53.85826771653543" CONTENT="rencontres" ID="tl_32_1" STYLEREFS="FONT0"/>
            <SP HEIGHT="17.291338582677167" WIDTH="4.251968503937008" VPOS="384.66141732283467" HPOS="114.80314960629921"/>
            <String HEIGHT="17.291338582677167" WIDTH="39.118110236220474" VPOS="384.66141732283467" HPOS="101.76377952755905" CONTENT="entre" ID="tl_32_2" STYLEREFS="FONT0"/>
            <SP HEIGHT="17.291338582677167" WIDTH="4.251968503937008" VPOS="384.66141732283467" HPOS="140.88188976377953"/>
            <String HEIGHT="17.291338582677167" WIDTH="60.94488188976378" VPOS="384.66141732283467" HPOS="127.84251968503936" CONTENT="créateurs," ID="tl_32_3" STYLEREFS="FONT0"/>
            <SP HEIGHT="17.291338582677167" WIDTH="4.251968503937008" VPOS="384.66141732283467" HPOS="188.78740157480314"/>
            <String HEIGHT="17.291338582677167" WIDTH="78.51968503937007" VPOS="384.66141732283467" HPOS="175.748031496063" CONTENT="constructeurs," ID="tl_32_4" STYLEREFS="FONT0"/>
            <SP HEIGHT="17.291338582677167" WIDTH="4.251968503937008" VPOS="384.66141732283467" HPOS="253.98425196850394"/>
            <String HEIGHT="17.291338582677167" WIDTH="56.69291338582677" VPOS="384.66141732283467" HPOS="240.9448818897638" CONTENT="critiques" ID="tl_32_5" STYLEREFS="FONT0"/>
            <SP HEIGHT="17.291338582677167" WIDTH="4.251968503937008" VPOS="384.66141732283467" HPOS="297.6377952755906"/>
            <String HEIGHT="17.291338582677167" WIDTH="17.291338582677167" VPOS="384.66141732283467" HPOS="280.34645669291336" CONTENT="et" ID="tl_32_6" STYLEREFS="FONT0"/>
          </TextLine>
          <TextLine ID="tl_33" BASELINE="1453" HEIGHT="12.188976377952756" WIDTH="30.89763779527559" VPOS="399.68503937007875" HPOS="58.110236220472444">
            <String HEIGHT="12.188976377952756" WIDTH="39.68503937007874" VPOS="399.68503937007875" HPOS="49.32283464566929" CONTENT="public." ID="tl_33_1" STYLEREFS="FONT0"/>
          </TextLine>
        </TextBlock>
        <TextBlock ID="r_3_4" HEIGHT="37.41732283464567" WIDTH="237.54330708661416" VPOS="402.8031496062992" HPOS="59.811023622047244">
          <TextLine ID="tl_34" BASELINE="1480" HEIGHT="15.590551181102363" WIDTH="239.5275590551181" VPOS="403.93700787401576" HPOS="58.39370078740158">
            <String HEIGHT="15.590551181102363" WIDTH="32.31496062992126" VPOS="403.93700787401576" HPOS="53.85826771653543" CONTENT="Cet" ID="tl_34_1" STYLEREFS="FONT0"/>
            <SP HEIGHT="15.590551181102363" WIDTH="4.535433070866142" VPOS="403.93700787401576" HPOS="86.1732283464567"/>
            <String HEIGHT="15.590551181102363" WIDTH="78.23622047244095" VPOS="403.93700787401576" HPOS="72.28346456692914" CONTENT="environnement" ID="tl_34_2" STYLEREFS="FONT0"/>
            <SP HEIGHT="15.590551181102363" WIDTH="4.535433070866142" VPOS="403.93700787401576" HPOS="150.51968503937007"/>
            <String HEIGHT="15.590551181102363" WIDTH="32.31496062992126" VPOS="403.93700787401576" HPOS="136.62992125984252" CONTENT="est" ID="tl_34_3" STYLEREFS="FONT0"/>
            <SP HEIGHT="15.590551181102363" WIDTH="4.535433070866142" VPOS="403.93700787401576" HPOS="168.9448818897638"/>
            <String HEIGHT="15.590551181102363" WIDTH="50.74015748031496" VPOS="403.93700787401576" HPOS="155.0551181102362" CONTENT="destiné" ID="tl_34_4" STYLEREFS="FONT0"/>
            <SP HEIGHT="15.590551181102363" WIDTH="4.535433070866142" VPOS="403.93700787401576" HPOS="205.79527559055117"/>
            <String HEIGHT="15.590551181102363" WIDTH="22.96062992125984" VPOS="403.93700787401576" HPOS="191.90551181102362" CONTENT="à" ID="tl_34_5" STYLEREFS="FONT0"/>
            <SP HEIGHT="15.590551181102363" WIDTH="4.535433070866142" VPOS="403.93700787401576" HPOS="215.1496062992126"/>
            <String HEIGHT="15.590551181102363" WIDTH="55.275590551181104" VPOS="403.93700787401576" HPOS="201.25984251968504" CONTENT="éveiller" ID="tl_34_6" STYLEREFS="FONT0"/>
            <SP HEIGHT="15.590551181102363" WIDTH="4.535433070866142" VPOS="403.93700787401576" HPOS="256.53543307086613"/>
            <String HEIGHT="15.590551181102363" WIDTH="27.77952755905512" VPOS="403.93700787401576" HPOS="242.64566929133858" CONTENT="la" ID="tl_34_7" STYLEREFS="FONT0"/>
            <SP HEIGHT="15.590551181102363" WIDTH="4.535433070866142" VPOS="403.93700787401576" HPOS="270.4251968503937"/>
            <String HEIGHT="15.590551181102363" WIDTH="41.38582677165354" VPOS="403.93700787401576" HPOS="256.53543307086613" CONTENT="prise" ID="tl_34_8" STYLEREFS="FONT0"/>
            <SP HEIGHT="15.590551181102363" WIDTH="4.535433070866142" VPOS="403.93700787401576" HPOS="297.9212598425197"/>
            <String HEIGHT="15.590551181102363" WIDTH="18.4251968503937" VPOS="403.93700787401576" HPOS="279.496062992126" CONTENT="de" ID="tl_34_9" STYLEREFS="FONT0"/>
          </TextLine>
          <TextLine ID="tl_35" BASELINE="1515" HEIGHT="17.858267716535433" WIDTH="240.09448818897638" VPOS="411.59055118110234" HPOS="58.67716535433071">
            <String HEIGHT="17.858267716535433" WIDTH="66.04724409448819" VPOS="411.59055118110234" HPOS="53.85826771653543" CONTENT="conscience" ID="tl_35_1" STYLEREFS="FONT0"/>
            <SP HEIGHT="17.858267716535433" WIDTH="4.818897637795276" VPOS="411.59055118110234" HPOS="119.90551181102362"/>
            <String HEIGHT="17.858267716535433" WIDTH="28.346456692913385" VPOS="411.59055118110234" HPOS="105.73228346456693" CONTENT="de" ID="tl_35_2" STYLEREFS="FONT0"/>
            <SP HEIGHT="17.858267716535433" WIDTH="4.818897637795276" VPOS="411.59055118110234" HPOS="134.07874015748033"/>
            <String HEIGHT="17.858267716535433" WIDTH="28.346456692913385" VPOS="411.59055118110234" HPOS="119.90551181102362" CONTENT="la" ID="tl_35_3" STYLEREFS="FONT0"/>
            <SP HEIGHT="17.858267716535433" WIDTH="4.818897637795276" VPOS="411.59055118110234" HPOS="148.251968503937"/>
            <String HEIGHT="17.858267716535433" WIDTH="70.58267716535433" VPOS="411.59055118110234" HPOS="134.07874015748033" CONTENT="sensibilité" ID="tl_35_4" STYLEREFS="FONT0"/>
            <SP HEIGHT="17.858267716535433" WIDTH="4.818897637795276" VPOS="411.59055118110234" HPOS="204.66141732283464"/>
            <String HEIGHT="17.858267716535433" WIDTH="28.346456692913385" VPOS="411.59055118110234" HPOS="190.48818897637796" CONTENT="et" ID="tl_35_5" STYLEREFS="FONT0"/>
            <SP HEIGHT="17.858267716535433" WIDTH="4.818897637795276" VPOS="411.59055118110234" HPOS="218.83464566929135"/>
            <String HEIGHT="17.858267716535433" WIDTH="51.874015748031496" VPOS="411.59055118110234" HPOS="204.66141732283464" CONTENT="élargir" ID="tl_35_6" STYLEREFS="FONT0"/>
            <SP HEIGHT="17.858267716535433" WIDTH="4.818897637795276" VPOS="411.59055118110234" HPOS="256.53543307086613"/>
            <String HEIGHT="17.858267716535433" WIDTH="28.346456692913385" VPOS="411.59055118110234" HPOS="242.36220472440945" CONTENT="la" ID="tl_35_7" STYLEREFS="FONT0"/>
            <SP HEIGHT="17.858267716535433" WIDTH="4.818897637795276" VPOS="411.59055118110234" HPOS="270.4251968503937"/>
            <String HEIGHT="17.858267716535433" WIDTH="47.05511811023622" VPOS="411.59055118110234" HPOS="251.71653543307087" CONTENT="communi" SUBS_TYPE="HypPart1" SUBS_CONTENT="communication" ID="tl_35_8" STYLEREFS="FONT0"/>
            <HYP CONTENT="-"/>
          </TextLine>
          <TextLine ID="tl_36" BASELINE="1545" HEIGHT="16.440944881889763" WIDTH="239.24409448818898" VPOS="421.51181102362204" HPOS="58.960629921259844">
            <String HEIGHT="16.440944881889763" WIDTH="46.77165354330709" VPOS="421.51181102362204" HPOS="54.14173228346457" CONTENT="cation" SUBS_TYPE="HypPart2" SUBS_CONTENT="communication" ID="tl_36_1" STYLEREFS="FONT0"/>
            <SP HEIGHT="16.440944881889763" WIDTH="4.818897637795276" VPOS="421.51181102362204" HPOS="101.19685039370079"/>
            <String HEIGHT="16.440944881889763" WIDTH="60.94488188976378" VPOS="421.51181102362204" HPOS="87.02362204724409" CONTENT="visuelle," ID="tl_36_2" STYLEREFS="FONT0"/>
            <SP HEIGHT="16.440944881889763" WIDTH="4.818897637795276" VPOS="421.51181102362204" HPOS="147.96850393700788"/>
            <String HEIGHT="16.440944881889763" WIDTH="51.59055118110236" VPOS="421.51181102362204" HPOS="134.07874015748033" CONTENT="tactile" ID="tl_36_3" STYLEREFS="FONT0"/>
            <SP HEIGHT="16.440944881889763" WIDTH="4.818897637795276" VPOS="421.51181102362204" HPOS="185.66929133858267"/>
            <String HEIGHT="16.440944881889763" WIDTH="28.062992125984252" VPOS="421.51181102362204" HPOS="171.49606299212599" CONTENT="et" ID="tl_36_4" STYLEREFS="FONT0"/>
            <SP HEIGHT="16.440944881889763" WIDTH="4.818897637795276" VPOS="421.51181102362204" HPOS="199.55905511811022"/>
            <String HEIGHT="16.440944881889763" WIDTH="103.18110236220473" VPOS="421.51181102362204" HPOS="185.66929133858267" CONTENT="psycho-sensorielle" ID="tl_36_5" STYLEREFS="FONT0"/>
            <SP HEIGHT="16.440944881889763" WIDTH="4.818897637795276" VPOS="421.51181102362204" HPOS="288.8503937007874"/>
            <String HEIGHT="16.440944881889763" WIDTH="23.52755905511811" VPOS="421.51181102362204" HPOS="274.6771653543307" CONTENT=":" ID="tl_36_6" STYLEREFS="FONT0"/>
            <SP HEIGHT="16.440944881889763" WIDTH="4.818897637795276" VPOS="421.51181102362204" HPOS="298.20472440944883"/>
            <String HEIGHT="16.440944881889763" WIDTH="18.708661417322833" VPOS="421.51181102362204" HPOS="279.496062992126" CONTENT="où" ID="tl_36_7" STYLEREFS="FONT0"/>
          </TextLine>
        </TextBlock>
        <TextBlock ID="r_3_5" HEIGHT="37.98425196850393" WIDTH="237.25984251968504" VPOS="430.86614173228344" HPOS="60.661417322834644">
          <TextLine ID="tl_37" BASELINE="1578" HEIGHT="14.740157480314961" WIDTH="239.5275590551181" VPOS="432.56692913385825" HPOS="59.24409448818898">
            <String HEIGHT="14.740157480314961" WIDTH="58.67716535433071" VPOS="432.56692913385825" HPOS="53.85826771653543" CONTENT="l’homme" ID="tl_37_1" STYLEREFS="FONT0"/>
            <SP HEIGHT="14.740157480314961" WIDTH="5.3858267716535435" VPOS="432.56692913385825" HPOS="112.53543307086615"/>
            <String HEIGHT="14.740157480314961" WIDTH="42.51968503937008" VPOS="432.56692913385825" HPOS="96.37795275590551" CONTENT="sera" ID="tl_37_2" STYLEREFS="FONT0"/>
            <SP HEIGHT="14.740157480314961" WIDTH="5.3858267716535435" VPOS="432.56692913385825" HPOS="139.1811023622047"/>
            <String HEIGHT="14.740157480314961" WIDTH="37.13385826771653" VPOS="432.56692913385825" HPOS="123.02362204724409" CONTENT="mis" ID="tl_37_3" STYLEREFS="FONT0"/>
            <SP HEIGHT="14.740157480314961" WIDTH="5.3858267716535435" VPOS="432.56692913385825" HPOS="160.44094488188978"/>
            <String HEIGHT="14.740157480314961" WIDTH="32.031496062992126" VPOS="432.56692913385825" HPOS="144.28346456692913" CONTENT="en" ID="tl_37_4" STYLEREFS="FONT0"/>
            <SP HEIGHT="14.740157480314961" WIDTH="5.3858267716535435" VPOS="432.56692913385825" HPOS="176.31496062992127"/>
            <String HEIGHT="14.740157480314961" WIDTH="53.29133858267716" VPOS="432.56692913385825" HPOS="160.44094488188978" CONTENT="action" ID="tl_37_5" STYLEREFS="FONT0"/>
            <SP HEIGHT="14.740157480314961" WIDTH="5.3858267716535435" VPOS="432.56692913385825" HPOS="213.73228346456693"/>
            <String HEIGHT="14.740157480314961" WIDTH="37.13385826771653" VPOS="432.56692913385825" HPOS="197.5748031496063" CONTENT="par" ID="tl_37_6" STYLEREFS="FONT0"/>
            <SP HEIGHT="14.740157480314961" WIDTH="5.3858267716535435" VPOS="432.56692913385825" HPOS="234.99212598425197"/>
            <String HEIGHT="14.740157480314961" WIDTH="32.031496062992126" VPOS="432.56692913385825" HPOS="218.83464566929135" CONTENT="le" ID="tl_37_7" STYLEREFS="FONT0"/>
            <SP HEIGHT="14.740157480314961" WIDTH="5.3858267716535435" VPOS="432.56692913385825" HPOS="250.86614173228347"/>
            <String HEIGHT="14.740157480314961" WIDTH="42.51968503937008" VPOS="432.56692913385825" HPOS="234.99212598425197" CONTENT="lieu" ID="tl_37_8" STYLEREFS="FONT0"/>
            <SP HEIGHT="14.740157480314961" WIDTH="5.3858267716535435" VPOS="432.56692913385825" HPOS="277.51181102362204"/>
            <String HEIGHT="14.740157480314961" WIDTH="37.13385826771653" VPOS="432.56692913385825" HPOS="261.6377952755906" CONTENT="qui" ID="tl_37_9" STYLEREFS="FONT0"/>
            <SP HEIGHT="14.740157480314961" WIDTH="5.3858267716535435" VPOS="432.56692913385825" HPOS="298.7716535433071"/>
            <String HEIGHT="14.740157480314961" WIDTH="21.25984251968504" VPOS="432.56692913385825" HPOS="277.51181102362204" CONTENT="le" ID="tl_37_10" STYLEREFS="FONT0"/>
          </TextLine>
          <TextLine ID="tl_38" BASELINE="1613" HEIGHT="13.32283464566929" WIDTH="239.81102362204723" VPOS="443.90551181102364" HPOS="59.24409448818898">
            <String HEIGHT="13.32283464566929" WIDTH="62.36220472440945" VPOS="443.90551181102364" HPOS="54.425196850393704" CONTENT="contient," ID="tl_38_1" STYLEREFS="FONT0"/>
            <SP HEIGHT="13.32283464566929" WIDTH="4.818897637795276" VPOS="443.90551181102364" HPOS="116.78740157480316"/>
            <String HEIGHT="13.32283464566929" WIDTH="28.913385826771652" VPOS="443.90551181102364" HPOS="102.33070866141732" CONTENT="au" ID="tl_38_2" STYLEREFS="FONT0"/>
            <SP HEIGHT="13.32283464566929" WIDTH="4.818897637795276" VPOS="443.90551181102364" HPOS="131.24409448818898"/>
            <String HEIGHT="13.32283464566929" WIDTH="47.90551181102362" VPOS="443.90551181102364" HPOS="116.78740157480316" CONTENT="niveau" ID="tl_38_3" STYLEREFS="FONT0"/>
            <SP HEIGHT="13.32283464566929" WIDTH="4.818897637795276" VPOS="443.90551181102364" HPOS="164.69291338582678"/>
            <String HEIGHT="13.32283464566929" WIDTH="28.913385826771652" VPOS="443.90551181102364" HPOS="150.23622047244095" CONTENT="de" ID="tl_38_4" STYLEREFS="FONT0"/>
            <SP HEIGHT="13.32283464566929" WIDTH="4.818897637795276" VPOS="443.90551181102364" HPOS="179.1496062992126"/>
            <String HEIGHT="13.32283464566929" WIDTH="28.913385826771652" VPOS="443.90551181102364" HPOS="164.69291338582678" CONTENT="la" ID="tl_38_5" STYLEREFS="FONT0"/>
            <SP HEIGHT="13.32283464566929" WIDTH="4.818897637795276" VPOS="443.90551181102364" HPOS="193.60629921259843"/>
            <String HEIGHT="13.32283464566929" WIDTH="67.18110236220473" VPOS="443.90551181102364" HPOS="179.1496062992126" CONTENT="sensation," ID="tl_38_6" STYLEREFS="FONT0"/>
            <SP HEIGHT="13.32283464566929" WIDTH="4.818897637795276" VPOS="443.90551181102364" HPOS="246.33070866141733"/>
            <String HEIGHT="13.32283464566929" WIDTH="28.913385826771652" VPOS="443.90551181102364" HPOS="231.8740157480315" CONTENT="de" ID="tl_38_7" STYLEREFS="FONT0"/>
            <SP HEIGHT="13.32283464566929" WIDTH="4.818897637795276" VPOS="443.90551181102364" HPOS="260.78740157480314"/>
            <String HEIGHT="13.32283464566929" WIDTH="28.913385826771652" VPOS="443.90551181102364" HPOS="246.33070866141733" CONTENT="la" ID="tl_38_8" STYLEREFS="FONT0"/>
            <SP HEIGHT="13.32283464566929" WIDTH="4.818897637795276" VPOS="443.90551181102364" HPOS="274.96062992125985"/>
            <String HEIGHT="13.32283464566929" WIDTH="43.08661417322835" VPOS="443.90551181102364" HPOS="255.96850393700788" CONTENT="pensée," ID="tl_38_9" STYLEREFS="FONT0"/>
          </TextLine>
          <TextLine ID="tl_39" BASELINE="1648" HEIGHT="16.15748031496063" WIDTH="215.71653543307087" VPOS="450.99212598425197" HPOS="58.960629921259844">
            <String HEIGHT="16.15748031496063" WIDTH="28.62992125984252" VPOS="450.99212598425197" HPOS="54.14173228346457" CONTENT="de" ID="tl_39_1" STYLEREFS="FONT0"/>
            <SP HEIGHT="16.15748031496063" WIDTH="4.818897637795276" VPOS="450.99212598425197" HPOS="83.05511811023622"/>
            <String HEIGHT="16.15748031496063" WIDTH="28.62992125984252" VPOS="450.99212598425197" HPOS="68.5984251968504" CONTENT="la" ID="tl_39_2" STYLEREFS="FONT0"/>
            <SP HEIGHT="16.15748031496063" WIDTH="4.818897637795276" VPOS="450.99212598425197" HPOS="97.22834645669292"/>
            <String HEIGHT="16.15748031496063" WIDTH="72.0" VPOS="450.99212598425197" HPOS="83.05511811023622" CONTENT="technologie" ID="tl_39_3" STYLEREFS="FONT0"/>
            <SP HEIGHT="16.15748031496063" WIDTH="4.818897637795276" VPOS="450.99212598425197" HPOS="154.77165354330708"/>
            <String HEIGHT="16.15748031496063" WIDTH="28.62992125984252" VPOS="450.99212598425197" HPOS="140.31496062992127" CONTENT="et" ID="tl_39_4" STYLEREFS="FONT0"/>
            <SP HEIGHT="16.15748031496063" WIDTH="4.818897637795276" VPOS="450.99212598425197" HPOS="169.22834645669292"/>
            <String HEIGHT="16.15748031496063" WIDTH="33.44881889763779" VPOS="450.99212598425197" HPOS="154.77165354330708" CONTENT="des" ID="tl_39_5" STYLEREFS="FONT0"/>
            <SP HEIGHT="16.15748031496063" WIDTH="4.818897637795276" VPOS="450.99212598425197" HPOS="188.50393700787401"/>
            <String HEIGHT="16.15748031496063" WIDTH="47.90551181102362" VPOS="450.99212598425197" HPOS="174.04724409448818" CONTENT="moyens" ID="tl_39_6" STYLEREFS="FONT0"/>
            <SP HEIGHT="16.15748031496063" WIDTH="4.818897637795276" VPOS="450.99212598425197" HPOS="221.95275590551182"/>
            <String HEIGHT="16.15748031496063" WIDTH="72.0" VPOS="450.99212598425197" HPOS="202.6771653543307" CONTENT="d’expression." ID="tl_39_7" STYLEREFS="FONT0"/>
          </TextLine>
        </TextBlock>
        <TextBlock ID="r_3_6" HEIGHT="11.05511811023622" WIDTH="56.125984251968504" VPOS="471.9685039370079" HPOS="61.22834645669291">
          <TextLine ID="tl_40" BASELINE="1711" HEIGHT="15.307086614173228" WIDTH="58.67716535433071" VPOS="469.7007874015748" HPOS="59.811023622047244">
            <String HEIGHT="15.307086614173228" WIDTH="68.5984251968504" VPOS="469.7007874015748" HPOS="49.889763779527556" CONTENT="Responsable:" ID="tl_40_1" STYLEREFS="FONT0"/>
          </TextLine>
        </TextBlock>
        <TextBlock ID="r_3_7" HEIGHT="27.212598425196852" WIDTH="237.25984251968504" VPOS="478.20472440944883" HPOS="61.22834645669291">
          <TextLine ID="tl_41" BASELINE="1746" HEIGHT="17.007874015748033" WIDTH="240.09448818897638" VPOS="477.9212598425197" HPOS="59.811023622047244">
            <String HEIGHT="17.007874015748033" WIDTH="81.35433070866142" VPOS="477.9212598425197" HPOS="55.55905511811024" CONTENT="Pierre-Alain" ID="tl_41_1" STYLEREFS="FONT1"/>
            <SP HEIGHT="17.007874015748033" WIDTH="4.251968503937008" VPOS="477.9212598425197" HPOS="136.91338582677164"/>
            <String HEIGHT="17.007874015748033" WIDTH="60.09448818897638" VPOS="477.9212598425197" HPOS="124.15748031496064" CONTENT="HUBERT" ID="tl_41_2" STYLEREFS="FONT1"/>
            <SP HEIGHT="17.007874015748033" WIDTH="4.251968503937008" VPOS="477.9212598425197" HPOS="184.251968503937"/>
            <String HEIGHT="17.007874015748033" WIDTH="25.79527559055118" VPOS="477.9212598425197" HPOS="171.21259842519686" CONTENT="né" ID="tl_41_3" STYLEREFS="FONT0"/>
            <SP HEIGHT="17.007874015748033" WIDTH="4.251968503937008" VPOS="477.9212598425197" HPOS="197.00787401574803"/>
            <String HEIGHT="17.007874015748033" WIDTH="25.79527559055118" VPOS="477.9212598425197" HPOS="184.251968503937" CONTENT="en" ID="tl_41_4" STYLEREFS="FONT0"/>
            <SP HEIGHT="17.007874015748033" WIDTH="4.251968503937008" VPOS="477.9212598425197" HPOS="209.76377952755905"/>
            <String HEIGHT="17.007874015748033" WIDTH="34.2992125984252" VPOS="477.9212598425197" HPOS="197.00787401574803" CONTENT="1944" ID="tl_41_5" STYLEREFS="FONT0"/>
            <SP HEIGHT="17.007874015748033" WIDTH="4.251968503937008" VPOS="477.9212598425197" HPOS="231.30708661417322"/>
            <String HEIGHT="17.007874015748033" WIDTH="21.543307086614174" VPOS="477.9212598425197" HPOS="218.5511811023622" CONTENT="à" ID="tl_41_6" STYLEREFS="FONT0"/>
            <SP HEIGHT="17.007874015748033" WIDTH="4.251968503937008" VPOS="477.9212598425197" HPOS="239.81102362204723"/>
            <String HEIGHT="17.007874015748033" WIDTH="42.803149606299215" VPOS="477.9212598425197" HPOS="227.0551181102362" CONTENT="Chatou" ID="tl_41_7" STYLEREFS="FONT0"/>
            <SP HEIGHT="17.007874015748033" WIDTH="4.251968503937008" VPOS="477.9212598425197" HPOS="269.8582677165354"/>
            <String HEIGHT="17.007874015748033" WIDTH="47.05511811023622" VPOS="477.9212598425197" HPOS="252.8503937007874" CONTENT="(France)." ID="tl_41_8" STYLEREFS="FONT0"/>
          </TextLine>
          <TextLine ID="tl_42" BASELINE="1791" HEIGHT="13.32283464566929" WIDTH="44.78740157480315" VPOS="494.3622047244094" HPOS="60.09448818897638">
            <String HEIGHT="13.32283464566929" WIDTH="53.85826771653543" VPOS="494.3622047244094" HPOS="51.023622047244096" CONTENT="Sculpteur." ID="tl_42_1" STYLEREFS="FONT0"/>
          </TextLine>
        </TextBlock>
        <TextBlock ID="r_3_8" HEIGHT="38.267716535433074" WIDTH="238.11023622047244" VPOS="502.86614173228344" HPOS="62.07874015748032">
          <TextLine ID="tl_43" BASELINE="1834" HEIGHT="12.755905511811024" WIDTH="239.81102362204723" VPOS="507.11811023622045" HPOS="60.661417322834644">
            <String HEIGHT="12.755905511811024" WIDTH="66.04724409448819" VPOS="507.11811023622045" HPOS="56.40944881889764" CONTENT="Jean-Yves" ID="tl_43_1" STYLEREFS="FONT1"/>
            <SP HEIGHT="12.755905511811024" WIDTH="4.251968503937008" VPOS="507.11811023622045" HPOS="122.74015748031496"/>
            <String HEIGHT="12.755905511811024" WIDTH="74.55118110236221" VPOS="507.11811023622045" HPOS="110.26771653543307" CONTENT="BETOULAUD" ID="tl_43_2" STYLEREFS="FONT1"/>
            <SP HEIGHT="12.755905511811024" WIDTH="4.251968503937008" VPOS="507.11811023622045" HPOS="184.8188976377953"/>
            <String HEIGHT="12.755905511811024" WIDTH="24.944881889763778" VPOS="507.11811023622045" HPOS="172.3464566929134" CONTENT="né" ID="tl_43_3" STYLEREFS="FONT0"/>
            <SP HEIGHT="12.755905511811024" WIDTH="4.251968503937008" VPOS="507.11811023622045" HPOS="197.00787401574803"/>
            <String HEIGHT="12.755905511811024" WIDTH="24.944881889763778" VPOS="507.11811023622045" HPOS="184.8188976377953" CONTENT="en" ID="tl_43_4" STYLEREFS="FONT0"/>
            <SP HEIGHT="12.755905511811024" WIDTH="4.251968503937008" VPOS="507.11811023622045" HPOS="209.48031496062993"/>
            <String HEIGHT="12.755905511811024" WIDTH="33.16535433070866" VPOS="507.11811023622045" HPOS="197.00787401574803" CONTENT="1942" ID="tl_43_5" STYLEREFS="FONT0"/>
            <SP HEIGHT="12.755905511811024" WIDTH="4.251968503937008" VPOS="507.11811023622045" HPOS="230.17322834645668"/>
            <String HEIGHT="12.755905511811024" WIDTH="20.69291338582677" VPOS="507.11811023622045" HPOS="217.70078740157481" CONTENT="à" ID="tl_43_6" STYLEREFS="FONT0"/>
            <SP HEIGHT="12.755905511811024" WIDTH="4.251968503937008" VPOS="507.11811023622045" HPOS="238.39370078740157"/>
            <String HEIGHT="12.755905511811024" WIDTH="41.38582677165354" VPOS="507.11811023622045" HPOS="225.92125984251967" CONTENT="Paris." ID="tl_43_7" STYLEREFS="FONT0"/>
            <SP HEIGHT="12.755905511811024" WIDTH="4.251968503937008" VPOS="507.11811023622045" HPOS="267.3070866141732"/>
            <String HEIGHT="12.755905511811024" WIDTH="49.60629921259842" VPOS="507.11811023622045" HPOS="250.86614173228347" CONTENT="Graphiste." ID="tl_43_8" STYLEREFS="FONT0"/>
          </TextLine>
          <TextLine ID="tl_44" BASELINE="1893" HEIGHT="16.440944881889763" WIDTH="239.81102362204723" VPOS="520.1574803149606" HPOS="61.79527559055118">
            <String HEIGHT="16.440944881889763" WIDTH="67.18110236220473" VPOS="520.1574803149606" HPOS="57.54330708661417" CONTENT="Françoise" ID="tl_44_1" STYLEREFS="FONT1"/>
            <SP HEIGHT="16.440944881889763" WIDTH="4.251968503937008" VPOS="520.1574803149606" HPOS="125.00787401574803"/>
            <String HEIGHT="16.440944881889763" WIDTH="63.21259842519685" VPOS="520.1574803149606" HPOS="112.25196850393701" CONTENT="DUBOIS" ID="tl_44_2" STYLEREFS="FONT1"/>
            <SP HEIGHT="16.440944881889763" WIDTH="4.251968503937008" VPOS="520.1574803149606" HPOS="175.46456692913387"/>
            <String HEIGHT="16.440944881889763" WIDTH="29.480314960629922" VPOS="520.1574803149606" HPOS="162.70866141732284" CONTENT="née" ID="tl_44_3" STYLEREFS="FONT0"/>
            <SP HEIGHT="16.440944881889763" WIDTH="4.251968503937008" VPOS="520.1574803149606" HPOS="192.18897637795277"/>
            <String HEIGHT="16.440944881889763" WIDTH="25.228346456692915" VPOS="520.1574803149606" HPOS="179.71653543307087" CONTENT="en" ID="tl_44_4" STYLEREFS="FONT0"/>
            <SP HEIGHT="16.440944881889763" WIDTH="4.251968503937008" VPOS="520.1574803149606" HPOS="204.9448818897638"/>
            <String HEIGHT="16.440944881889763" WIDTH="33.732283464566926" VPOS="520.1574803149606" HPOS="192.18897637795277" CONTENT="1944" ID="tl_44_5" STYLEREFS="FONT0"/>
            <SP HEIGHT="16.440944881889763" WIDTH="4.251968503937008" VPOS="520.1574803149606" HPOS="225.92125984251967"/>
            <String HEIGHT="16.440944881889763" WIDTH="20.976377952755904" VPOS="520.1574803149606" HPOS="213.16535433070865" CONTENT="à" ID="tl_44_6" STYLEREFS="FONT0"/>
            <SP HEIGHT="16.440944881889763" WIDTH="4.251968503937008" VPOS="520.1574803149606" HPOS="234.4251968503937"/>
            <String HEIGHT="16.440944881889763" WIDTH="50.45669291338583" VPOS="520.1574803149606" HPOS="221.66929133858267" CONTENT="Viroflay" ID="tl_44_7" STYLEREFS="FONT0"/>
            <SP HEIGHT="16.440944881889763" WIDTH="4.251968503937008" VPOS="520.1574803149606" HPOS="272.12598425196853"/>
            <String HEIGHT="16.440944881889763" WIDTH="46.20472440944882" VPOS="520.1574803149606" HPOS="255.4015748031496" CONTENT="(France)." ID="tl_44_8" STYLEREFS="FONT0"/>
          </TextLine>
        </TextBlock>
        <TextBlock ID="r_4_1" HEIGHT="22.677165354330707" WIDTH="147.96850393700788" VPOS="548.503937007874" HPOS="63.496062992125985">
          <TextLine ID="tl_45" BASELINE="1982" HEIGHT="14.173228346456693" WIDTH="149.95275590551182" VPOS="547.6535433070866" HPOS="62.645669291338585">
            <String HEIGHT="14.173228346456693" WIDTH="34.01574803149607" VPOS="547.6535433070866" HPOS="59.811023622047244" CONTENT="Serge" ID="tl_45_1" STYLEREFS="FONT1"/>
            <SP HEIGHT="14.173228346456693" WIDTH="2.8346456692913384" VPOS="547.6535433070866" HPOS="93.8267716535433"/>
            <String HEIGHT="14.173228346456693" WIDTH="45.354330708661415" VPOS="547.6535433070866" HPOS="85.32283464566929" CONTENT="FRENAUD" ID="tl_45_2" STYLEREFS="FONT1"/>
            <SP HEIGHT="14.173228346456693" WIDTH="2.8346456692913384" VPOS="547.6535433070866" HPOS="130.6771653543307"/>
            <String HEIGHT="14.173228346456693" WIDTH="17.007874015748033" VPOS="547.6535433070866" HPOS="122.1732283464567" CONTENT="né" ID="tl_45_3" STYLEREFS="FONT0"/>
            <SP HEIGHT="14.173228346456693" WIDTH="2.8346456692913384" VPOS="547.6535433070866" HPOS="138.89763779527559"/>
            <String HEIGHT="14.173228346456693" WIDTH="17.007874015748033" VPOS="547.6535433070866" HPOS="130.6771653543307" CONTENT="en" ID="tl_45_4" STYLEREFS="FONT0"/>
            <SP HEIGHT="14.173228346456693" WIDTH="2.8346456692913384" VPOS="547.6535433070866" HPOS="147.4015748031496"/>
            <String HEIGHT="14.173228346456693" WIDTH="22.677165354330707" VPOS="547.6535433070866" HPOS="138.89763779527559" CONTENT="1942" ID="tl_45_5" STYLEREFS="FONT0"/>
            <SP HEIGHT="14.173228346456693" WIDTH="2.8346456692913384" VPOS="547.6535433070866" HPOS="161.5748031496063"/>
            <String HEIGHT="14.173228346456693" WIDTH="14.173228346456693" VPOS="547.6535433070866" HPOS="153.0708661417323" CONTENT="à" ID="tl_45_6" STYLEREFS="FONT0"/>
            <SP HEIGHT="14.173228346456693" WIDTH="2.8346456692913384" VPOS="547.6535433070866" HPOS="167.24409448818898"/>
            <String HEIGHT="14.173228346456693" WIDTH="34.01574803149607" VPOS="547.6535433070866" HPOS="158.74015748031496" CONTENT="Toulouse" ID="tl_45_7" STYLEREFS="FONT0"/>
            <SP HEIGHT="14.173228346456693" WIDTH="2.8346456692913384" VPOS="547.6535433070866" HPOS="192.75590551181102"/>
            <String HEIGHT="14.173228346456693" WIDTH="31.181102362204726" VPOS="547.6535433070866" HPOS="181.41732283464566" CONTENT="(France)." ID="tl_45_8" STYLEREFS="FONT0"/>
          </TextLine>
          <TextLine ID="tl_46" BASELINE="2028" HEIGHT="13.606299212598426" WIDTH="47.62204724409449" VPOS="561.2598425196851" HPOS="61.79527559055118">
            <String HEIGHT="13.606299212598426" WIDTH="56.40944881889764" VPOS="561.2598425196851" HPOS="53.00787401574803" CONTENT="Architecte." ID="tl_46_1" STYLEREFS="FONT0"/>
          </TextLine>
        </TextBlock>
        <TextBlock ID="r_5_1" HEIGHT="9.637795275590552" WIDTH="38.55118110236221" VPOS="550.2047244094488" HPOS="218.83464566929135">
          <TextLine ID="tl_47" BASELINE="1993" HEIGHT="17.858267716535433" WIDTH="41.38582677165354" VPOS="547.0866141732283" HPOS="217.41732283464566">
            <String HEIGHT="17.858267716535433" WIDTH="0.0" VPOS="547.0866141732283" HPOS="258.8031496062992" CONTENT="" ID="tl_47_1" STYLEREFS="FONT0"/>
          </TextLine>
        </TextBlock>
        <TextBlock ID="r_6_1" HEIGHT="11.05511811023622" WIDTH="36.8503937007874" VPOS="549.3543307086615" HPOS="264.755905511811">
          <TextLine ID="tl_48" BASELINE="1984" HEIGHT="14.740157480314961" WIDTH="39.68503937007874" VPOS="547.6535433070866" HPOS="263.0551181102362">
            <String HEIGHT="14.740157480314961" WIDTH="0.0" VPOS="547.6535433070866" HPOS="302.74015748031496" CONTENT="" ID="tl_48_1" STYLEREFS="FONT0"/>
          </TextLine>
        </TextBlock>
        <TextBlock ID="r_7_1" HEIGHT="24.094488188976378" WIDTH="122.45669291338582" VPOS="574.8661417322835" HPOS="64.62992125984252">
          <TextLine ID="tl_49" BASELINE="2081" HEIGHT="15.023622047244094" WIDTH="124.7244094488189" VPOS="574.8661417322835" HPOS="63.77952755905512">
            <String HEIGHT="15.023622047244094" WIDTH="33.44881889763779" VPOS="574.8661417322835" HPOS="61.511811023622045" CONTENT="Liliane" ID="tl_49_1" STYLEREFS="FONT1"/>
            <SP HEIGHT="15.023622047244094" WIDTH="2.267716535433071" VPOS="574.8661417322835" HPOS="94.96062992125984"/>
            <String HEIGHT="15.023622047244094" WIDTH="36.0" VPOS="574.8661417322835" HPOS="87.8740157480315" CONTENT="HUBERT" ID="tl_49_2" STYLEREFS="FONT1"/>
            <SP HEIGHT="15.023622047244094" WIDTH="2.267716535433071" VPOS="574.8661417322835" HPOS="123.8740157480315"/>
            <String HEIGHT="15.023622047244094" WIDTH="16.724409448818896" VPOS="574.8661417322835" HPOS="116.50393700787401" CONTENT="née" ID="tl_49_3" STYLEREFS="FONT0"/>
            <SP HEIGHT="15.023622047244094" WIDTH="2.267716535433071" VPOS="574.8661417322835" HPOS="133.22834645669292"/>
            <String HEIGHT="15.023622047244094" WIDTH="14.456692913385826" VPOS="574.8661417322835" HPOS="126.14173228346456" CONTENT="en" ID="tl_49_4" STYLEREFS="FONT0"/>
            <SP HEIGHT="15.023622047244094" WIDTH="2.267716535433071" VPOS="574.8661417322835" HPOS="140.5984251968504"/>
            <String HEIGHT="15.023622047244094" WIDTH="19.275590551181104" VPOS="574.8661417322835" HPOS="133.22834645669292" CONTENT="1937" ID="tl_49_5" STYLEREFS="FONT0"/>
            <SP HEIGHT="15.023622047244094" WIDTH="2.267716535433071" VPOS="574.8661417322835" HPOS="152.50393700787401"/>
            <String HEIGHT="15.023622047244094" WIDTH="11.905511811023622" VPOS="574.8661417322835" HPOS="145.41732283464566" CONTENT="à" ID="tl_49_6" STYLEREFS="FONT0"/>
            <SP HEIGHT="15.023622047244094" WIDTH="2.267716535433071" VPOS="574.8661417322835" HPOS="157.3228346456693"/>
            <String HEIGHT="15.023622047244094" WIDTH="21.543307086614174" VPOS="574.8661417322835" HPOS="150.23622047244095" CONTENT="Paris" ID="tl_49_7" STYLEREFS="FONT0"/>
            <SP HEIGHT="15.023622047244094" WIDTH="2.267716535433071" VPOS="574.8661417322835" HPOS="171.7795275590551"/>
            <String HEIGHT="15.023622047244094" WIDTH="26.362204724409448" VPOS="574.8661417322835" HPOS="162.14173228346456" CONTENT="(France)." ID="tl_49_8" STYLEREFS="FONT0"/>
          </TextLine>
          <TextLine ID="tl_50" BASELINE="2120" HEIGHT="13.88976377952756" WIDTH="55.84251968503937" VPOS="587.0551181102362" HPOS="63.21259842519685">
            <String HEIGHT="13.88976377952756" WIDTH="65.19685039370079" VPOS="587.0551181102362" HPOS="53.85826771653543" CONTENT="Photographe." ID="tl_50_1" STYLEREFS="FONT0"/>
          </TextLine>
        </TextBlock>
        <TextBlock ID="r_8_1" HEIGHT="15.307086614173228" WIDTH="103.74803149606299" VPOS="574.0157480314961" HPOS="197.5748031496063">
          <TextLine ID="tl_51" BASELINE="2086" HEIGHT="17.007874015748033" WIDTH="106.01574803149606" VPOS="574.2992125984252" HPOS="196.44094488188978">
            <String HEIGHT="17.007874015748033" WIDTH="0.0" VPOS="574.2992125984252" HPOS="302.45669291338584" CONTENT="" ID="tl_51_1" STYLEREFS="FONT0"/>
          </TextLine>
        </TextBlock>
        <TextBlock ID="r_9_1" HEIGHT="14.173228346456693" WIDTH="93.54330708661418" VPOS="602.3622047244095" HPOS="64.34645669291339">
          <TextLine ID="tl_52" BASELINE="2178" HEIGHT="17.007874015748033" WIDTH="96.37795275590551" VPOS="600.3779527559055" HPOS="62.92913385826772">
            <String HEIGHT="17.007874015748033" WIDTH="61.22834645669291" VPOS="600.3779527559055" HPOS="58.67716535433071" CONTENT="Conseiller" ID="tl_52_1" STYLEREFS="FONT0"/>
            <SP HEIGHT="17.007874015748033" WIDTH="4.251968503937008" VPOS="600.3779527559055" HPOS="119.90551181102362"/>
            <String HEIGHT="17.007874015748033" WIDTH="56.976377952755904" VPOS="600.3779527559055" HPOS="106.86614173228347" CONTENT="technique" ID="tl_52_2" STYLEREFS="FONT0"/>
            <SP HEIGHT="17.007874015748033" WIDTH="4.251968503937008" VPOS="600.3779527559055" HPOS="163.55905511811022"/>
            <String HEIGHT="17.007874015748033" WIDTH="13.039370078740157" VPOS="600.3779527559055" HPOS="146.26771653543307" CONTENT=":" ID="tl_52_3" STYLEREFS="FONT0"/>
          </TextLine>
        </TextBlock>
        <TextBlock ID="r_9_2" HEIGHT="12.755905511811024" WIDTH="81.63779527559055" VPOS="615.4015748031496" HPOS="64.62992125984252">
          <TextLine ID="tl_53" BASELINE="2221" HEIGHT="14.173228346456693" WIDTH="84.18897637795276" VPOS="615.4015748031496" HPOS="63.21259842519685">
            <String HEIGHT="14.173228346456693" WIDTH="60.661417322834644" VPOS="615.4015748031496" HPOS="59.811023622047244" CONTENT="Pierre-Noël" ID="tl_53_1" STYLEREFS="FONT1"/>
            <SP HEIGHT="14.173228346456693" WIDTH="3.4015748031496065" VPOS="615.4015748031496" HPOS="120.4724409448819"/>
            <String HEIGHT="14.173228346456693" WIDTH="40.53543307086614" VPOS="615.4015748031496" HPOS="106.86614173228347" CONTENT="DRAIN" ID="tl_53_2" STYLEREFS="FONT1"/>
          </TextLine>
        </TextBlock>
        <TextBlock ID="r_10_1" HEIGHT="8.78740157480315" WIDTH="13.32283464566929" VPOS="640.3464566929134" HPOS="289.7007874015748">
          <TextLine ID="tl_54" BASELINE="2299" HEIGHT="16.15748031496063" WIDTH="15.874015748031496" VPOS="635.5275590551181" HPOS="288.56692913385825">
            <String HEIGHT="16.15748031496063" WIDTH="26.362204724409448" VPOS="635.5275590551181" HPOS="278.0787401574803" CONTENT="155" ID="tl_54_1" STYLEREFS="FONT0"/>
          </TextLine>
        </TextBlock>
        <GraphicalElement ID="r_11" HEIGHT="6.2362204724409445" WIDTH="96.94488188976378" VPOS="0.0" HPOS="146.26771653543307"/>
        <GraphicalElement ID="r_12" HEIGHT="1.4173228346456692" WIDTH="68.5984251968504" VPOS="0.0" HPOS="243.21259842519686"/>
      </PrintSpace>
    </Page>
  </Layout>
</alto>
