291.9685039370079 676.0629921259842
69.44881889763779 20.409448818897637 98.07874015748031 20.125984251968504 EXTRAIT
146.5511811023622 20.409448818897637 41.95275590551181 20.125984251968504 DU
160.44094488188978 20.409448818897637 105.16535433070867 20.125984251968504 REGLEMENT

10.488188976377952 55.84251968503937 58.39370078740158 19.559055118110237 suivantes
55.55905511811024 55.84251968503937 40.53543307086614 19.559055118110237 s’ils
82.48818897637796 55.84251968503937 49.32283464566929 19.559055118110237 restent
118.48818897637796 55.84251968503937 36.0 19.559055118110237 dans
140.88188976377953 55.84251968503937 31.46456692913386 19.559055118110237 les
158.74015748031496 55.84251968503937 49.32283464566929 19.559055118110237 limites
194.74015748031496 55.84251968503937 40.53543307086614 19.559055118110237 d’âge
217.41732283464566 55.84251968503937 49.32283464566929 19.559055118110237 imposées.

10.771653543307087 72.85039370078741 47.338582677165356 13.606299212598426 Chaque
43.93700787401575 72.85039370078741 37.98425196850393 13.606299212598426 pays
67.74803149606299 72.85039370078741 56.976377952755904 13.606299212598426 étranger
110.55118110236221 72.85039370078741 33.16535433070866 13.606299212598426 est
129.54330708661416 72.85039370078741 71.14960629921259 13.606299212598426 responsable
186.23622047244095 72.85039370078741 28.346456692913385 13.606299212598426 de
200.69291338582678 72.85039370078741 28.346456692913385 13.606299212598426 sa
210.04724409448818 72.85039370078741 56.976377952755904 13.606299212598426 sélection,

11.05511811023622 78.80314960629921 35.43307086614173 16.724409448818896 sans
33.16535433070866 78.80314960629921 44.22047244094488 16.724409448818896 aucune
64.34645669291339 78.80314960629921 70.86614173228347 16.724409448818896 intervention
121.88976377952756 78.80314960629921 26.64566929133858 16.724409448818896 de
135.21259842519686 78.80314960629921 26.64566929133858 16.724409448818896 la
148.251968503937 78.80314960629921 57.54330708661417 16.724409448818896 Biennale.
192.75590551181102 78.80314960629921 57.54330708661417 16.724409448818896 Celle-ci,
232.44094488188978 78.80314960629921 35.43307086614173 16.724409448818896 cepen-

10.488188976377952 90.4251968503937 44.503937007874015 15.307086614173228 dant,
39.968503937007874 90.4251968503937 39.40157480314961 15.307086614173228 émet
64.62992125984252 90.4251968503937 29.480314960629922 15.307086614173228 le
79.37007874015748 90.4251968503937 34.58267716535433 15.307086614173228 vœu
99.21259842519684 90.4251968503937 34.58267716535433 15.307086614173228 que
119.05511811023622 90.4251968503937 34.58267716535433 15.307086614173228 les
138.61417322834646 90.4251968503937 49.32283464566929 15.307086614173228 jeunes
173.1968503937008 90.4251968503937 49.32283464566929 15.307086614173228 soient
207.7795275590551 90.4251968503937 59.24409448818898 15.307086614173228 associés
247.1811023622047 90.4251968503937 19.84251968503937 15.307086614173228 au

11.622047244094489 101.19685039370079 38.267716535433074 13.88976377952756 choix
37.13385826771653 101.19685039370079 68.31496062992126 13.88976377952756 représentant
92.69291338582677 101.19685039370079 34.01574803149607 13.88976377952756 leur
113.95275590551181 101.19685039370079 34.01574803149607 13.88976377952756 pays
135.21259842519686 101.19685039370079 34.01574803149607 13.88976377952756 dans
156.75590551181102 101.19685039370079 29.763779527559056 13.88976377952756 les
173.76377952755905 101.19685039370079 64.06299212598425 13.88976377952756 différentes
220.53543307086613 101.19685039370079 47.05511811023622 13.88976377952756 sections.

11.338582677165354 111.96850393700787 28.62992125984252 15.307086614173228 Le
25.79527559055118 111.96850393700787 52.15748031496063 15.307086614173228 Conseil
63.77952755905512 111.96850393700787 94.96062992125984 15.307086614173228 d’Administration
144.28346456692913 111.96850393700787 28.62992125984252 15.307086614173228 se
158.74015748031496 111.96850393700787 56.976377952755904 15.307086614173228 réserve,
201.25984251968504 111.96850393700787 66.61417322834646 15.307086614173228 cependant,
248.88188976377953 111.96850393700787 18.992125984251967 15.307086614173228 la

11.622047244094489 120.4724409448819 47.90551181102362 16.440944881889763 faculté
46.488188976377955 120.4724409448819 56.69291338582677 16.440944881889763 d’exclure
89.85826771653544 120.4724409448819 26.078740157480315 16.440944881889763 de
103.18110236220473 120.4724409448819 26.078740157480315 16.440944881889763 la
116.22047244094489 120.4724409448819 52.44094488188976 16.440944881889763 Biennale
155.33858267716536 120.4724409448819 30.614173228346456 16.440944881889763 les
172.91338582677164 120.4724409448819 43.653543307086615 16.440944881889763 œuvres
203.24409448818898 120.4724409448819 30.614173228346456 16.440944881889763 qui
216.28346456692913 120.4724409448819 52.44094488188976 16.440944881889763 pourraient

11.622047244094489 130.96062992125985 37.41732283464567 15.023622047244094 être
34.86614173228347 130.96062992125985 70.2992125984252 15.023622047244094 considérées
90.99212598425197 130.96062992125985 42.23622047244095 15.023622047244094 comme
119.05511811023622 130.96062992125985 70.2992125984252 15.023622047244094 offensantes
175.1811023622047 130.96062992125985 37.41732283464567 15.023622047244094 pour
198.70866141732284 130.96062992125985 28.062992125984252 15.023622047244094 la
212.5984251968504 130.96062992125985 51.59055118110236 15.023622047244094 morale,
245.48031496062993 130.96062992125985 23.52755905511811 15.023622047244094 les

12.188976377952756 139.46456692913387 77.95275590551181 15.874015748031496 institutions,
76.53543307086615 139.46456692913387 32.031496062992126 15.874015748031496 les
94.67716535433071 139.46456692913387 64.34645669291339 15.874015748031496 sentiments
145.41732283464566 139.46456692913387 59.811023622047244 15.874015748031496 religieux
191.33858267716536 139.46456692913387 27.496062992125985 15.874015748031496 ou
204.9448818897638 139.46456692913387 59.811023622047244 15.874015748031496 nationaux
246.33070866141733 139.46456692913387 22.96062992125984 15.874015748031496 des

11.905511811023622 153.0708661417323 60.37795275590551 14.456692913385826 différents
54.99212598425197 153.0708661417323 30.04724409448819 14.456692913385826 pays.

12.188976377952756 173.1968503937008 52.15748031496063 15.023622047244094 Article
50.173228346456696 173.1968503937008 23.52755905511811 15.023622047244094 5
59.52755905511811 173.1968503937008 23.52755905511811 15.023622047244094 —
69.16535433070867 173.1968503937008 52.15748031496063 15.023622047244094 Bourses
106.86614173228347 173.1968503937008 28.346456692913385 15.023622047244094 et
116.22047244094489 173.1968503937008 66.33070866141732 15.023622047244094 récompenses.

12.755905511811024 184.53543307086613 37.41732283464567 19.84251968503937 Pour
36.28346456692913 184.53543307086613 46.77165354330709 19.84251968503937 chaque
69.16535433070867 184.53543307086613 56.125984251968504 19.84251968503937 section,
111.11811023622047 184.53543307086613 28.062992125984252 19.84251968503937 un
125.29133858267717 184.53543307086613 37.41732283464567 19.84251968503937 jury
148.8188976377953 184.53543307086613 84.18897637795276 19.84251968503937 international,
218.83464566929135 184.53543307086613 51.59055118110236 19.84251968503937 composé
251.71653543307087 184.53543307086613 18.708661417322833 19.84251968503937 de

12.755905511811024 196.7244094488189 79.65354330708661 17.5748031496063 personnalités
78.51968503937007 196.7244094488189 51.59055118110236 17.5748031496063 nommées
115.93700787401575 196.7244094488189 32.881889763779526 17.5748031496063 par
134.64566929133858 196.7244094488189 28.062992125984252 17.5748031496063 le
148.8188976377953 196.7244094488189 51.59055118110236 17.5748031496063 Conseil
181.41732283464566 196.7244094488189 89.00787401574803 17.5748031496063 d’Administration,

13.32283464566929 208.91338582677164 26.929133858267715 14.740157480314961 se
26.929133858267715 208.91338582677164 49.60629921259842 14.740157480314961 réunira
62.92913385826772 208.91338582677164 49.60629921259842 14.740157480314961 pendant
98.92913385826772 208.91338582677164 26.929133858267715 14.740157480314961 la
112.53543307086615 208.91338582677164 54.14173228346457 14.740157480314961 Biennale
153.0708661417323 208.91338582677164 26.929133858267715 14.740157480314961 et
166.6771653543307 208.91338582677164 63.21259842519685 14.740157480314961 attribuera
216.28346456692913 208.91338582677164 31.46456692913386 14.740157480314961 des
229.88976377952756 208.91338582677164 40.53543307086614 14.740157480314961 bourses

13.32283464566929 219.4015748031496 28.62992125984252 13.32283464566929 et
27.77952755905512 219.4015748031496 71.43307086614173 13.32283464566929 récompenses
85.03937007874016 219.4015748031496 33.44881889763779 13.32283464566929 aux
104.03149606299213 219.4015748031496 57.25984251968504 13.32283464566929 artistes
146.83464566929135 219.4015748031496 62.07874015748032 13.32283464566929 étrangers
194.74015748031496 219.4015748031496 28.62992125984252 13.32283464566929 et
208.91338582677164 219.4015748031496 62.07874015748032 13.32283464566929 français.
252.0 219.4015748031496 18.992125984251967 13.32283464566929 Ce

12.755905511811024 225.92125984251967 40.53543307086614 17.007874015748033 jury
38.267716535433074 225.92125984251967 40.53543307086614 17.007874015748033 sera
63.496062992125985 225.92125984251967 55.84251968503937 17.007874015748033 composé
104.03149606299213 225.92125984251967 40.53543307086614 17.007874015748033 d’au
129.54330708661416 225.92125984251967 45.63779527559055 17.007874015748033 moins
159.8740157480315 225.92125984251967 40.53543307086614 17.007874015748033 deux
185.38582677165354 225.92125984251967 45.63779527559055 17.007874015748033 tiers
215.71653543307087 225.92125984251967 30.330708661417322 17.007874015748033 de
225.92125984251967 225.92125984251967 45.63779527559055 17.007874015748033 membres

13.32283464566929 236.1259842519685 69.44881889763779 14.456692913385826 étrangers.
68.03149606299213 236.1259842519685 34.86614173228347 14.456692913385826 Les
87.8740157480315 236.1259842519685 79.37007874015748 14.456692913385826 commissaires
152.50393700787401 236.1259842519685 59.52755905511811 14.456692913385826 généraux
197.00787401574803 236.1259842519685 29.763779527559056 14.456692913385826 de
212.03149606299212 236.1259842519685 49.60629921259842 14.456692913385826 chaque
241.79527559055117 236.1259842519685 29.763779527559056 14.456692913385826 pays

14.456692913385826 246.89763779527559 26.64566929133858 13.32283464566929 ne
27.77952755905512 246.89763779527559 53.29133858267716 13.32283464566929 pourront
68.03149606299213 246.89763779527559 31.181102362204726 13.32283464566929 pas
85.60629921259843 246.89763779527559 39.968503937007874 13.32283464566929 faire
112.53543307086615 246.89763779527559 44.503937007874015 13.32283464566929 partie
143.43307086614172 246.89763779527559 31.181102362204726 13.32283464566929 des
156.75590551181102 246.89763779527559 35.71653543307087 13.32283464566929 jurys.

15.023622047244094 257.6692913385827 30.89763779527559 16.440944881889763 Les
32.881889763779526 257.6692913385827 57.54330708661417 16.440944881889763 décisions
77.10236220472441 257.6692913385827 30.89763779527559 16.440944881889763 des
94.67716535433071 257.6692913385827 39.968503937007874 16.440944881889763 jurys
121.32283464566929 257.6692913385827 79.65354330708661 16.440944881889763 internationaux
187.6535433070866 257.6692913385827 35.43307086614173 16.440944881889763 sont
209.76377952755905 257.6692913385827 35.43307086614173 16.440944881889763 sans
227.6220472440945 257.6692913385827 44.22047244094488 16.440944881889763 recours.

15.023622047244094 269.5748031496063 31.46456692913386 19.275590551181104 Les
33.16535433070866 269.5748031496063 40.53543307086614 19.275590551181104 jurys
60.09448818897638 269.5748031496063 31.46456692913386 19.275590551181104 ont
78.23622047244095 269.5748031496063 26.929133858267715 19.275590551181104 la
91.55905511811024 269.5748031496063 49.60629921259842 19.275590551181104 faculté
127.55905511811024 269.5748031496063 26.929133858267715 19.275590551181104 de
141.16535433070865 269.5748031496063 63.21259842519685 19.275590551181104 s’abstenir
190.77165354330708 269.5748031496063 26.929133858267715 19.275590551181104 de
204.3779527559055 269.5748031496063 63.21259842519685 19.275590551181104 distribuer
249.4488188976378 269.5748031496063 22.393700787401574 19.275590551181104 les

15.023622047244094 280.9133858267717 71.71653543307086 15.874015748031496 récompenses
72.28346456692914 280.9133858267717 52.44094488188976 15.874015748031496 prêvues
110.55118110236221 280.9133858267717 33.44881889763779 15.874015748031496 et,
129.82677165354332 280.9133858267717 38.267716535433074 15.874015748031496 dans
153.63779527559055 280.9133858267717 28.62992125984252 15.874015748031496 ce
167.81102362204723 280.9133858267717 38.267716535433074 15.874015748031496 cas,
191.90551181102362 280.9133858267717 52.44094488188976 15.874015748031496 peuvent
225.35433070866142 280.9133858267717 47.62204724409449 15.874015748031496 proposer

14.740157480314961 290.5511811023622 31.181102362204726 15.307086614173228 que
32.59842519685039 290.5511811023622 31.181102362204726 15.307086614173228 les
50.45669291338583 290.5511811023622 44.503937007874015 15.307086614173228 sommes
81.63779527559055 290.5511811023622 49.039370078740156 15.307086614173228 rendues
117.07086614173228 290.5511811023622 39.968503937007874 15.307086614173228 ainsi
143.71653543307087 290.5511811023622 66.61417322834646 15.307086614173228 disponibles
197.00787401574803 290.5511811023622 44.503937007874015 15.307086614173228 soient
223.6535433070866 290.5511811023622 49.039370078740156 15.307086614173228 utilisées

15.307086614173228 302.1732283464567 35.43307086614173 12.755905511811024 sous
37.7007874015748 302.1732283464567 30.89763779527559 12.755905511811024 une
55.275590551181104 302.1732283464567 39.968503937007874 12.755905511811024 autre
81.92125984251969 302.1732283464567 39.968503937007874 12.755905511811024 forme
108.56692913385827 302.1732283464567 26.64566929133858 12.755905511811024 au
121.88976377952756 302.1732283464567 44.22047244094488 12.755905511811024 profit
152.78740157480314 302.1732283464567 35.43307086614173 12.755905511811024 d’un
174.89763779527559 302.1732283464567 26.64566929133858 12.755905511811024 ou
188.2204724409449 302.1732283464567 57.54330708661417 12.755905511811024 plusieurs
228.18897637795277 302.1732283464567 44.22047244094488 12.755905511811024 artistes

11.905511811023622 314.0787401574803 62.07874015748032 14.173228346456693 participants.

16.724409448818896 322.86614173228344 26.078740157480315 14.740157480314961 Le
29.763779527559056 322.86614173228344 47.90551181102362 14.740157480314961 nombre,
64.62992125984252 322.86614173228344 26.078740157480315 14.740157480314961 la
77.66929133858268 322.86614173228344 65.19685039370079 14.740157480314961 répartition
129.82677165354332 322.86614173228344 26.078740157480315 14.740157480314961 et
142.86614173228347 322.86614173228344 26.078740157480315 14.740157480314961 le
155.90551181102362 322.86614173228344 47.90551181102362 14.740157480314961 montant
190.77165354330708 322.86614173228344 30.614173228346456 14.740157480314961 des
208.3464566929134 322.86614173228344 47.90551181102362 14.740157480314961 bourses
238.6771653543307 322.86614173228344 34.86614173228347 14.740157480314961 seront

15.874015748031496 335.62204724409446 39.40157480314961 14.173228346456693 fixés
37.7007874015748 335.62204724409446 74.26771653543307 14.173228346456693 ultérieurement.

16.440944881889763 343.2755905511811 33.44881889763779 16.724409448818896 Les
35.43307086614173 343.2755905511811 52.44094488188976 16.724409448818896 bourses
73.7007874015748 343.2755905511811 62.07874015748032 16.724409448818896 destinées
121.32283464566929 343.2755905511811 33.44881889763779 16.724409448818896 aux
140.5984251968504 343.2755905511811 62.07874015748032 16.724409448818896 étrangers
188.2204724409449 343.2755905511811 47.62204724409449 16.724409448818896 seront
216.8503937007874 343.2755905511811 57.25984251968504 16.724409448818896 attribuées

16.440944881889763 354.61417322834643 36.8503937007874 15.874015748031496 sans
39.40157480314961 354.61417322834643 41.38582677165354 15.874015748031496 tenir
66.89763779527559 354.61417322834643 45.92125984251968 15.874015748031496 compte
99.21259842519684 354.61417322834643 41.38582677165354 15.874015748031496 d’une
126.70866141732283 354.61417322834643 68.88188976377953 15.874015748031496 répartition
181.98425196850394 354.61417322834643 32.31496062992126 15.874015748031496 par
200.40944881889763 354.61417322834643 73.41732283464567 15.874015748031496 nationalité;
255.4015748031496 354.61417322834643 18.4251968503937 15.874015748031496 il

17.007874015748033 365.1023622047244 31.46456692913386 13.606299212598426 n’y
35.1496062992126 365.1023622047244 36.0 13.606299212598426 aura
57.54330708661417 365.1023622047244 31.46456692913386 13.606299212598426 nul
75.68503937007874 365.1023622047244 72.0 13.606299212598426 inconvénient
134.07874015748033 365.1023622047244 22.393700787401574 13.606299212598426 à
143.1496062992126 365.1023622047244 26.929133858267715 13.606299212598426 ce
156.75590551181102 365.1023622047244 45.07086614173228 13.606299212598426 qu’une
188.2204724409449 365.1023622047244 36.0 13.606299212598426 même
206.36220472440945 365.1023622047244 67.46456692913385 13.606299212598426 participation

17.291338582677167 375.59055118110234 59.24409448818898 15.874015748031496 étrangère
62.645669291338585 375.59055118110234 45.63779527559055 15.874015748031496 compte
94.67716535433071 375.59055118110234 59.24409448818898 15.874015748031496 plusieurs
135.49606299212599 375.59055118110234 50.173228346456696 15.874015748031496 lauréats.

18.4251968503937 384.9448818897638 30.614173228346456 18.4251968503937 Les
35.71653543307087 384.9448818897638 52.15748031496063 18.4251968503937 artistes
74.83464566929133 384.9448818897638 39.118110236220474 18.4251968503937 ayant
101.19685039370079 384.9448818897638 43.653543307086615 18.4251968503937 obtenu
131.5275590551181 384.9448818897638 34.86614173228347 18.4251968503937 hors
153.35433070866142 384.9448818897638 26.078740157480315 18.4251968503937 de
166.39370078740157 384.9448818897638 26.078740157480315 18.4251968503937 la
179.43307086614172 384.9448818897638 52.15748031496063 18.4251968503937 Biennale
218.5511811023622 384.9448818897638 30.614173228346456 18.4251968503937 des
231.59055118110237 384.9448818897638 43.653543307086615 18.4251968503937 distinc-

17.5748031496063 395.1496062992126 40.53543307086614 17.007874015748033 tions
44.78740157480315 395.1496062992126 63.21259842519685 17.007874015748033 nationales
94.39370078740157 395.1496062992126 27.212598425196852 17.007874015748033 ou
108.0 395.1496062992126 90.4251968503937 17.007874015748033 internationales,
184.53543307086613 395.1496062992126 27.212598425196852 17.007874015748033 ou
198.14173228346456 395.1496062992126 40.53543307086614 17.007874015748033 ayant
225.35433070866142 395.1496062992126 45.07086614173228 17.007874015748033 acquis
252.28346456692913 395.1496062992126 22.677165354330707 17.007874015748033 une

17.007874015748033 405.6377952755906 57.25984251968504 15.590551181102363 certaine
60.09448818897638 405.6377952755906 66.89763779527559 15.590551181102363 notoriété,
112.53543307086615 405.6377952755906 28.62992125984252 15.590551181102363 ne
126.99212598425197 405.6377952755906 47.90551181102362 15.590551181102363 seront
160.44094488188978 405.6377952755906 33.44881889763779 15.590551181102363 pas
179.71653543307087 405.6377952755906 47.90551181102362 15.590551181102363 exclus
213.16535433070865 405.6377952755906 28.62992125984252 15.590551181102363 de
227.33858267716536 405.6377952755906 28.62992125984252 15.590551181102363 la
236.9763779527559 405.6377952755906 38.267716535433074 15.590551181102363 compé-

18.141732283464567 415.5590551181102 47.90551181102362 15.023622047244094 tition.
53.00787401574803 415.5590551181102 60.94488188976378 15.023622047244094 Cependant,
100.91338582677166 415.5590551181102 30.614173228346456 15.023622047244094 les
118.20472440944881 415.5590551181102 52.44094488188976 15.023622047244094 artistes
157.60629921259843 415.5590551181102 39.118110236220474 15.023622047244094 ayant
183.68503937007873 415.5590551181102 56.69291338582677 15.023622047244094 bénéficié
227.33858267716536 415.5590551181102 26.078740157480315 15.023622047244094 de
236.1259842519685 415.5590551181102 39.118110236220474 15.023622047244094 bourses

17.858267716535433 424.62992125984255 29.763779527559056 17.007874015748033 ou
32.59842519685039 424.62992125984255 29.763779527559056 17.007874015748033 de
47.338582677165356 424.62992125984255 74.26771653543307 17.007874015748033 récompenses
106.86614173228347 424.62992125984255 24.661417322834644 17.007874015748033 à
116.78740157480316 424.62992125984255 44.503937007874015 17.007874015748033 l’une
146.5511811023622 424.62992125984255 34.58267716535433 17.007874015748033 des
166.39370078740157 424.62992125984255 74.26771653543307 17.007874015748033 précédentes
221.10236220472441 424.62992125984255 54.425196850393704 17.007874015748033 Biennales

18.141732283464567 435.11811023622045 28.62992125984252 14.740157480314961 ne
32.59842519685039 435.11811023622045 57.25984251968504 14.740157480314961 pourront
75.4015748031496 435.11811023622045 52.44094488188976 14.740157480314961 obtenir
113.38582677165354 435.11811023622045 33.44881889763779 14.740157480314961 une
132.66141732283464 435.11811023622045 47.62204724409449 14.740157480314961 bourse
165.82677165354332 435.11811023622045 28.62992125984252 14.740157480314961 ou
180.28346456692913 435.11811023622045 33.44881889763779 14.740157480314961 une
199.2755905511811 435.11811023622045 66.61417322834646 14.740157480314961 récompense
246.89763779527559 435.11811023622045 28.62992125984252 14.740157480314961 dans

18.708661417322833 448.4409448818898 30.04724409448819 14.173228346456693 la
33.732283464566926 448.4409448818898 40.25196850393701 14.173228346456693 même
53.85826771653543 448.4409448818898 60.37795275590551 14.173228346456693 technique.

19.559055118110237 455.5275590551181 32.881889763779526 17.007874015748033 Les
38.267716535433074 455.5275590551181 51.59055118110236 17.007874015748033 bourses
75.68503937007874 455.5275590551181 37.41732283464567 17.007874015748033 sont
98.92913385826772 455.5275590551181 60.94488188976378 17.007874015748033 accordées
145.70078740157481 455.5275590551181 32.881889763779526 17.007874015748033 aux
164.40944881889763 455.5275590551181 56.125984251968504 17.007874015748033 lauréats
206.64566929133858 455.5275590551181 60.94488188976378 17.007874015748033 étrangers
248.5984251968504 455.5275590551181 28.062992125984252 17.007874015748033 pour

19.559055118110237 464.88188976377955 36.0 17.5748031496063 leur
42.23622047244095 464.88188976377955 58.67716535433071 17.5748031496063 permettre
87.30708661417323 464.88188976377955 26.929133858267715 17.5748031496063 de
100.62992125984252 464.88188976377955 40.53543307086614 17.5748031496063 faire
127.84251968503936 464.88188976377955 26.929133858267715 17.5748031496063 en
141.4488188976378 464.88188976377955 45.07086614173228 17.5748031496063 France
172.91338582677164 464.88188976377955 26.929133858267715 17.5748031496063 un
186.51968503937007 464.88188976377955 45.07086614173228 17.5748031496063 séjour
217.98425196850394 464.88188976377955 26.929133858267715 17.5748031496063 de
227.0551181102362 464.88188976377955 49.60629921259842 17.5748031496063 plusieurs

19.559055118110237 476.2204724409449 40.53543307086614 16.15748031496063 mois.
46.488188976377955 476.2204724409449 40.53543307086614 16.15748031496063 Elles
73.7007874015748 476.2204724409449 36.0 16.15748031496063 sont
96.09448818897638 476.2204724409449 49.60629921259842 16.15748031496063 versées
132.09448818897638 476.2204724409449 81.07086614173228 16.15748031496063 mensuellement.
199.84251968503938 476.2204724409449 26.929133858267715 16.15748031496063 Ce
213.4488188976378 476.2204724409449 45.07086614173228 16.15748031496063 séjour
240.3779527559055 476.2204724409449 36.0 16.15748031496063 pourra

19.559055118110237 484.7244094488189 35.43307086614173 15.874015748031496 être
41.95275590551181 484.7244094488189 53.29133858267716 15.874015748031496 effectué
81.63779527559055 484.7244094488189 26.64566929133858 15.874015748031496 en
94.96062992125984 484.7244094488189 31.181102362204726 15.874015748031496 une
112.81889763779527 484.7244094488189 26.64566929133858 15.874015748031496 ou
126.14173228346456 484.7244094488189 57.54330708661417 15.874015748031496 plusieurs
170.36220472440945 484.7244094488189 35.43307086614173 15.874015748031496 fois
192.75590551181102 484.7244094488189 22.11023622047244 15.874015748031496 à
201.54330708661416 484.7244094488189 57.54330708661417 15.874015748031496 condition
241.51181102362204 484.7244094488189 35.43307086614173 15.874015748031496 d’être

20.125984251968504 496.06299212598424 39.968503937007874 14.740157480314961 situé
46.77165354330709 496.06299212598424 39.968503937007874 14.740157480314961 avant
73.41732283464567 496.06299212598424 79.93700787401575 14.740157480314961 l’inauguration
140.03149606299212 496.06299212598424 26.64566929133858 14.740157480314961 de
153.35433070866142 496.06299212598424 26.64566929133858 14.740157480314961 la
166.6771653543307 496.06299212598424 53.29133858267716 14.740157480314961 Biennale
202.39370078740157 496.06299212598424 48.75590551181102 14.740157480314961 suivante.

19.559055118110237 504.8503937007874 46.488188976377955 18.141732283464567 Après
50.45669291338583 504.8503937007874 51.59055118110236 18.141732283464567 accord
86.74015748031496 504.8503937007874 30.89763779527559 18.141732283464567 de
102.33070866141732 504.8503937007874 30.89763779527559 18.141732283464567 la
117.63779527559055 504.8503937007874 67.18110236220473 18.141732283464567 Biennale,
169.51181102362204 504.8503937007874 30.89763779527559 18.141732283464567 un
185.10236220472441 504.8503937007874 56.976377952755904 18.141732283464567 certain
226.48818897637796 504.8503937007874 51.59055118110236 18.141732283464567 nombre
257.38582677165357 504.8503937007874 20.69291338582677 18.141732283464567 de

20.69291338582677 516.7559055118111 52.44094488188976 17.007874015748033 bourses
58.960629921259844 516.7559055118111 28.62992125984252 17.007874015748033 ou
73.13385826771653 516.7559055118111 28.62992125984252 17.007874015748033 de
87.59055118110236 516.7559055118111 71.43307086614173 17.007874015748033 récompenses
144.56692913385828 516.7559055118111 57.25984251968504 17.007874015748033 offertes
187.6535433070866 516.7559055118111 33.44881889763779 17.007874015748033 par
206.64566929133858 516.7559055118111 33.44881889763779 17.007874015748033 des
220.8188976377953 516.7559055118111 57.25984251968504 17.007874015748033 organismes

21.25984251968504 527.2440944881889 55.84251968503937 15.307086614173228 officiels
64.06299212598425 527.2440944881889 25.79527559055118 15.307086614173228 ou
77.10236220472441 527.2440944881889 47.05511811023622 15.307086614173228 privés,
111.4015748031496 527.2440944881889 55.84251968503937 15.307086614173228 étrangers
154.20472440944883 527.2440944881889 25.79527559055118 15.307086614173228 ou
166.96062992125985 527.2440944881889 55.84251968503937 15.307086614173228 français,
210.04724409448818 527.2440944881889 51.59055118110236 15.307086614173228 pourront
244.3464566929134 527.2440944881889 34.2992125984252 15.307086614173228 égale-

21.25984251968504 541.1338582677165 38.267716535433074 12.755905511811024 ment
45.354330708661415 541.1338582677165 38.267716535433074 12.755905511811024 être
64.34645669291339 541.1338582677165 57.54330708661417 12.755905511811024 décernées.

21.826771653543307 549.6377952755905 34.58267716535433 17.858267716535433 Les
41.38582677165354 549.6377952755905 59.24409448818898 17.858267716535433 artistes
85.88976377952756 549.6377952755905 44.503937007874015 17.858267716535433 ayant
115.65354330708661 549.6377952755905 49.60629921259842 17.858267716535433 obtenu
150.23622047244095 549.6377952755905 34.58267716535433 17.858267716535433 une
170.07874015748033 549.6377952755905 49.60629921259842 17.858267716535433 bourse
204.66141732283464 549.6377952755905 29.763779527559056 17.858267716535433 ou
219.68503937007873 549.6377952755905 34.58267716535433 17.858267716535433 une
234.4251968503937 549.6377952755905 44.503937007874015 17.858267716535433 mention

21.826771653543307 559.2755905511812 35.43307086614173 16.724409448818896 sont
44.22047244094488 559.2755905511812 39.968503937007874 16.724409448818896 tenus
70.58267716535433 559.2755905511812 26.64566929133858 16.724409448818896 de
83.90551181102362 559.2755905511812 48.75590551181102 16.724409448818896 laisser
119.33858267716535 559.2755905511812 30.89763779527559 16.724409448818896 une
137.1968503937008 559.2755905511812 26.64566929133858 16.724409448818896 ou
150.51968503937007 559.2755905511812 35.43307086614173 16.724409448818896 deux
172.62992125984252 559.2755905511812 44.22047244094488 16.724409448818896 œuvres
203.5275590551181 559.2755905511812 22.11023622047244 16.724409448818896 à
212.5984251968504 559.2755905511812 26.64566929133858 16.724409448818896 la
221.38582677165354 559.2755905511812 57.54330708661417 16.724409448818896 disposition

22.393700787401574 567.7795275590552 25.79527559055118 18.4251968503937 de
35.1496062992126 567.7795275590552 25.79527559055118 18.4251968503937 la
48.188976377952756 567.7795275590552 51.59055118110236 18.4251968503937 Biennale
86.74015748031496 567.7795275590552 34.2992125984252 18.4251968503937 pour
108.28346456692914 567.7795275590552 60.09448818897638 18.4251968503937 participer
155.33858267716536 567.7795275590552 30.04724409448819 18.4251968503937 aux
172.62992125984252 567.7795275590552 64.34645669291339 18.4251968503937 expositions
223.93700787401573 567.7795275590552 30.04724409448819 18.4251968503937 des
236.9763779527559 567.7795275590552 42.803149606299215 18.4251968503937 lauréats

22.11023622047244 577.7007874015748 32.881889763779526 17.5748031496063 que
41.10236220472441 577.7007874015748 56.125984251968504 17.5748031496063 celle-ci
83.05511811023622 577.7007874015748 37.41732283464567 17.5748031496063 peut
106.58267716535433 577.7007874015748 60.94488188976378 17.5748031496063 organiser
153.63779527559055 577.7007874015748 28.062992125984252 17.5748031496063 en
167.5275590551181 577.7007874015748 46.77165354330709 17.5748031496063 France
200.40944881889763 577.7007874015748 28.062992125984252 17.5748031496063 ou
214.29921259842519 577.7007874015748 23.52755905511811 17.5748031496063 à
219.11811023622047 577.7007874015748 60.94488188976378 17.5748031496063 l’étranger.

22.677165354330707 589.3228346456693 29.19685039370079 18.141732283464567 Si
37.13385826771653 589.3228346456693 34.01574803149607 18.141732283464567 ces
56.69291338582677 589.3228346456693 48.75590551181102 18.141732283464567 œuvres
90.70866141732283 589.3228346456693 43.93700787401575 18.141732283464567 n’ont
119.90551181102362 589.3228346456693 34.01574803149607 18.141732283464567 pas
139.46456692913387 589.3228346456693 34.01574803149607 18.141732283464567 été
159.0236220472441 589.3228346456693 58.39370078740158 18.141732283464567 achetées
202.6771653543307 589.3228346456693 29.19685039370079 18.141732283464567 au
217.41732283464566 589.3228346456693 43.93700787401575 18.141732283464567 cours
246.61417322834646 589.3228346456693 29.19685039370079 18.141732283464567 de
256.251968503937 589.3228346456693 24.37795275590551 18.141732283464567 ces

23.244094488188978 598.9606299212599 62.36220472440945 18.992125984251967 expositions
73.13385826771653 598.9606299212599 66.33070866141732 18.992125984251967 itinérantes,
126.99212598425197 598.9606299212599 37.41732283464567 18.992125984251967 elles
151.93700787401573 598.9606299212599 41.38582677165354 18.992125984251967 seront
181.13385826771653 598.9606299212599 53.85826771653543 18.992125984251967 renvoyées
222.51968503937007 598.9606299212599 28.913385826771652 18.992125984251967 aux
234.99212598425197 598.9606299212599 45.63779527559055 18.992125984251967 artistes,

21.826771653543307 608.8818897637796 35.43307086614173 18.4251968503937 aux
42.23622047244095 608.8818897637796 45.63779527559055 18.4251968503937 frais
72.56692913385827 608.8818897637796 30.614173228346456 18.4251968503937 de
87.8740157480315 608.8818897637796 30.614173228346456 18.4251968503937 la
103.18110236220473 608.8818897637796 66.04724409448819 18.4251968503937 Biennale,
153.92125984251967 608.8818897637796 40.53543307086614 18.4251968503937 dans
179.43307086614172 608.8818897637796 30.614173228346456 18.4251968503937 un
194.45669291338584 608.8818897637796 45.63779527559055 18.4251968503937 délai
225.0708661417323 608.8818897637796 55.84251968503937 18.4251968503937 maximum
260.503937007874 608.8818897637796 20.409448818897637 18.4251968503937 de

22.677165354330707 626.1732283464567 37.98425196850393 12.188976377952756 deux
41.669291338582674 626.1732283464567 28.62992125984252 12.188976377952756 ans.

260.503937007874 641.4803149606299 21.543307086614174 13.039370078740157 15
