312.09448818897636 669.2598425196851
56.40944881889764 15.590551181102363 174.61417322834646 26.078740157480315 MANIFESTATIONS
197.5748031496063 15.590551181102363 99.77952755905511 26.078740157480315 ANNEXE

114.51968503937007 54.99212598425197 48.188976377952756 15.874015748031496 MUSEE
146.5511811023622 54.99212598425197 56.40944881889764 15.874015748031496 GALLIERA

41.669291338582674 70.58267716535433 29.480314960629922 21.543307086614174 10,
58.67716535433071 70.58267716535433 41.95275590551181 21.543307086614174 avenue
87.8740157480315 70.58267716535433 105.16535433070867 21.543307086614174 Pierre-ler-de-Serbie,
180.56692913385828 70.58267716535433 37.98425196850393 21.543307086614174 Paris
205.79527559055117 70.58267716535433 37.98425196850393 21.543307086614174 (16e)
231.0236220472441 70.58267716535433 20.976377952755904 21.543307086614174 -
235.2755905511811 70.58267716535433 46.20472440944882 21.543307086614174 727.96.85

73.7007874015748 83.62204724409449 69.16535433070867 16.440944881889763 Exposition
127.84251968503936 83.62204724409449 29.763779527559056 16.440944881889763 du
142.86614173228347 83.62204724409449 24.661417322834644 16.440944881889763 2
152.78740157480314 83.62204724409449 29.763779527559056 16.440944881889763 au
167.5275590551181 83.62204724409449 29.763779527559056 16.440944881889763 25
182.26771653543307 83.62204724409449 54.425196850393704 16.440944881889763 octobre
216.8503937007874 83.62204724409449 29.763779527559056 16.440944881889763 1969

49.039370078740156 92.1259842519685 69.73228346456693 20.125984251968504 Vernissage
103.74803149606299 92.1259842519685 29.763779527559056 20.125984251968504 le
118.77165354330708 92.1259842519685 44.78740157480315 20.125984251968504 jeudi
148.53543307086613 92.1259842519685 24.944881889763778 20.125984251968504 2
158.45669291338584 92.1259842519685 54.70866141732284 20.125984251968504 octobre
198.4251968503937 92.1259842519685 29.763779527559056 20.125984251968504 de
213.16535433070865 92.1259842519685 29.763779527559056 20.125984251968504 15
228.18897637795277 92.1259842519685 24.944881889763778 20.125984251968504 h
238.11023622047244 92.1259842519685 24.944881889763778 20.125984251968504 à
248.03149606299212 92.1259842519685 29.763779527559056 20.125984251968504 18
257.9527559055118 92.1259842519685 15.023622047244094 20.125984251968504 h

93.25984251968504 106.2992125984252 35.71653543307087 15.590551181102363 Tous
115.65354330708661 106.2992125984252 31.181102362204726 15.590551181102363 les
133.51181102362204 106.2992125984252 39.968503937007874 15.590551181102363 jours
160.15748031496062 106.2992125984252 26.64566929133858 15.590551181102363 de
173.48031496062993 106.2992125984252 26.64566929133858 15.590551181102363 13
186.8031496062992 106.2992125984252 22.11023622047244 15.590551181102363 h
195.59055118110237 106.2992125984252 22.11023622047244 15.590551181102363 à
204.66141732283464 106.2992125984252 26.64566929133858 15.590551181102363 21
213.4488188976378 106.2992125984252 13.32283464566929 15.590551181102363 h

72.85039370078741 115.37007874015748 46.488188976377955 16.724409448818896 Michel
105.16535433070867 115.37007874015748 46.488188976377955 16.724409448818896 Ragon,
137.76377952755905 115.37007874015748 46.488188976377955 16.724409448818896 Gérald
165.82677165354332 115.37007874015748 83.62204724409449 16.724409448818896 Gassiot

66.33070866141732 125.00787401574803 75.68503937007874 16.724409448818896 Jean-Jacques
127.84251968503936 125.00787401574803 52.15748031496063 16.724409448818896 Lévêque
165.82677165354332 125.00787401574803 28.346456692913385 16.724409448818896 et
180.0 125.00787401574803 66.33070866141732 16.724409448818896 Raoul-Jean
227.33858267716536 125.00787401574803 37.7007874015748 16.724409448818896 Moulin

129.82677165354332 141.73228346456693 58.110236220472444 13.039370078740157 présentent

99.49606299212599 162.14173228346456 56.125984251968504 16.724409448818896 JEUNES
142.58267716535434 162.14173228346456 51.59055118110236 16.724409448818896 ARTISTES
181.41732283464566 162.14173228346456 21.543307086614174 16.724409448818896 A
185.66929133858267 162.14173228346456 47.338582677165356 16.724409448818896 PARIS

35.1496062992126 178.58267716535434 29.19685039370079 19.559055118110237 La
49.60629921259842 178.58267716535434 58.39370078740158 19.559055118110237 Biennale
93.54330708661418 178.58267716535434 29.19685039370079 19.559055118110237 de
108.0 178.58267716535434 43.93700787401575 19.559055118110237 Paris
137.1968503937008 178.58267716535434 43.93700787401575 19.559055118110237 étant
166.6771653543307 178.58267716535434 87.59055118110236 19.559055118110237 principalement
234.70866141732284 178.58267716535434 58.39370078740158 19.559055118110237 consacrée,

34.86614173228347 191.0551181102362 42.23622047244095 14.456692913385826 cette
63.21259842519685 191.0551181102362 47.05511811023622 14.456692913385826 année,
96.09448818897638 191.0551181102362 32.881889763779526 14.456692913385826 aux
114.80314960629921 191.0551181102362 51.59055118110236 14.456692913385826 travaux
152.50393700787401 191.0551181102362 60.94488188976378 14.456692913385826 d’équipe,
199.55905511811022 191.0551181102362 28.062992125984252 14.456692913385826 et
213.4488188976378 191.0551181102362 28.062992125984252 14.456692913385826 la
227.6220472440945 191.0551181102362 42.23622047244095 14.456692913385826 place
251.1496062992126 191.0551181102362 42.23622047244095 14.456692913385826 offerte

35.1496062992126 198.70866141732284 23.52755905511811 17.5748031496063 à
44.78740157480315 198.70866141732284 47.05511811023622 17.5748031496063 chaque
77.66929133858268 198.70866141732284 37.7007874015748 17.5748031496063 pays
101.19685039370079 198.70866141732284 42.23622047244095 17.5748031496063 étant
129.25984251968504 198.70866141732284 37.7007874015748 17.5748031496063 fort
152.78740157480314 198.70866141732284 70.58267716535433 17.5748031496063 restreinte,
209.1968503937008 198.70866141732284 51.874015748031496 17.5748031496063 Jacques
242.07874015748033 198.70866141732284 51.874015748031496 17.5748031496063 Lassaigne

35.1496062992126 208.62992125984252 40.25196850393701 15.023622047244094 s’est
62.07874015748032 208.62992125984252 44.78740157480315 15.023622047244094 montré
93.25984251968504 208.62992125984252 53.574803149606296 15.023622047244094 soucieux
133.51181102362204 208.62992125984252 53.574803149606296 15.023622047244094 d’offrir
173.76377952755905 208.62992125984252 26.929133858267715 15.023622047244094 un
187.08661417322836 208.62992125984252 35.71653543307087 15.023622047244094 lieu
209.48031496062993 208.62992125984252 35.71653543307087 15.023622047244094 qui,
227.33858267716536 208.62992125984252 66.89763779527559 15.023622047244094 parallèlement

35.1496062992126 218.5511811023622 24.094488188976378 15.874015748031496 à
44.78740157480315 218.5511811023622 28.913385826771652 15.874015748031496 la
59.24409448818898 218.5511811023622 62.36220472440945 15.874015748031496 Biennale,
107.14960629921259 218.5511811023622 47.90551181102362 15.874015748031496 puisse
140.5984251968504 218.5511811023622 62.36220472440945 15.874015748031496 permettre
188.78740157480314 218.5511811023622 33.44881889763779 15.874015748031496 aux
207.7795275590551 218.5511811023622 57.54330708661417 15.874015748031496 artistes
251.1496062992126 218.5511811023622 28.913385826771652 15.874015748031496 de
260.78740157480314 218.5511811023622 33.44881889763779 15.874015748031496 moins

35.43307086614173 227.33858267716536 27.212598425196852 17.007874015748033 de
49.039370078740156 227.33858267716536 27.212598425196852 17.007874015748033 35
62.645669291338585 227.33858267716536 36.28346456692913 17.007874015748033 ans,
85.60629921259843 227.33858267716536 45.63779527559055 17.007874015748033 vivant
117.35433070866142 227.33858267716536 22.677165354330707 17.007874015748033 à
126.4251968503937 227.33858267716536 45.63779527559055 17.007874015748033 Paris,
158.17322834645668 227.33858267716536 59.24409448818898 17.007874015748033 d’exposer
203.81102362204723 227.33858267716536 36.28346456692913 17.007874015748033 leur
226.48818897637796 227.33858267716536 54.70866141732284 17.007874015748033 travail.
263.0551181102362 227.33858267716536 31.748031496062993 17.007874015748033 C’est

36.0 235.2755905511811 41.669291338582674 17.5748031496063 ainsi
63.77952755905512 235.2755905511811 41.669291338582674 17.5748031496063 qu’il
91.2755905511811 235.2755905511811 32.31496062992126 17.5748031496063 m’a
109.98425196850394 235.2755905511811 50.74015748031496 17.5748031496063 demandé
146.83464566929135 235.2755905511811 73.98425196850394 17.5748031496063 d’organiser,
206.9291338582677 235.2755905511811 27.77952755905512 17.5748031496063 au
220.8188976377953 235.2755905511811 41.669291338582674 17.5748031496063 Musée
244.06299212598427 235.2755905511811 50.74015748031496 17.5748031496063 Galliéra,

36.28346456692913 246.33070866141733 34.2992125984252 15.590551181102363 une
55.84251968503937 246.33070866141733 83.05511811023622 15.590551181102363 manifestation
124.15748031496064 246.33070866141733 34.2992125984252 15.590551181102363 que
143.71653543307087 246.33070866141733 43.93700787401575 15.590551181102363 j’ai,
172.91338582677164 246.33070866141733 43.93700787401575 15.590551181102363 avant
202.39370078740157 246.33070866141733 43.93700787401575 15.590551181102363 tout,
231.59055118110237 246.33070866141733 48.75590551181102 15.590551181102363 conçue
260.78740157480314 246.33070866141733 34.2992125984252 15.590551181102363 comme

36.8503937007874 258.5196850393701 31.46456692913386 12.472440944881889 une
54.70866141732284 258.5196850393701 62.645669291338585 12.472440944881889 exposition
99.49606299212599 258.5196850393701 71.71653543307086 12.472440944881889 d’information.

37.13385826771653 263.0551181102362 50.74015748031496 18.4251968503937 Partant
73.98425196850394 263.0551181102362 27.77952755905512 18.4251968503937 de
87.8740157480315 263.0551181102362 27.77952755905512 18.4251968503937 ce
101.76377952755905 263.0551181102362 60.09448818897638 18.4251968503937 principe,
147.68503937007873 263.0551181102362 50.74015748031496 18.4251968503937 j’avais
184.53543307086613 263.0551181102362 50.74015748031496 18.4251968503937 demandé
221.66929133858267 263.0551181102362 22.96062992125984 18.4251968503937 à
230.74015748031496 263.0551181102362 32.31496062992126 18.4251968503937 des
244.62992125984252 263.0551181102362 50.74015748031496 18.4251968503937 critiques

37.41732283464567 275.81102362204723 43.08661417322835 14.740157480314961 d’art,
67.46456692913385 275.81102362204723 25.79527559055118 14.740157480314961 de
80.50393700787401 275.81102362204723 55.84251968503937 14.740157480314961 tendances
123.30708661417323 275.81102362204723 30.04724409448819 14.740157480314961 les
140.5984251968504 275.81102362204723 34.2992125984252 14.740157480314961 plus
162.14173228346456 275.81102362204723 55.84251968503937 14.740157480314961 opposées,
204.9448818897638 275.81102362204723 25.79527559055118 14.740157480314961 de
217.98425196850394 275.81102362204723 38.83464566929134 14.740157480314961 faire
243.7795275590551 275.81102362204723 34.2992125984252 14.740157480314961 leur
261.07086614173227 275.81102362204723 34.2992125984252 14.740157480314961 choix.

37.7007874015748 284.0314960629921 58.110236220472444 15.307086614173228 Certains,
82.48818897637796 284.0314960629921 31.181102362204726 15.307086614173228 qui
100.34645669291339 284.0314960629921 62.36220472440945 15.307086614173228 récusaient
149.38582677165354 284.0314960629921 26.64566929133858 15.307086614173228 ce
162.70866141732284 284.0314960629921 58.110236220472444 15.307086614173228 caractère
207.21259842519686 284.0314960629921 75.96850393700787 15.307086614173228 d’information
265.3228346456693 284.0314960629921 31.181102362204726 15.307086614173228 donné

37.7007874015748 295.37007874015745 22.96062992125984 13.88976377952756 à
46.77165354330709 295.37007874015745 73.7007874015748 13.88976377952756 l’exposition
106.86614173228347 295.37007874015745 27.77952755905512 13.88976377952756 et
120.75590551181102 295.37007874015745 32.31496062992126 13.88976377952756 lui
139.1811023622047 295.37007874015745 50.74015748031496 13.88976377952756 eussent
176.03149606299212 295.37007874015745 50.74015748031496 13.88976377952756 préféré
212.88188976377953 295.37007874015745 27.77952755905512 13.88976377952756 un
226.77165354330708 295.37007874015745 36.8503937007874 13.88976377952756 rôle
245.1968503937008 295.37007874015745 50.74015748031496 13.88976377952756 manifeste

37.98425196850393 305.00787401574803 27.77952755905512 13.88976377952756 en
51.874015748031496 305.00787401574803 46.20472440944882 13.88976377952756 faveur
83.90551181102362 305.00787401574803 27.77952755905512 13.88976377952756 de
97.79527559055119 305.00787401574803 41.38582677165354 13.88976377952756 telle
125.5748031496063 305.00787401574803 27.77952755905512 13.88976377952756 ou
139.46456692913387 305.00787401574803 41.38582677165354 13.88976377952756 telle
166.96062992125985 305.00787401574803 60.09448818897638 13.88976377952756 tendance,
213.16535433070865 305.00787401574803 27.77952755905512 13.88976377952756 se
227.0551181102362 305.00787401574803 36.8503937007874 13.88976377952756 sont
245.48031496062993 305.00787401574803 50.74015748031496 13.88976377952756 désistés.

37.7007874015748 312.66141732283467 47.05511811023622 15.590551181102363 Gérald
70.86614173228347 312.66141732283467 94.39370078740157 15.590551181102363 Gassiot-Talabot,
150.8031496062992 312.66141732283467 75.4015748031496 15.590551181102363 Jean-Jacques
212.31496062992127 312.66141732283467 51.874015748031496 15.590551181102363 Lévêque
250.01574803149606 312.66141732283467 28.346456692913385 15.590551181102363 et
259.37007874015745 312.66141732283467 37.7007874015748 15.590551181102363 Raoul-

37.7007874015748 322.5826771653543 38.55118110236221 16.15748031496063 Jean
61.79527559055118 322.5826771653543 48.188976377952756 16.15748031496063 Moulin
95.5275590551181 322.5826771653543 33.732283464566926 16.15748031496063 ont
114.51968503937007 322.5826771653543 38.55118110236221 16.15748031496063 bien
138.61417322834646 322.5826771653543 43.37007874015748 16.15748031496063 voulu
167.5275590551181 322.5826771653543 57.826771653543304 16.15748031496063 procéder
210.89763779527559 322.5826771653543 38.55118110236221 16.15748031496063 avec
234.70866141732284 322.5826771653543 33.732283464566926 16.15748031496063 moi
253.98425196850394 322.5826771653543 28.913385826771652 16.15748031496063 au
263.62204724409446 322.5826771653543 33.732283464566926 16.15748031496063 choix

37.41732283464567 332.2204724409449 33.732283464566926 14.173228346456693 des
56.69291338582677 332.2204724409449 62.645669291338585 14.173228346456693 artistes,
104.88188976377953 332.2204724409449 24.094488188976378 14.173228346456693 à
114.23622047244095 332.2204724409449 72.0 14.173228346456693 l’exception
172.06299212598427 332.2204724409449 28.913385826771652 14.173228346456693 de
186.51968503937007 332.2204724409449 28.913385826771652 14.173228346456693 la
200.9763779527559 332.2204724409449 43.37007874015748 14.173228346456693 salle
229.88976377952756 332.2204724409449 57.826771653543304 14.173228346456693 anonyme,
268.15748031496065 332.2204724409449 28.913385826771652 14.173228346456693 dite

39.40157480314961 341.5748031496063 56.69291338582677 15.023622047244094 l’Atelier
83.05511811023622 341.5748031496063 26.078740157480315 15.023622047244094 du
96.09448818897638 341.5748031496063 65.48031496062993 15.023622047244094 Spectateur,
148.53543307086613 341.5748031496063 34.86614173228347 15.023622047244094 dont
170.36220472440945 341.5748031496063 34.86614173228347 15.023622047244094 j’ai
192.18897637795277 341.5748031496063 43.653543307086615 15.023622047244094 confié
222.8031496062992 341.5748031496063 26.078740157480315 15.023622047244094 la
235.84251968503938 341.5748031496063 65.48031496062993 15.023622047244094 réalisation
284.0314960629921 341.5748031496063 13.039370078740157 15.023622047244094 à

39.118110236220474 355.18110236220474 41.669291338582674 12.472440944881889 Frank
62.07874015748032 355.18110236220474 41.669291338582674 12.472440944881889 Popper.

38.55118110236221 360.2834645669291 47.90551181102362 14.456692913385826 Toutes
72.28346456692914 360.2834645669291 33.732283464566926 14.456692913385826 les
91.2755905511811 360.2834645669291 47.90551181102362 14.456692913385826 salles
125.00787401574803 360.2834645669291 28.913385826771652 14.456692913385826 se
139.46456692913387 360.2834645669291 72.0 14.456692913385826 complètent,
197.00787401574803 360.2834645669291 52.724409448818896 14.456692913385826 surtout
230.74015748031496 360.2834645669291 67.18110236220473 14.456692913385826 lorsqu’elles

39.68503937007874 372.18897637795277 64.62992125984252 13.606299212598426 paraissent
90.4251968503937 372.18897637795277 59.811023622047244 13.606299212598426 s’opposer
136.3464566929134 372.18897637795277 27.77952755905512 13.606299212598426 ou
150.23622047244095 372.18897637795277 27.77952755905512 13.606299212598426 se
164.1259842519685 372.18897637795277 69.16535433070867 13.606299212598426 contredire.
219.4015748031496 372.18897637795277 27.77952755905512 13.606299212598426 De
228.4724409448819 372.18897637795277 69.16535433070867 13.606299212598426 l’abstraction

40.53543307086614 379.5590551181102 47.338582677165356 14.173228346456693 lyrique
74.83464566929133 379.5590551181102 43.08661417322835 14.173228346456693 (rare)
104.88188976377953 379.5590551181102 30.04724409448819 14.173228346456693 aux
122.1732283464567 379.5590551181102 43.08661417322835 14.173228346456693 formes
152.2204724409449 379.5590551181102 60.09448818897638 14.173228346456693 primaires,
199.2755905511811 379.5590551181102 25.79527559055118 14.173228346456693 du
212.31496062992127 379.5590551181102 47.338582677165356 14.173228346456693 tableau
246.61417322834646 379.5590551181102 25.79527559055118 14.173228346456693 de
255.11811023622047 379.5590551181102 43.08661417322835 14.173228346456693 chevalet

39.68503937007874 388.62992125984255 23.244094488188978 14.456692913385826 à
48.75590551181102 388.62992125984255 41.669291338582674 14.456692913385826 l’art
76.53543307086615 388.62992125984255 50.74015748031496 14.456692913385826 pauvre,
113.66929133858268 388.62992125984255 27.77952755905512 14.456692913385826 du
127.55905511811024 388.62992125984255 60.09448818897638 14.456692913385826 manifeste
173.76377952755905 388.62992125984255 23.244094488188978 14.456692913385826 à
182.83464566929135 388.62992125984255 27.77952755905512 14.456692913385826 la
196.7244094488189 388.62992125984255 64.62992125984252 14.456692913385826 réflexion,
247.748031496063 388.62992125984255 27.77952755905512 14.456692913385826 de
261.6377952755906 388.62992125984255 41.669291338582674 14.456692913385826 l’art
284.59842519685037 388.62992125984255 13.88976377952756 14.456692913385826 à

41.10236220472441 397.98425196850394 61.22834645669291 16.15748031496063 l’anti-art,
89.85826771653544 397.98425196850394 24.37795275590551 16.15748031496063 de
102.33070866141732 397.98425196850394 44.78740157480315 16.15748031496063 l’objet
134.9291338582677 397.98425196850394 24.37795275590551 16.15748031496063 au
147.11811023622047 397.98425196850394 57.25984251968504 16.15748031496063 non-objet,
192.18897637795277 397.98425196850394 36.8503937007874 16.15748031496063 cette
216.56692913385828 397.98425196850394 57.25984251968504 16.15748031496063 exposition
257.38582677165357 397.98425196850394 40.818897637795274 16.15748031496063 présente

40.25196850393701 407.62204724409446 29.763779527559056 14.740157480314961 un
55.275590551181104 407.62204724409446 69.73228346456693 14.740157480314961 microcosme
109.98425196850394 407.62204724409446 29.763779527559056 14.740157480314961 de
125.00787401574803 407.62204724409446 39.68503937007874 14.740157480314961 tout
149.95275590551182 407.62204724409446 29.763779527559056 14.740157480314961 ce
164.69291338582678 407.62204724409446 34.86614173228347 14.740157480314961 qui
184.53543307086613 407.62204724409446 39.68503937007874 14.740157480314961 boût
209.48031496062993 407.62204724409446 79.65354330708661 14.740157480314961 actuellement
269.29133858267716 407.62204724409446 29.763779527559056 14.740157480314961 dans

40.818897637795274 420.66141732283467 27.496062992125985 11.905511811023622 la
54.425196850393704 420.66141732283467 45.92125984251968 11.905511811023622 popote
86.74015748031496 420.66141732283467 32.031496062992126 11.905511811023622 des
104.88188976377953 420.66141732283467 45.92125984251968 11.905511811023622 jeunes
132.3779527559055 420.66141732283467 45.92125984251968 11.905511811023622 classes.

40.818897637795274 427.46456692913387 66.61417322834646 14.740157480314961 Devons-nous
94.39370078740157 427.46456692913387 49.039370078740156 14.740157480314961 ajouter
129.82677165354332 427.46456692913387 35.43307086614173 14.740157480314961 que,
151.93700787401573 427.46456692913387 44.503937007874015 14.740157480314961 voyant
183.11811023622047 427.46456692913387 31.181102362204726 14.740157480314961 les
200.9763779527559 427.46456692913387 71.14960629921259 14.740157480314961 hésitations,
258.8031496062992 427.46456692913387 35.43307086614173 14.740157480314961 puis
276.66141732283467 427.46456692913387 22.11023622047244 14.740157480314961 les

39.68503937007874 436.81889763779526 66.04724409448819 13.606299212598426 dérobades
90.70866141732283 436.81889763779526 40.818897637795274 13.606299212598426 d’un
115.93700787401575 436.81889763779526 56.125984251968504 13.606299212598426 certain
156.75590551181102 436.81889763779526 51.023622047244096 13.606299212598426 nombre
192.4724409448819 436.81889763779526 30.614173228346456 13.606299212598426 de
207.7795275590551 436.81889763779526 35.71653543307087 13.606299212598426 nos
228.18897637795277 436.81889763779526 66.04724409448819 13.606299212598426 confrères
273.8267716535433 436.81889763779526 25.511811023622048 13.606299212598426 que

39.968503937007874 446.74015748031496 49.32283464566929 16.15748031496063 j’avais
75.96850393700787 446.74015748031496 49.32283464566929 16.15748031496063 conviés
111.68503937007874 446.74015748031496 22.393700787401574 16.15748031496063 à
120.4724409448819 446.74015748031496 53.574803149606296 16.15748031496063 procéder
161.00787401574803 446.74015748031496 22.393700787401574 16.15748031496063 à
169.79527559055117 446.74015748031496 26.929133858267715 16.15748031496063 ce
183.11811023622047 446.74015748031496 40.25196850393701 16.15748031496063 choix
210.04724409448818 446.74015748031496 35.71653543307087 16.15748031496063 pour
232.44094488188978 446.74015748031496 58.110236220472444 16.15748031496063 Galliéra,
272.6929133858268 446.74015748031496 26.929133858267715 16.15748031496063 nous

40.53543307086614 455.81102362204723 37.7007874015748 13.88976377952756 nous
64.06299212598425 455.81102362204723 47.05511811023622 13.88976377952756 sommes
97.22834645669292 455.81102362204723 42.51968503937008 13.88976377952756 posés
125.29133858267717 455.81102362204723 28.346456692913385 13.88976377952756 la
139.46456692913387 455.81102362204723 56.40944881889764 13.88976377952756 question
181.98425196850394 455.81102362204723 28.346456692913385 13.88976377952756 de
196.15748031496062 455.81102362204723 61.22834645669291 13.88976377952756 l’utilité
243.21259842519686 455.81102362204723 42.51968503937008 13.88976377952756 d’une
266.74015748031496 455.81102362204723 32.881889763779526 13.88976377952756 telle

41.10236220472441 464.59842519685037 61.511811023622045 14.173228346456693 exposition
89.29133858267717 464.59842519685037 35.1496062992126 14.173228346456693 dans
111.4015748031496 464.59842519685037 30.89763779527559 14.173228346456693 les
128.9763779527559 464.59842519685037 74.83464566929133 14.173228346456693 circonstances
190.48818897637796 464.59842519685037 61.511811023622045 14.173228346456693 présentes.
238.6771653543307 464.59842519685037 26.362204724409448 14.173228346456693 Il
252.0 464.59842519685037 22.11023622047244 14.173228346456693 y
260.78740157480314 464.59842519685037 22.11023622047244 14.173228346456693 a
265.03937007874015 464.59842519685037 35.1496062992126 14.173228346456693 d’ail-

41.38582677165354 476.2204724409449 41.38582677165354 12.188976377952756 leurs
68.88188976377953 476.2204724409449 41.38582677165354 12.188976377952756 belle
96.66141732283465 476.2204724409449 50.74015748031496 12.188976377952756 lurette
133.51181102362204 476.2204724409449 32.31496062992126 12.188976377952756 que
151.93700787401573 476.2204724409449 36.8503937007874 12.188976377952756 nous
175.1811023622047 476.2204724409449 36.8503937007874 12.188976377952756 nous
198.14173228346456 476.2204724409449 73.7007874015748 12.188976377952756 interrogeons
258.23622047244095 476.2204724409449 32.31496062992126 12.188976377952756 (et
271.84251968503935 476.2204724409449 27.77952755905512 12.188976377952756 nous

40.53543307086614 483.87401574803147 43.37007874015748 15.590551181102363 avons
69.44881889763779 483.87401574803147 38.55118110236221 15.590551181102363 posé
93.54330708661418 483.87401574803147 76.81889763779527 15.590551181102363 publiquement
155.90551181102362 483.87401574803147 28.913385826771652 15.590551181102363 la
170.36220472440945 483.87401574803147 62.645669291338585 15.590551181102363 question)
218.5511811023622 483.87401574803147 33.732283464566926 15.590551181102363 sur
237.54330708661416 483.87401574803147 28.913385826771652 15.590551181102363 la
247.1811023622047 483.87401574803147 53.00787401574803 15.590551181102363 nécessité

40.818897637795274 492.9448818897638 51.874015748031496 13.039370078740157 sociale
78.80314960629921 492.9448818897638 33.16535433070866 13.039370078740157 des
97.51181102362204 492.9448818897638 66.04724409448819 13.039370078740157 Biennales,
149.66929133858267 492.9448818897638 33.16535433070866 13.039370078740157 des
168.3779527559055 492.9448818897638 51.874015748031496 13.039370078740157 Salons,
206.36220472440945 492.9448818897638 33.16535433070866 13.039370078740157 des
225.0708661417323 492.9448818897638 61.511811023622045 13.039370078740157 galeries,
267.59055118110234 492.9448818897638 33.16535433070866 13.039370078740157 voire

41.669291338582674 503.1496062992126 43.08661417322835 12.755905511811024 même,
70.2992125984252 503.1496062992126 28.62992125984252 12.755905511811024 et
84.75590551181102 503.1496062992126 57.54330708661417 12.755905511811024 surtout,
127.84251968503936 503.1496062992126 33.44881889763779 12.755905511811024 des
147.11811023622047 503.1496062992126 62.36220472440945 12.755905511811024 peintres,
194.74015748031496 503.1496062992126 33.44881889763779 12.755905511811024 des
214.01574803149606 503.1496062992126 66.89763779527559 12.755905511811024 sculpteurs
266.74015748031496 503.1496062992126 28.62992125984252 12.755905511811024 et
276.37795275590554 503.1496062992126 23.811023622047244 12.755905511811024 des

41.95275590551181 513.9212598425197 57.25984251968504 12.472440944881889 critiques
85.88976377952756 513.9212598425197 43.93700787401575 12.472440944881889 d’art.
116.50393700787401 513.9212598425197 35.1496062992126 12.472440944881889 Mais
138.61417322834646 513.9212598425197 48.47244094488189 12.472440944881889 puisque
173.76377952755905 513.9212598425197 61.511811023622045 12.472440944881889 l’occasion
221.95275590551182 513.9212598425197 35.1496062992126 12.472440944881889 nous
244.06299212598427 513.9212598425197 39.68503937007874 12.472440944881889 était
265.8897637795276 513.9212598425197 35.1496062992126 12.472440944881889 donnée

41.669291338582674 520.4409448818898 27.212598425196852 13.039370078740157 de
55.275590551181104 520.4409448818898 49.889763779527556 13.039370078740157 pouvoir
91.55905511811024 520.4409448818898 45.354330708661415 13.039370078740157 offrir
123.30708661417323 520.4409448818898 31.748031496062993 13.039370078740157 une
141.4488188976378 520.4409448818898 40.818897637795274 13.039370078740157 salle
168.66141732283464 520.4409448818898 31.748031496062993 13.039370078740157 aux
187.08661417322836 520.4409448818898 45.354330708661415 13.039370078740157 jeunes
218.83464566929135 520.4409448818898 54.425196850393704 13.039370078740157 artistes
259.65354330708664 520.4409448818898 45.354330708661415 13.039370078740157 vivant
286.86614173228344 520.4409448818898 13.606299212598426 13.039370078740157 à

41.95275590551181 533.1968503937007 49.039370078740156 10.488188976377952 Paris,
76.25196850393701 533.1968503937007 39.118110236220474 10.488188976377952 nous
100.62992125984252 533.1968503937007 53.85826771653543 10.488188976377952 n’avons
139.748031496063 533.1968503937007 34.2992125984252 10.488188976377952 pas
159.30708661417322 533.1968503937007 43.93700787401575 10.488188976377952 voulu
188.50393700787401 533.1968503937007 34.2992125984252 10.488188976377952 les
208.06299212598427 533.1968503937007 49.039370078740156 10.488188976377952 priver
237.54330708661416 533.1968503937007 63.496062992125985 10.488188976377952 nous

41.95275590551181 542.2677165354331 92.97637795275591 10.204724409448819 arbitrairement,
120.18897637795276 542.2677165354331 43.93700787401575 10.204724409448819 d’une
149.38582677165354 542.2677165354331 53.85826771653543 10.204724409448819 «chance
188.50393700787401 542.2677165354331 29.480314960629922 10.204724409448819 :.
203.24409448818898 542.2677165354331 39.118110236220474 10.204724409448819 Nous
227.6220472440945 542.2677165354331 34.2992125984252 10.204724409448819 les
247.1811023622047 542.2677165354331 43.93700787401575 10.204724409448819 avons
271.84251968503935 542.2677165354331 29.480314960629922 10.204724409448819 donc

43.08661417322835 549.0708661417323 61.511811023622045 13.039370078740157 interrogés
91.2755905511811 549.0708661417323 30.614173228346456 13.039370078740157 sur
108.85039370078741 549.0708661417323 39.40157480314961 13.039370078740157 leurs
135.21259842519686 549.0708661417323 65.76377952755905 13.039370078740157 intentions.
187.6535433070866 549.0708661417323 30.614173228346456 13.039370078740157 Non
205.22834645669292 549.0708661417323 56.976377952755904 13.039370078740157 seulement
249.16535433070865 549.0708661417323 30.614173228346456 13.039370078740157 ils
262.48818897637796 549.0708661417323 39.40157480314961 13.039370078740157 souhai-

42.803149606299215 560.6929133858267 46.20472440944882 11.905511811023622 taient
75.11811023622047 560.6929133858267 50.74015748031496 11.905511811023622 exposer
111.96850393700787 560.6929133858267 22.96062992125984 11.905511811023622 à
121.03937007874016 560.6929133858267 59.811023622047244 11.905511811023622 Galliéra,
167.24409448818898 560.6929133858267 36.8503937007874 11.905511811023622 mais
190.20472440944883 560.6929133858267 27.77952755905512 11.905511811023622 il
204.09448818897638 560.6929133858267 32.31496062992126 11.905511811023622 est
222.51968503937007 560.6929133858267 36.8503937007874 11.905511811023622 très
245.48031496062993 560.6929133858267 36.8503937007874 11.905511811023622 vite
263.90551181102364 560.6929133858267 36.8503937007874 11.905511811023622 apparu

42.51968503937008 570.0472440944882 33.732283464566926 9.921259842519685 que
61.79527559055118 570.0472440944882 33.732283464566926 9.921259842519685 les
81.07086614173228 570.0472440944882 67.18110236220473 9.921259842519685 dimensions
133.79527559055117 570.0472440944882 28.913385826771652 9.921259842519685 du
148.251968503937 570.0472440944882 43.08661417322835 9.921259842519685 Musée
176.88188976377953 570.0472440944882 52.724409448818896 9.921259842519685 étaient
215.43307086614172 570.0472440944882 38.55118110236221 9.921259842519685 trop
239.5275590551181 570.0472440944882 52.724409448818896 9.921259842519685 exiguës
272.9763779527559 570.0472440944882 28.913385826771652 9.921259842519685 pour

42.803149606299215 578.2677165354331 55.275590551181104 11.05511811023622 contenir
84.18897637795276 578.2677165354331 36.8503937007874 11.05511811023622 tous
107.43307086614173 578.2677165354331 32.31496062992126 11.05511811023622 les
125.85826771653544 578.2677165354331 55.275590551181104 11.05511811023622 produits
167.5275590551181 578.2677165354331 69.16535433070867 11.05511811023622 esthétiques
222.8031496062992 578.2677165354331 27.77952755905512 11.05511811023622 ou
232.15748031496062 578.2677165354331 69.16535433070867 11.05511811023622 anesthétiques

43.08661417322835 587.9055118110236 32.31496062992126 12.188976377952756 qui
61.511811023622045 587.9055118110236 36.8503937007874 12.188976377952756 nous
84.4724409448819 587.9055118110236 50.74015748031496 12.188976377952756 étaient
121.32283464566929 587.9055118110236 60.09448818897638 12.188976377952756 proposés.
167.5275590551181 587.9055118110236 41.38582677165354 12.188976377952756 Cette
195.30708661417322 587.9055118110236 64.62992125984252 12.188976377952756 exposition
246.04724409448818 587.9055118110236 32.31496062992126 12.188976377952756 est
264.4724409448819 587.9055118110236 36.8503937007874 12.188976377952756 donc
282.8976377952756 587.9055118110236 18.4251968503937 12.188976377952756 le

43.37007874015748 596.9763779527559 51.59055118110236 11.338582677165354 résultat
81.92125984251969 596.9763779527559 34.2992125984252 11.338582677165354 d’un
103.46456692913385 596.9763779527559 38.83464566929134 11.338582677165354 choix
129.25984251968504 596.9763779527559 60.09448818897638 11.338582677165354 restreint,
176.5984251968504 596.9763779527559 34.2992125984252 11.338582677165354 trop
198.14173228346456 596.9763779527559 60.09448818897638 11.338582677165354 restrictif
245.48031496062993 596.9763779527559 21.543307086614174 11.338582677165354 à
253.98425196850394 596.9763779527559 38.83464566929134 11.338582677165354 notre
275.5275590551181 596.9763779527559 25.79527559055118 11.338582677165354 gré.

43.37007874015748 605.7637795275591 36.28346456692913 11.905511811023622 Mais
66.04724409448819 605.7637795275591 27.212598425196852 11.905511811023622 il
79.65354330708661 605.7637795275591 27.212598425196852 11.905511811023622 ne
93.25984251968504 605.7637795275591 36.28346456692913 11.905511811023622 nous
115.93700787401575 605.7637795275591 63.496062992125985 11.905511811023622 appartient
165.82677165354332 605.7637795275591 31.748031496062993 11.905511811023622 pas
183.96850393700788 605.7637795275591 27.212598425196852 11.905511811023622 de
197.5748031496063 605.7637795275591 49.889763779527556 11.905511811023622 décider
233.85826771653544 605.7637795275591 27.212598425196852 11.905511811023622 de
242.9291338582677 605.7637795275591 58.960629921259844 11.905511811023622 l’agrandis-

42.803149606299215 615.4015748031496 47.05511811023622 13.88976377952756 sement
75.96850393700787 615.4015748031496 32.881889763779526 13.88976377952756 des
94.67716535433071 615.4015748031496 61.22834645669291 13.88976377952756 bâtiments
141.73228346456693 615.4015748031496 65.76377952755905 13.88976377952756 municipaux
193.3228346456693 615.4015748031496 28.346456692913385 13.88976377952756 ou
207.49606299212599 615.4015748031496 65.76377952755905 13.88976377952756 nationaux.
259.37007874015745 615.4015748031496 28.346456692913385 13.88976377952756 La
268.7244094488189 615.4015748031496 32.881889763779526 13.88976377952756 seule

274.96062992125985 637.2283464566929 26.929133858267715 14.740157480314961 175
