302.1732283464567 669.2598425196851
102.33070866141732 14.456692913385826 174.04724409448818 24.094488188976378 <b>GRANDE

13.88976377952756 52.15748031496063 58.39370078740158 26.64566929133858 Brener,
56.40944881889764 52.15748031496063 53.00787401574803 26.64566929133858 faites
93.54330708661418 52.15748031496063 31.748031496062993 26.64566929133858 de
109.41732283464567 52.15748031496063 53.00787401574803 26.64566929133858 simple
146.5511811023622 52.15748031496063 47.90551181102362 26.64566929133858 métal
178.58267716535434 52.15748031496063 68.88188976377953 26.64566929133858 tubulaire
226.20472440944883 52.15748031496063 42.51968503937008 26.64566929133858 peint,

13.606299212598426 64.62992125984252 62.645669291338585 26.078740157480315 forment
59.24409448818898 64.62992125984252 39.968503937007874 26.078740157480315 des
81.92125984251969 64.62992125984252 79.65354330708661 26.078740157480315 structures
144.56692913385828 64.62992125984252 68.31496062992126 26.078740157480315 ouvertes
195.8740157480315 64.62992125984252 39.968503937007874 26.078740157480315 qui
212.88188976377953 64.62992125984252 56.976377952755904 26.078740157480315 reposent

13.606299212598426 78.23622047244095 89.29133858267717 25.79527559055118 directement
85.03937007874016 78.23622047244095 41.669291338582674 25.79527559055118 sur
108.85039370078741 78.23622047244095 35.71653543307087 25.79527559055118 le
126.70866141732283 78.23622047244095 41.669291338582674 25.79527559055118 sol
150.8031496062992 78.23622047244095 35.71653543307087 25.79527559055118 et
168.66141732283464 78.23622047244095 83.33858267716535 25.79527559055118 augmentent
228.18897637795277 78.23622047244095 41.669291338582674 25.79527559055118 notre

15.307086614173228 87.8740157480315 71.71653543307086 24.944881889763778 conscience
71.43307086614173 87.8740157480315 30.614173228346456 24.944881889763778 de
87.02362204724409 87.8740157480315 71.71653543307086 24.944881889763778 l’étendue.
143.1496062992126 87.8740157480315 40.818897637795274 24.944881889763778 Leur
168.66141732283464 87.8740157480315 56.125984251968504 24.944881889763778 taille,
209.76377952755905 87.8740157480315 40.818897637795274 24.944881889763778 tout
235.2755905511811 87.8740157480315 25.511811023622048 24.944881889763778 à
240.3779527559055 87.8740157480315 30.614173228346456 24.944881889763778 fait

14.740157480314961 100.62992125984252 61.22834645669291 25.79527559055118 normale
59.24409448818898 100.62992125984252 38.83464566929134 25.79527559055118 par
81.63779527559055 100.62992125984252 61.22834645669291 25.79527559055118 rapport
126.14173228346456 100.62992125984252 38.83464566929134 25.79527559055118 aux
148.251968503937 100.62992125984252 83.33858267716535 25.79527559055118 proportions
209.48031496062993 100.62992125984252 61.22834645669291 25.79527559055118 humaines,

15.307086614173228 112.25196850393701 47.62204724409449 24.661417322834644 n’en
45.07086614173228 112.25196850393701 47.62204724409449 24.661417322834644 rend
74.83464566929133 112.25196850393701 41.669291338582674 24.661417322834644 que
98.64566929133858 112.25196850393701 47.62204724409449 24.661417322834644 plus
128.40944881889763 112.25196850393701 77.38582677165354 24.661417322834644 paradoxal
187.6535433070866 112.25196850393701 35.71653543307087 24.661417322834644 le
205.51181102362204 112.25196850393701 53.574803149606296 24.661417322834644 refus
235.2755905511811 112.25196850393701 35.71653543307087 24.661417322834644 d’un

15.874015748031496 124.44094488188976 59.811023622047244 24.37795275590551 espace,
59.24409448818898 124.44094488188976 37.98425196850393 24.37795275590551 que
81.07086614173228 124.44094488188976 49.039370078740156 24.37795275590551 leurs
113.66929133858268 124.44094488188976 54.425196850393704 24.37795275590551 lignes
151.93700787401573 124.44094488188976 76.25196850393701 24.37795275590551 pourraient
211.748031496063 124.44094488188976 59.811023622047244 24.37795275590551 définir
249.73228346456693 124.44094488188976 21.826771653543307 24.37795275590551 ou

16.440944881889763 137.76377952755905 74.26771653543307 23.52755905511811 impliquer.
74.83464566929133 137.76377952755905 37.13385826771653 23.52755905511811 Les
96.09448818897638 137.76377952755905 47.90551181102362 23.52755905511811 tubes
128.1259842519685 137.76377952755905 42.51968503937008 23.52755905511811 sont
154.77165354330708 137.76377952755905 47.90551181102362 23.52755905511811 pliés
186.51968503937007 137.76377952755905 42.51968503937008 23.52755905511811 pour
213.16535433070865 137.76377952755905 53.00787401574803 23.52755905511811 former
244.91338582677164 137.76377952755905 26.64566929133858 23.52755905511811 des

16.724409448818896 148.8188976377953 52.15748031496063 23.244094488188978 angles
53.00787401574803 148.8188976377953 73.13385826771653 23.244094488188978 juxtaposés
110.55118110236221 148.8188976377953 31.181102362204726 23.244094488188978 et
126.14173228346456 148.8188976377953 36.56692913385827 23.244094488188978 des
147.11811023622047 148.8188976377953 88.7244094488189 23.244094488188978 prolongements
219.96850393700788 148.8188976377953 31.181102362204726 23.244094488188978 de
230.45669291338584 148.8188976377953 41.669291338582674 23.244094488188978 gestes

17.007874015748033 159.8740157480315 35.1496062992126 22.677165354330707 qui
37.13385826771653 159.8740157480315 80.22047244094489 22.677165354330707 établissent,
102.33070866141732 159.8740157480315 30.04724409448819 22.677165354330707 en
117.35433070866142 159.8740157480315 50.173228346456696 22.677165354330707 termes
152.50393700787401 159.8740157480315 70.2992125984252 22.677165354330707 abstraits,
207.7795275590551 159.8740157480315 30.04724409448819 22.677165354330707 un
217.70078740157481 159.8740157480315 55.275590551181104 22.677165354330707 parallèle

17.007874015748033 171.7795275590551 45.63779527559055 24.661417322834644 avec
45.63779527559055 171.7795275590551 39.968503937007874 24.661417322834644 les
68.31496062992126 171.7795275590551 79.93700787401575 24.661417322834644 sensations
131.24409448818898 171.7795275590551 74.26771653543307 24.661417322834644 physiques
188.2204724409449 171.7795275590551 74.26771653543307 24.661417322834644 humaines.
239.5275590551181 171.7795275590551 34.2992125984252 24.661417322834644 Sans

17.5748031496063 184.53543307086613 54.70866141732284 20.976377952755904 cesse,
55.84251968503937 184.53543307086613 32.881889763779526 20.976377952755904 en
72.28346456692914 184.53543307086613 71.14960629921259 20.976377952755904 regardant
126.70866141732283 184.53543307086613 54.70866141732284 20.976377952755904 chaque
164.9763779527559 184.53543307086613 76.53543307086615 20.976377952755904 sculpture,
225.0708661417323 184.53543307086613 38.267716535433074 20.976377952755904 les
241.51181102362204 184.53543307086613 32.881889763779526 20.976377952755904 yeux

17.5748031496063 195.59055118110237 42.803149606299215 23.811023622047244 sont
44.22047244094488 195.59055118110237 58.67716535433071 23.811023622047244 attirés
87.02362204724409 195.59055118110237 42.803149606299215 23.811023622047244 vers
113.66929133858268 195.59055118110237 37.41732283464567 23.811023622047244 les
134.9291338582677 195.59055118110237 53.29133858267716 23.811023622047244 points
172.3464566929134 195.59055118110237 96.09448818897638 23.811023622047244 d’intersection
247.1811023622047 195.59055118110237 26.64566929133858 23.811023622047244 qui

18.4251968503937 209.1968503937008 41.95275590551181 21.25984251968504 sont
44.503937007874015 209.1968503937008 47.05511811023622 21.25984251968504 réels
75.68503937007874 209.1968503937008 31.46456692913386 21.25984251968504 ou
91.55905511811024 209.1968503937008 68.03149606299213 21.25984251968504 optiques.
143.71653543307087 209.1968503937008 57.54330708661417 21.25984251968504 L’effet
185.66929133858267 209.1968503937008 73.13385826771653 21.25984251968504 réciproque
237.82677165354332 209.1968503937008 36.56692913385827 21.25984251968504 entre

18.4251968503937 222.8031496062992 37.41732283464567 20.409448818897637 ces
39.968503937007874 222.8031496062992 42.803149606299215 20.409448818897637 deux
66.61417322834646 222.8031496062992 48.188976377952756 20.409448818897637 types
98.92913385826772 222.8031496062992 96.37795275590551 20.409448818897637 d’intersection
179.43307086614172 222.8031496062992 64.34645669291339 20.409448818897637 provient
227.6220472440945 222.8031496062992 32.031496062992126 20.409448818897637 du
238.39370078740157 222.8031496062992 37.41732283464567 20.409448818897637 chan-

18.708661417322833 233.85826771653544 53.574803149606296 20.69291338582677 gement
56.125984251968504 233.85826771653544 37.41732283464567 20.69291338582677 des
77.66929133858268 233.85826771653544 58.960629921259844 20.69291338582677 centres
120.4724409448819 233.85826771653544 32.031496062992126 20.69291338582677 de
136.62992125984252 233.85826771653544 96.37795275590551 20.69291338582677 concentration.
216.8503937007874 233.85826771653544 37.41732283464567 20.69291338582677 Ses
233.00787401574803 233.85826771653544 42.803149606299215 20.69291338582677 sculp-

19.559055118110237 246.33070866141733 46.20472440944882 18.708661417322833 tures
50.173228346456696 246.33070866141733 71.71653543307086 18.708661417322833 actuelles,
106.58267716535433 246.33070866141733 66.61417322834646 18.708661417322833 statiques
157.88976377952756 246.33070866141733 30.614173228346456 18.708661417322833 et
173.1968503937008 246.33070866141733 36.0 18.708661417322833 qui
193.88976377952756 246.33070866141733 30.614173228346456 18.708661417322833 ne
209.1968503937008 246.33070866141733 61.511811023622045 18.708661417322833 semblent
250.29921259842519 246.33070866141733 25.511811023622048 18.708661417322833 pas

19.275590551181104 257.6692913385827 54.70866141732284 17.858267716535433 faites
57.54330708661417 257.6692913385827 43.93700787401575 17.858267716535433 pour
85.03937007874016 257.6692913385827 43.93700787401575 17.858267716535433 être
112.25196850393701 257.6692913385827 71.14960629921259 17.858267716535433 touchées,
166.96062992125985 257.6692913385827 60.37795275590551 17.858267716535433 donnent
210.89763779527559 257.6692913385827 38.267716535433074 17.858267716535433 une
227.33858267716536 257.6692913385827 49.32283464566929 17.858267716535433 impres-

19.84251968503937 267.59055118110234 42.803149606299215 21.543307086614174 sion
46.77165354330709 267.59055118110234 32.031496062992126 21.543307086614174 de
62.645669291338585 267.59055118110234 75.11811023622047 21.543307086614174 mouvement,
121.60629921259843 267.59055118110234 32.031496062992126 21.543307086614174 de
137.76377952755905 267.59055118110234 58.960629921259844 21.543307086614174 vigueur
180.56692913385828 267.59055118110234 32.031496062992126 21.543307086614174 et
196.7244094488189 267.59055118110234 48.188976377952756 21.543307086614174 leurs
223.37007874015748 267.59055118110234 53.574803149606296 21.543307086614174 éléments

20.69291338582677 279.21259842519686 41.10236220472441 21.543307086614174 sont
46.20472440944882 279.21259842519686 61.511811023622045 21.543307086614174 déployés
92.40944881889764 279.21259842519686 30.614173228346456 21.543307086614174 de
107.71653543307086 279.21259842519686 46.20472440944882 21.543307086614174 telle
138.61417322834646 279.21259842519686 46.20472440944882 21.543307086614174 façon
169.22834645669292 279.21259842519686 51.30708661417323 21.543307086614174 qu’ils
205.22834645669292 279.21259842519686 61.511811023622045 21.543307086614174 invitent
251.43307086614172 279.21259842519686 25.511811023622048 21.543307086614174 à
256.53543307086613 279.21259842519686 20.409448818897637 21.543307086614174 la

16.724409448818896 297.6377952755906 74.83464566929133 16.440944881889763 manipulation.

35.71653543307087 305.8582677165354 33.732283464566926 18.992125984251967 Le
52.724409448818896 305.8582677165354 61.79527559055118 18.992125984251967 travail
97.51181102362204 305.8582677165354 33.732283464566926 18.992125984251967 de
114.51968503937007 305.8582677165354 45.07086614173228 18.992125984251967 Mark
142.58267716535434 305.8582677165354 73.13385826771653 18.992125984251967 Lancaster
198.70866141732284 305.8582677165354 78.80314960629921 18.992125984251967 s’articule
255.11811023622047 305.8582677165354 22.393700787401574 18.992125984251967 en

21.25984251968504 315.496062992126 91.55905511811024 21.826771653543307 arrangements
95.5275590551181 315.496062992126 62.92913385826772 21.826771653543307 formels
141.4488188976378 315.496062992126 45.63779527559055 21.826771653543307 bien
170.07874015748033 315.496062992126 68.5984251968504 21.826771653543307 définis.
221.38582677165354 315.496062992126 39.968503937007874 21.826771653543307 Son
238.6771653543307 315.496062992126 39.968503937007874 21.826771653543307 souci

22.677165354330707 327.11811023622045 30.89763779527559 20.409448818897637 de
37.98425196850393 327.11811023622045 30.89763779527559 20.409448818897637 la
53.574803149606296 327.11811023622045 61.79527559055118 20.409448818897637 symétrie
99.77952755905511 327.11811023622045 30.89763779527559 20.409448818897637 et
115.08661417322834 327.11811023622045 30.89763779527559 20.409448818897637 la
130.6771653543307 327.11811023622045 72.0 20.409448818897637 répétition
187.08661417322836 327.11811023622045 30.89763779527559 20.409448818897637 de
202.6771653543307 327.11811023622045 51.30708661417323 20.409448818897637 formes
233.5748031496063 327.11811023622045 46.20472440944882 20.409448818897637 élémen-

22.393700787401574 339.87401574803147 52.44094488188976 18.992125984251967 taires
59.24409448818898 339.87401574803147 62.92913385826772 18.992125984251967 espacées
106.58267716535433 339.87401574803147 31.46456692913386 18.992125984251967 de
122.1732283464567 339.87401574803147 47.338582677165356 18.992125984251967 façon
153.92125984251967 339.87401574803147 73.41732283464567 18.992125984251967 régulière,
211.46456692913387 339.87401574803147 47.338582677165356 18.992125984251967 ainsi
242.9291338582677 339.87401574803147 36.8503937007874 18.992125984251967 que
258.8031496062992 339.87401574803147 20.976377952755904 18.992125984251967 le

23.52755905511811 352.62992125984255 53.574803149606296 17.5748031496063 charme
60.94488188976378 352.62992125984255 32.031496062992126 17.5748031496063 et
77.10236220472441 352.62992125984255 32.031496062992126 17.5748031496063 la
93.25984251968504 352.62992125984255 75.11811023622047 17.5748031496063 luxuriance
152.2204724409449 352.62992125984255 32.031496062992126 17.5748031496063 de
168.09448818897638 352.62992125984255 37.41732283464567 17.5748031496063 ses
189.63779527559055 352.62992125984255 69.73228346456693 17.5748031496063 couleurs,
237.82677165354332 352.62992125984255 42.803149606299215 17.5748031496063 démon-

22.96062992125984 363.68503937007875 69.73228346456693 19.559055118110237 treraient
76.81889763779527 363.68503937007875 69.73228346456693 19.559055118110237 presqu’un
130.39370078740157 363.68503937007875 59.24409448818898 19.559055118110237 intérêt
173.48031496062993 363.68503937007875 43.08661417322835 19.559055118110237 pour
200.40944881889763 363.68503937007875 32.31496062992126 19.559055118110237 la
216.56692913385828 363.68503937007875 64.34645669291339 19.559055118110237 banalité
259.37007874015745 363.68503937007875 21.543307086614174 19.559055118110237 et

24.094488188976378 377.29133858267716 76.53543307086615 17.007874015748033 l’élégance
84.18897637795276 377.29133858267716 32.881889763779526 17.007874015748033 de
100.62992125984252 377.29133858267716 32.881889763779526 17.007874015748033 la
117.07086614173228 377.29133858267716 76.53543307086615 17.007874015748033 «promotion
177.16535433070865 377.29133858267716 32.881889763779526 17.007874015748033 du
193.60629921259843 377.29133858267716 60.09448818897638 17.007874015748033 produit
237.54330708661416 377.29133858267716 27.496062992125985 17.007874015748033 »
242.9291338582677 377.29133858267716 38.267716535433074 17.007874015748033 Pour-

24.37795275590551 387.7795275590551 47.05511811023622 18.708661417322833 tant,
55.55905511811024 387.7795275590551 36.56692913385827 18.708661417322833 son
76.53543307086615 387.7795275590551 73.41732283464567 18.708661417322833 exactitude
134.36220472440945 387.7795275590551 31.46456692913386 18.708661417322833 et
149.95275590551182 387.7795275590551 31.46456692913386 18.708661417322833 la
165.54330708661416 387.7795275590551 68.03149606299213 18.708661417322833 précision
217.98425196850394 387.7795275590551 62.92913385826772 18.708661417322833 délicate
259.93700787401576 387.7795275590551 20.976377952755904 18.708661417322833 de

24.944881889763778 400.251968503937 35.1496062992126 17.5748031496063 ses
45.07086614173228 400.251968503937 55.275590551181104 17.5748031496063 lignes,
85.32283464566929 400.251968503937 60.37795275590551 17.5748031496063 révèlent
130.6771653543307 400.251968503937 35.1496062992126 17.5748031496063 une
150.8031496062992 400.251968503937 55.275590551181104 17.5748031496063 volonté
191.0551181102362 400.251968503937 75.4015748031496 17.5748031496063 d’accroître
246.33070866141733 400.251968503937 35.1496062992126 17.5748031496063 notre

24.944881889763778 411.3070866141732 71.14960629921259 19.559055118110237 sensation
79.65354330708661 411.3070866141732 32.881889763779526 19.559055118110237 de
96.09448818897638 411.3070866141732 32.881889763779526 19.559055118110237 la
112.53543307086615 411.3070866141732 60.37795275590551 19.559055118110237 gravure
156.4724409448819 411.3070866141732 32.881889763779526 19.559055118110237 en
172.62992125984252 411.3070866141732 43.93700787401575 19.559055118110237 tant
200.1259842519685 411.3070866141732 71.14960629921259 19.559055118110237 qu’objet.
249.4488188976378 411.3070866141732 32.881889763779526 19.559055118110237 Pour

24.944881889763778 423.496062992126 57.826771653543304 19.559055118110237 obtenir
67.18110236220473 423.496062992126 31.46456692913386 19.559055118110237 ce
82.77165354330708 423.496062992126 68.31496062992126 19.559055118110237 résultat,
135.49606299212599 423.496062992126 31.46456692913386 19.559055118110237 il
151.08661417322836 423.496062992126 47.338582677165356 19.559055118110237 coupe
182.83464566929135 423.496062992126 31.46456692913386 19.559055118110237 au
198.4251968503937 423.496062992126 52.44094488188976 19.559055118110237 hasard
235.2755905511811 423.496062992126 36.8503937007874 19.559055118110237 une
251.1496062992126 423.496062992126 31.46456692913386 19.559055118110237 suc-

25.228346456692915 433.4173228346457 62.92913385826772 20.409448818897637 cession
70.86614173228347 433.4173228346457 34.2992125984252 20.409448818897637 de
88.15748031496064 433.4173228346457 57.25984251968504 20.409448818897637 formes
128.1259842519685 433.4173228346457 39.968503937007874 20.409448818897637 sur
150.8031496062992 433.4173228346457 45.63779527559055 20.409448818897637 deux
179.43307086614172 433.4173228346457 57.25984251968504 20.409448818897637 bords,
219.4015748031496 433.4173228346457 34.2992125984252 20.409448818897637 ou
236.69291338582678 433.4173228346457 45.63779527559055 20.409448818897637 bien
259.37007874015745 433.4173228346457 22.96062992125984 20.409448818897637 il

25.79527559055118 449.29133858267716 46.20472440944882 17.5748031496063 garde
56.69291338582677 449.29133858267716 30.89763779527559 17.5748031496063 la
72.0 449.29133858267716 66.89763779527559 17.5748031496063 structure
123.59055118110236 449.29133858267716 30.89763779527559 17.5748031496063 du
138.89763779527559 449.29133858267716 51.59055118110236 17.5748031496063 papier
175.1811023622047 449.29133858267716 66.89763779527559 17.5748031496063 quadrillé
226.48818897637796 449.29133858267716 41.10236220472441 17.5748031496063 pour
247.1811023622047 449.29133858267716 36.0 17.5748031496063 créer

25.511811023622048 459.496062992126 41.95275590551181 18.141732283464567 des
49.60629921259842 459.496062992126 60.09448818897638 18.141732283464567 effets
91.55905511811024 459.496062992126 120.18897637795276 18.141732283464567 contradictoires.
193.60629921259843 459.496062992126 54.14173228346457 18.141732283464567 Comme
229.60629921259843 459.496062992126 48.188976377952756 18.141732283464567 dans
253.70078740157481 459.496062992126 30.04724409448819 18.141732283464567 les

26.362204724409448 471.11811023622045 54.70866141732284 16.440944881889763 œuvres
64.62992125984252 471.11811023622045 32.881889763779526 16.440944881889763 de
81.07086614173228 471.11811023622045 54.70866141732284 16.440944881889763 Walker
119.33858267716535 471.11811023622045 32.881889763779526 16.440944881889763 et
135.7795275590551 471.11811023622045 32.881889763779526 16.440944881889763 de
152.2204724409449 471.11811023622045 60.37795275590551 16.440944881889763 Brener,
196.15748031496062 471.11811023622045 82.20472440944881 16.440944881889763 l’attention
256.251968503937 471.11811023622045 27.496062992125985 16.440944881889763 est

26.64566929133858 483.0236220472441 105.44881889763779 17.291338582677167 inévitablement
114.51968503937007 483.0236220472441 64.34645669291339 17.291338582677167 attirée
161.5748031496063 483.0236220472441 46.77165354330709 17.291338582677167 vers
190.77165354330708 483.0236220472441 41.10236220472441 17.291338582677167 les
208.3464566929134 483.0236220472441 76.25196850393701 17.291338582677167 composantes

27.496062992125985 495.7795275590551 53.574803149606296 15.874015748031496 saisies
66.61417322834646 495.7795275590551 39.118110236220474 15.874015748031496 dans
90.99212598425197 495.7795275590551 39.118110236220474 15.874015748031496 leur
115.37007874015748 495.7795275590551 48.75590551181102 15.874015748031496 détail
149.38582677165354 495.7795275590551 29.19685039370079 15.874015748031496 et
164.1259842519685 495.7795275590551 39.118110236220474 15.874015748031496 leur
183.68503937007873 495.7795275590551 68.31496062992126 15.874015748031496 matérialité.

188.78740157480314 615.6850393700787 64.62992125984252 18.4251968503937 Richard
229.88976377952756 615.6850393700787 58.67716535433071 18.4251968503937 Morphet.

266.74015748031496 642.0472440944882 23.244094488188978 13.88976377952756 63
