312.09448818897636 669.2598425196851
226.48818897637796 14.740157480314961 78.23622047244095 21.543307086614174 FRANCE

41.95275590551181 52.44094488188976 55.55905511811024 20.409448818897637 Stocker
82.48818897637796 52.44094488188976 30.330708661417322 20.409448818897637 le
97.51181102362204 52.44094488188976 55.55905511811024 20.409448818897637 maximum
138.04724409448818 52.44094488188976 30.330708661417322 20.409448818897637 de
153.0708661417323 52.44094488188976 65.76377952755905 20.409448818897637 véhicules
203.5275590551181 52.44094488188976 40.25196850393701 20.409448818897637 dans
228.75590551181102 52.44094488188976 30.330708661417322 20.409448818897637 le
238.96062992125985 52.44094488188976 45.354330708661415 20.409448818897637 minimum

42.51968503937008 70.01574803149606 26.929133858267715 13.88976377952756 de
56.125984251968504 70.01574803149606 40.25196850393701 13.88976377952756 place
83.05511811023622 70.01574803149606 26.929133858267715 13.88976377952756 au
91.84251968503936 70.01574803149606 26.929133858267715 13.88976377952756 sol.

44.78740157480315 74.83464566929133 53.85826771653543 16.15748031496063 Véhicules
86.1732283464567 74.83464566929133 20.69291338582677 16.15748031496063 à
90.4251968503937 74.83464566929133 37.13385826771653 16.15748031496063 l'abri.

42.23622047244095 77.95275590551181 77.66929133858268 22.393700787401574 Construction
105.16535433070867 77.95275590551181 48.47244094488189 22.393700787401574 mobile
139.1811023622047 77.95275590551181 62.92913385826772 22.393700787401574 (occupant
187.6535433070866 77.95275590551181 34.01574803149607 22.393700787401574 des
206.9291338582677 77.95275590551181 58.110236220472444 22.393700787401574 terrains
245.76377952755905 77.95275590551181 38.83464566929134 22.393700787401574 libres

42.803149606299215 91.84251968503936 39.68503937007874 20.125984251968504 pour
67.46456692913385 91.84251968503936 29.763779527559056 20.125984251968504 le
82.20472440944881 91.84251968503936 54.425196850393704 20.125984251968504 moment,
121.88976377952756 91.84251968503936 39.68503937007874 20.125984251968504 mais
146.83464566929135 91.84251968503936 54.425196850393704 20.125984251968504 appelés
186.23622047244095 91.84251968503936 24.661417322834644 20.125984251968504 à
196.15748031496062 91.84251968503936 39.68503937007874 20.125984251968504 être
221.10236220472441 91.84251968503936 44.503937007874015 20.125984251968504 bâtis
250.86614173228347 91.84251968503936 34.58267716535433 20.125984251968504 par
265.6062992125984 91.84251968503936 19.84251968503937 20.125984251968504 la

43.08661417322835 112.81889763779527 62.645669291338585 15.590551181102363 Conserver
91.2755905511811 112.81889763779527 28.913385826771652 15.590551181102363 un
105.73228346456693 112.81889763779527 53.00787401574803 15.590551181102363 intérêt
144.28346456692913 112.81889763779527 62.645669291338585 15.590551181102363 plastique
192.4724409448819 112.81889763779527 24.094488188976378 15.590551181102363 à
197.29133858267716 112.81889763779527 62.645669291338585 15.590551181102363 l’ensemble.

43.37007874015748 118.48818897637796 34.86614173228347 21.826771653543307 Nos
63.496062992125985 118.48818897637796 69.44881889763779 21.826771653543307 recherches
117.92125984251969 118.48818897637796 39.68503937007874 21.826771653543307 nous
142.86614173228347 118.48818897637796 34.86614173228347 21.826771653543307 ont
162.70866141732284 118.48818897637796 44.78740157480315 21.826771653543307 amené
192.4724409448819 118.48818897637796 34.86614173228347 21.826771653543307 aux
212.31496062992127 118.48818897637796 64.62992125984252 21.826771653543307 solutions
257.1023622047244 118.48818897637796 29.763779527559056 21.826771653543307 sui

43.37007874015748 136.91338582677164 41.38582677165354 12.188976377952756 vantes
68.31496062992126 136.91338582677164 12.472440944881889 12.188976377952756 :

44.503937007874015 142.58267716535434 31.46456692913386 15.307086614173228 Une
62.36220472440945 142.58267716535434 49.32283464566929 15.307086614173228 cellule
98.36220472440945 142.58267716535434 31.46456692913386 15.307086614173228 par
111.96850393700787 142.58267716535434 44.78740157480315 15.307086614173228 voiture.

40.53543307086614 155.0551181102362 69.73228346456693 11.338582677165354 Préfabrication.

44.22047244094488 164.1259842519685 45.92125984251968 12.472440944881889 Eviter
76.25196850393701 164.1259842519685 32.31496062992126 12.472440944881889 les
90.14173228346456 164.1259842519685 55.275590551181104 12.472440944881889 manœuvres.

45.07086614173228 173.48031496062993 55.84251968503937 12.188976377952756 Plusieurs
83.62204724409449 173.48031496062993 43.08661417322835 12.188976377952756 niveaux.

44.503937007874015 176.31496062992127 56.125984251968504 18.141732283464567 Cellules
86.45669291338582 176.31496062992127 74.83464566929133 18.141732283464567 cylindriques
147.11811023622047 176.31496062992127 65.48031496062993 18.141732283464567 empilables
198.70866141732284 176.31496062992127 37.41732283464567 18.141732283464567 avec
221.95275590551182 176.31496062992127 65.48031496062993 18.141732283464567 occupation
268.7244094488189 176.31496062992127 18.708661417322833 18.141732283464567 de

45.354330708661415 187.93700787401573 54.99212598425197 17.007874015748033 l’espace
86.45669291338582 187.93700787401573 41.10236220472441 17.007874015748033 libre
113.95275590551181 187.93700787401573 41.10236220472441 17.007874015748033 entre
141.4488188976378 187.93700787401573 45.92125984251968 17.007874015748033 chaque
173.48031496062993 187.93700787401573 54.99212598425197 17.007874015748033 cylindre
214.86614173228347 187.93700787401573 32.031496062992126 17.007874015748033 par
233.00787401574803 187.93700787401573 32.031496062992126 17.007874015748033 les
246.89763779527559 187.93700787401573 41.10236220472441 17.007874015748033 poutres

45.92125984251968 198.99212598425197 60.661417322834644 14.740157480314961 supportant
93.54330708661418 198.99212598425197 30.330708661417322 14.740157480314961 les
110.83464566929133 198.99212598425197 38.83464566929134 14.740157480314961 voies
136.62992125984252 198.99212598425197 26.078740157480315 14.740157480314961 de
145.41732283464566 198.99212598425197 60.661417322834644 14.740157480314961 circulation.

41.10236220472441 216.28346456692913 66.89763779527559 16.15748031496063 Responsable:

46.488188976377955 223.6535433070866 57.25984251968504 19.559055118110237 Robert
90.70866141732283 223.6535433070866 70.58267716535433 19.559055118110237 PISSARD
148.251968503937 223.6535433070866 26.362204724409448 19.559055118110237 né
161.29133858267716 223.6535433070866 26.362204724409448 19.559055118110237 en
174.61417322834646 223.6535433070866 35.43307086614173 19.559055118110237 1950
196.7244094488189 223.6535433070866 22.11023622047244 19.559055118110237 à
205.51181102362204 223.6535433070866 53.00787401574803 19.559055118110237 Grenoble
240.9448818897638 223.6535433070866 48.47244094488189 19.559055118110237 (France).

41.95275590551181 241.79527559055117 47.90551181102362 13.32283464566929 Designer.

47.62204724409449 252.56692913385828 54.70866141732284 16.724409448818896 Patrick
90.70866141732283 252.56692913385828 54.70866141732284 16.724409448818896 COLIN
133.51181102362204 252.56692913385828 23.52755905511811 16.724409448818896 né
145.13385826771653 252.56692913385828 23.52755905511811 16.724409448818896 en
157.03937007874015 252.56692913385828 31.181102362204726 16.724409448818896 1946
176.5984251968504 252.56692913385828 19.559055118110237 16.724409448818896 à
184.251968503937 252.56692913385828 77.95275590551181 16.724409448818896 Salins-les-Bains
246.89763779527559 252.56692913385828 42.803149606299215 16.724409448818896 (France).

42.51968503937008 268.4409448818898 47.90551181102362 13.32283464566929 Designer.

35.71653543307087 294.5196850393701 37.98425196850393 15.590551181102363 48
60.94488188976378 294.5196850393701 46.488188976377955 15.590551181102363 HABITAT
94.67716535433071 294.5196850393701 88.7244094488189 15.590551181102363 UNIVERSITAIRE
166.6771653543307 294.5196850393701 54.70866141732284 15.590551181102363 (maquette).

47.62204724409449 308.9763779527559 41.38582677165354 16.15748031496063 Dans
73.41732283464567 308.9763779527559 31.181102362204726 16.15748031496063 le
89.00787401574803 308.9763779527559 46.77165354330709 16.15748031496063 cadre
120.18897637795276 308.9763779527559 31.181102362204726 16.15748031496063 du
135.7795275590551 308.9763779527559 51.874015748031496 16.15748031496063 schéma
172.06299212598427 308.9763779527559 67.46456692913385 16.15748031496063 directeur
223.6535433070866 308.9763779527559 31.181102362204726 16.15748031496063 de
239.24409448818898 308.9763779527559 31.181102362204726 16.15748031496063 la
249.73228346456693 308.9763779527559 41.38582677165354 16.15748031496063 Région

47.90551181102362 320.59842519685037 67.74803149606299 15.023622047244094 Parisienne,
102.04724409448819 320.59842519685037 58.67716535433071 15.023622047244094 recherche
147.4015748031496 320.59842519685037 36.28346456692913 15.023622047244094 d’un
170.07874015748033 320.59842519685037 49.60629921259842 15.023622047244094 habitat
206.07874015748033 320.59842519685037 76.81889763779527 15.023622047244094 universitaire
264.755905511811 320.59842519685037 27.212598425196852 15.023622047244094 des-

47.338582677165356 329.38582677165357 38.267716535433074 16.440944881889763 tiné
71.43307086614173 329.38582677165357 33.44881889763779 16.440944881889763 aux
90.4251968503937 329.38582677165357 52.724409448818896 16.440944881889763 Grandes
128.69291338582678 329.38582677165357 52.724409448818896 16.440944881889763 Ecoles.
166.96062992125985 329.38582677165357 33.44881889763779 16.440944881889763 Les
186.23622047244095 329.38582677165357 71.71653543307086 16.440944881889763 architectes
243.49606299212599 329.38582677165357 33.44881889763779 16.440944881889763 ont
257.9527559055118 329.38582677165357 33.44881889763779 16.440944881889763 voulu

47.90551181102362 339.3070866141732 40.818897637795274 14.456692913385826 dans
73.41732283464567 339.3070866141732 45.92125984251968 14.456692913385826 cette
104.03149606299213 339.3070866141732 45.92125984251968 14.456692913385826 étude
134.36220472440945 339.3070866141732 51.023622047244096 14.456692913385826 éviter
170.07874015748033 339.3070866141732 30.614173228346456 14.456692913385826 la
185.38582677165354 339.3070866141732 60.94488188976378 14.456692913385826 création
231.30708661417322 339.3070866141732 40.818897637795274 14.456692913385826 d’un
251.43307086614172 339.3070866141732 40.818897637795274 14.456692913385826 campus

48.47244094488189 349.2283464566929 47.05511811023622 13.88976377952756 fermé,
81.35433070866142 349.2283464566929 65.76377952755905 13.88976377952756 développer
133.22834645669292 349.2283464566929 28.062992125984252 13.88976377952756 le
147.11811023622047 349.2283464566929 42.23622047244095 13.88976377952756 thème
175.46456692913387 349.2283464566929 37.7007874015748 13.88976377952756 très
198.99212598425197 349.2283464566929 47.05511811023622 13.88976377952756 actuel
231.8740157480315 349.2283464566929 28.062992125984252 13.88976377952756 de
241.22834645669292 349.2283464566929 51.59055118110236 13.88976377952756 l’habitat

48.75590551181102 358.01574803149606 31.181102362204726 15.590551181102363 en
64.34645669291339 358.01574803149606 62.36220472440945 15.590551181102363 terrasse
111.11811023622047 358.01574803149606 41.669291338582674 15.590551181102363 sous
136.91338582677164 358.01574803149606 36.28346456692913 15.590551181102363 ses
157.88976377952756 358.01574803149606 41.669291338582674 15.590551181102363 deux
183.68503937007873 358.01574803149606 57.25984251968504 15.590551181102363 formes:
225.35433070866142 358.01574803149606 51.874015748031496 15.590551181102363 emploi
256.53543307086613 358.01574803149606 36.28346456692913 15.590551181102363 d’une

49.32283464566929 367.65354330708664 42.23622047244095 15.590551181102363 pente
77.66929133858268 367.65354330708664 60.94488188976378 15.590551181102363 naturelle
124.44094488188976 367.65354330708664 28.062992125984252 15.590551181102363 et
138.61417322834646 367.65354330708664 46.77165354330709 15.590551181102363 emploi
171.21259842519686 367.65354330708664 42.23622047244095 15.590551181102363 d’une
199.2755905511811 367.65354330708664 42.23622047244095 15.590551181102363 pente
222.8031496062992 367.65354330708664 70.2992125984252 15.590551181102363 artificielle.

50.45669291338583 378.1417322834646 34.01574803149607 12.755905511811024 Une
69.73228346456693 378.1417322834646 63.21259842519685 12.755905511811024 recherche
118.48818897637796 378.1417322834646 29.19685039370079 12.755905511811024 de
132.9448818897638 378.1417322834646 72.85039370078741 12.755905511811024 polychromie
191.33858267716536 378.1417322834646 87.59055118110236 12.755905511811024 architecturale
264.18897637795277 378.1417322834646 24.37795275590551 12.755905511811024 a
269.00787401574803 378.1417322834646 24.37795275590551 12.755905511811024 été

49.60629921259842 388.06299212598424 68.88188976377953 15.307086614173228 également
102.61417322834646 388.06299212598424 47.62204724409449 15.307086614173228 menée
134.36220472440945 388.06299212598424 42.51968503937008 15.307086614173228 sous
161.00787401574803 388.06299212598424 37.13385826771653 15.307086614173228 les
182.26771653543307 388.06299212598424 74.26771653543307 15.307086614173228 directives
240.3779527559055 388.06299212598424 31.748031496062993 15.307086614173228 de
250.86614173228347 388.06299212598424 42.51968503937008 15.307086614173228 Victor

46.488188976377955 400.53543307086613 46.77165354330709 11.05511811023622 Vasarely.

45.63779527559055 414.70866141732284 67.18110236220473 12.755905511811024 Responsable:

51.30708661417323 425.1968503937008 67.46456692913385 15.023622047244094 Bertrand
105.16535433070867 425.1968503937008 72.0 15.023622047244094 COLDEFV
163.55905511811022 425.1968503937008 26.929133858267715 15.023622047244094 né
177.16535433070865 425.1968503937008 26.929133858267715 15.023622047244094 en
190.48818897637796 425.1968503937008 36.0 15.023622047244094 1943
213.16535433070865 425.1968503937008 22.393700787401574 15.023622047244094 à
221.95275590551182 425.1968503937008 40.53543307086614 15.023622047244094 Paris
244.62992125984252 425.1968503937008 49.32283464566929 15.023622047244094 (France).

46.77165354330709 439.0866141732283 54.99212598425197 13.32283464566929 Architecte.

50.45669291338583 452.12598425196853 60.94488188976378 14.740157480314961 Xavier
97.51181102362204 452.12598425196853 75.11811023622047 14.740157480314961 CHAPUIS
158.45669291338584 452.12598425196853 28.062992125984252 14.740157480314961 né
172.62992125984252 452.12598425196853 28.062992125984252 14.740157480314961 en
186.51968503937007 452.12598425196853 37.41732283464567 14.740157480314961 1942
210.04724409448818 452.12598425196853 23.52755905511811 14.740157480314961 à
219.4015748031496 452.12598425196853 42.23622047244095 14.740157480314961 Melle
242.9291338582677 452.12598425196853 51.59055118110236 14.740157480314961 (France).

47.338582677165356 464.88188976377955 54.99212598425197 13.88976377952756 Architecte.

39.118110236220474 495.21259842519686 40.818897637795274 14.173228346456693 49
66.33070866141732 495.21259842519686 27.212598425196852 14.173228346456693 LE
79.93700787401575 495.21259842519686 76.81889763779527 14.173228346456693 ARTIFICIELLE,
143.1496062992126 495.21259842519686 45.354330708661415 14.173228346456693 CENTRE
174.89763779527559 495.21259842519686 27.212598425196852 14.173228346456693 DE
188.50393700787401 495.21259842519686 67.74803149606299 14.173228346456693 LOISIRS
238.11023622047244 495.21259842519686 58.960629921259844 14.173228346456693 (maquette).

53.00787401574803 509.9527559055118 29.763779527559056 13.039370078740157 La
67.74803149606299 509.9527559055118 39.68503937007874 13.039370078740157 mer:
92.69291338582677 509.9527559055118 39.68503937007874 13.039370078740157 lieu
117.35433070866142 509.9527559055118 29.763779527559056 13.039370078740157 où
132.3779527559055 509.9527559055118 49.60629921259842 13.039370078740157 réside
166.96062992125985 509.9527559055118 29.763779527559056 13.039370078740157 le
181.98425196850394 509.9527559055118 44.78740157480315 13.039370078740157 calme
211.748031496063 509.9527559055118 34.86614173228347 13.039370078740157 par
231.59055118110237 509.9527559055118 29.763779527559056 13.039370078740157 sa
241.51181102362204 509.9527559055118 54.70866141732284 13.039370078740157 grandeur.

53.00787401574803 521.8582677165355 32.881889763779526 10.204724409448819 Une
72.0 521.8582677165355 37.7007874015748 10.204724409448819 île:
95.5275590551181 521.8582677165355 51.59055118110236 10.204724409448819 l’homme
132.9448818897638 521.8582677165355 23.52755905511811 10.204724409448819 y
137.76377952755905 521.8582677165355 28.062992125984252 10.204724409448819 vit.

53.00787401574803 530.6456692913385 31.181102362204726 11.05511811023622 Un
68.5984251968504 530.6456692913385 46.77165354330709 11.05511811023622 noyau
99.49606299212599 530.6456692913385 46.77165354330709 11.05511811023622 ancré
130.6771653543307 530.6456692913385 41.38582677165354 11.05511811023622 dans
156.75590551181102 530.6456692913385 31.181102362204726 11.05511811023622 le
172.3464566929134 530.6456692913385 36.28346456692913 11.05511811023622 sol
193.03937007874015 530.6456692913385 51.874015748031496 11.05511811023622 marin,
229.3228346456693 530.6456692913385 62.36220472440945 11.05511811023622 retenant
270.70866141732284 530.6456692913385 26.078740157480315 11.05511811023622 les

54.425196850393704 540.8503937007874 50.173228346456696 11.338582677165354 loisirs:
92.1259842519685 540.8503937007874 50.173228346456696 11.338582677165354 piscine,
129.82677165354332 540.8503937007874 41.95275590551181 11.338582677165354 centre
159.0236220472441 540.8503937007874 54.425196850393704 11.338582677165354 culturel,
200.9763779527559 540.8503937007874 50.173228346456696 11.338582677165354 théâtre,
238.39370078740157 540.8503937007874 41.95275590551181 11.338582677165354 plage,
263.62204724409446 540.8503937007874 33.44881889763779 11.338582677165354 sports

54.14173228346457 550.2047244094488 61.511811023622045 12.472440944881889 nautiques,
97.79527559055119 550.2047244094488 26.362204724409448 12.472440944881889 etc.

54.14173228346457 558.4251968503937 30.89763779527559 11.622047244094489 Des
72.0 558.4251968503937 53.00787401574803 11.622047244094489 cellules
111.68503937007874 558.4251968503937 22.11023622047244 11.622047244094489 :
120.4724409448819 558.4251968503937 26.64566929133858 11.622047244094489 se
133.79527559055117 558.4251968503937 48.75590551181102 11.622047244094489 mouvant
169.22834645669292 558.4251968503937 30.89763779527559 11.622047244094489 sur
186.8031496062992 558.4251968503937 48.75590551181102 11.622047244094489 coussin
222.23622047244095 558.4251968503937 44.22047244094488 11.622047244094489 d’air,
253.13385826771653 558.4251968503937 26.64566929133858 11.622047244094489 se
261.9212598425197 558.4251968503937 35.43307086614173 11.622047244094489 refer-

53.29133858267716 570.6141732283464 38.267716535433074 10.488188976377952 mant
77.38582677165354 570.6141732283464 28.62992125984252 10.488188976377952 le
91.55905511811024 570.6141732283464 38.267716535433074 10.488188976377952 soir
115.65354330708661 570.6141732283464 47.90551181102362 10.488188976377952 autour
149.10236220472441 570.6141732283464 28.62992125984252 10.488188976377952 de
163.2755905511811 570.6141732283464 47.90551181102362 10.488188976377952 l’axe,
197.00787401574803 570.6141732283464 28.62992125984252 10.488188976377952 se
211.1811023622047 570.6141732283464 62.07874015748032 10.488188976377952 déplaçant
259.0866141732283 570.6141732283464 28.62992125984252 10.488188976377952 le
268.7244094488189 570.6141732283464 28.62992125984252 10.488188976377952 jour

54.14173228346457 579.4015748031496 35.1496062992126 10.204724409448819 pour
76.25196850393701 579.4015748031496 48.47244094488189 10.204724409448819 assurer
111.68503937007874 579.4015748031496 66.04724409448819 10.204724409448819 l’isolement
164.40944881889763 579.4015748031496 26.362204724409448 10.204724409448819 et
177.73228346456693 579.4015748031496 26.362204724409448 10.204724409448819 la
191.0551181102362 579.4015748031496 48.47244094488189 10.204724409448819 liaison
226.20472440944883 579.4015748031496 35.1496062992126 10.204724409448819 dans
248.31496062992127 579.4015748031496 30.89763779527559 10.204724409448819 les
261.6377952755906 579.4015748031496 35.1496062992126 10.204724409448819 autres

54.70866141732284 587.9055118110236 32.881889763779526 12.755905511811024 îles
75.11811023622047 587.9055118110236 24.661417322834644 12.755905511811024 et
87.59055118110236 587.9055118110236 28.913385826771652 12.755905511811024 sur
104.03149606299213 587.9055118110236 24.661417322834644 12.755905511811024 la
112.25196850393701 587.9055118110236 28.913385826771652 12.755905511811024 côte.

54.14173228346457 596.6929133858267 26.929133858267715 12.188976377952756 En
67.74803149606299 596.6929133858267 45.07086614173228 12.188976377952756 effet,
99.21259842519684 596.6929133858267 26.929133858267715 12.188976377952756 sa
112.53543307086615 596.6929133858267 40.53543307086614 12.188976377952756 forme
139.748031496063 596.6929133858267 62.92913385826772 12.188976377952756 circulaire
189.0708661417323 596.6929133858267 31.46456692913386 12.188976377952756 lui
207.21259842519686 596.6929133858267 40.53543307086614 12.188976377952756 donne
234.14173228346456 596.6929133858267 31.46456692913386 12.188976377952756 une
247.46456692913387 596.6929133858267 49.60629921259842 12.188976377952756 stabilité

53.29133858267716 606.8976377952756 28.62992125984252 9.921259842519685 de
67.74803149606299 606.8976377952756 67.18110236220473 9.921259842519685 flottaison
120.4724409448819 606.8976377952756 28.62992125984252 9.921259842519685 et
134.64566929133858 606.8976377952756 81.35433070866142 9.921259842519685 l’utilisation
201.82677165354332 606.8976377952756 52.724409448818896 9.921259842519685 maximum
240.09448818897638 606.8976377952756 28.62992125984252 9.921259842519685 du
249.73228346456693 606.8976377952756 47.90551181102362 9.921259842519685 paysage.

53.85826771653543 615.4015748031496 27.496062992125985 11.905511811023622 Vu
67.46456692913385 615.4015748031496 27.496062992125985 11.905511811023622 de
81.35433070866142 615.4015748031496 27.496062992125985 11.905511811023622 la
94.96062992125984 615.4015748031496 41.38582677165354 11.905511811023622 côte,
122.45669291338582 615.4015748031496 27.496062992125985 11.905511811023622 sa
136.3464566929134 615.4015748031496 64.06299212598425 11.905511811023622 silhouette
186.8031496062992 615.4015748031496 41.38582677165354 11.905511811023622 donne
214.29921259842519 615.4015748031496 73.41732283464567 11.905511811023622 l’impression
269.29133858267716 615.4015748031496 27.496062992125985 11.905511811023622 d’un

271.2755905511811 638.6456692913385 27.496062992125985 14.456692913385826 157
