301.03937007874015 669.2598425196851
-1.1338582677165354 22.393700787401574 78.80314960629921 19.84251968503937 FRANCE

32.59842519685039 58.960629921259844 71.43307086614173 15.590551181102363 Responsable:

38.267716535433074 71.71653543307086 53.85826771653543 20.125984251968504 Robert
79.93700787401575 71.71653543307086 62.07874015748032 20.125984251968504 MASSOL
129.54330708661416 71.71653543307086 24.944881889763778 20.125984251968504 né
142.01574803149606 71.71653543307086 24.944881889763778 20.125984251968504 en
154.48818897637796 71.71653543307086 33.16535433070866 20.125984251968504 1941
175.1811023622047 71.71653543307086 20.69291338582677 20.125984251968504 à
183.4015748031496 71.71653543307086 33.16535433070866 20.125984251968504 Sète
204.09448818897638 71.71653543307086 53.85826771653543 20.125984251968504 (France).
241.51181102362204 71.71653543307086 33.16535433070866 20.125984251968504 Archi.

32.881889763779526 83.62204724409449 35.1496062992126 11.338582677165354 tecte.

37.7007874015748 97.51181102362204 60.94488188976378 19.275590551181104 Claudine
86.45669291338582 97.51181102362204 64.91338582677166 19.275590551181104 BRUNAUD
139.1811023622047 97.51181102362204 28.346456692913385 19.275590551181104 née
155.33858267716536 97.51181102362204 24.37795275590551 19.275590551181104 en
167.5275590551181 97.51181102362204 32.59842519685039 19.275590551181104 1943
187.93700787401573 97.51181102362204 20.409448818897637 19.275590551181104 à
196.15748031496062 97.51181102362204 52.724409448818896 19.275590551181104 Vincennes
232.7244094488189 97.51181102362204 40.53543307086614 19.275590551181104 (France)

33.16535433070866 109.7007874015748 44.22047244094488 14.456692913385826 Peintre.

36.8503937007874 126.14173228346456 56.976377952755904 17.007874015748033 Jeanne
80.50393700787401 126.14173228346456 78.80314960629921 17.007874015748033 LEVASSEUR
146.26771653543307 126.14173228346456 30.614173228346456 17.007874015748033 née
163.84251968503938 126.14173228346456 26.362204724409448 17.007874015748033 en
176.88188976377953 126.14173228346456 35.1496062992126 17.007874015748033 1941
198.70866141732284 126.14173228346456 21.826771653543307 17.007874015748033 à
207.49606299212599 126.14173228346456 39.40157480314961 17.007874015748033 Nîmes
229.3228346456693 126.14173228346456 43.93700787401575 17.007874015748033 (France)

32.031496062992126 136.06299212598427 57.826771653543304 12.188976377952756 Architecte.

36.56692913385827 151.93700787401573 60.661417322834644 17.5748031496063 Claire
83.05511811023622 151.93700787401573 70.01574803149606 17.5748031496063 NADAUD
139.1811023622047 151.93700787401573 32.59842519685039 17.5748031496063 née
157.88976377952756 151.93700787401573 28.062992125984252 17.5748031496063 en
171.7795275590551 151.93700787401573 37.41732283464567 17.5748031496063 1944
195.0236220472441 151.93700787401573 23.244094488188978 17.5748031496063 à
204.3779527559055 151.93700787401573 41.95275590551181 17.5748031496063 Paris
227.6220472440945 151.93700787401573 46.77165354330709 17.5748031496063 (France)

31.748031496062993 162.4251968503937 55.55905511811024 13.039370078740157 Sculpteur.

36.56692913385827 175.46456692913387 70.2992125984252 18.141732283464567 Françoise
93.8267716535433 175.46456692913387 66.04724409448819 18.141732283464567 PICARD
146.83464566929135 175.46456692913387 30.89763779527559 18.141732283464567 née
164.40944881889763 175.46456692913387 26.362204724409448 18.141732283464567 en
177.4488188976378 175.46456692913387 35.1496062992126 18.141732283464567 1944
199.55905511811022 175.46456692913387 22.11023622047244 18.141732283464567 à
208.3464566929134 175.46456692913387 35.1496062992126 18.141732283464567 Lyon
225.92125984251967 175.46456692913387 48.47244094488189 18.141732283464567 (France).

36.0 189.0708661417323 41.669291338582674 15.874015748031496 Ecole
63.77952755905512 189.0708661417323 32.59842519685039 15.874015748031496 des
82.20472440944881 189.0708661417323 37.13385826771653 15.874015748031496 Arts
100.91338582677166 189.0708661417323 60.37795275590551 15.874015748031496 Décoratifs.

36.56692913385827 204.09448818897638 47.62204724409449 17.5748031496063 Rafi
71.14960629921259 204.09448818897638 73.41732283464567 17.5748031496063 TOUMAYAN
131.5275590551181 204.09448818897638 26.078740157480315 17.5748031496063 né
144.56692913385828 204.09448818897638 26.078740157480315 17.5748031496063 en
157.60629921259843 204.09448818897638 34.58267716535433 17.5748031496063 1944
179.1496062992126 204.09448818897638 21.543307086614174 17.5748031496063 à
187.93700787401573 204.09448818897638 56.125984251968504 17.5748031496063 Marseille
226.77165354330708 204.09448818897638 47.62204724409449 17.5748031496063 (France).

31.46456692913386 215.1496062992126 67.18110236220473 13.039370078740157 Photographe.

22.11023622047244 243.49606299212599 37.41732283464567 16.15748031496063 25
47.05511811023622 243.49606299212599 104.03149606299213 16.15748031496063 LIEU-ECHAPPATOIRE
138.61417322834646 243.49606299212599 66.61417322834646 16.15748031496063 (réalisation
192.4724409448819 243.49606299212599 20.69291338582677 16.15748031496063 à
196.7244094488189 243.49606299212599 49.889763779527556 16.15748031496063 grandeur).

35.71653543307087 259.0866141732283 27.496062992125985 17.858267716535433 La
49.32283464566929 259.0866141732283 45.92125984251968 17.858267716535433 nature
81.63779527559055 259.0866141732283 45.92125984251968 17.858267716535433 recèle
113.66929133858268 259.0866141732283 32.31496062992126 17.858267716535433 une
132.09448818897638 259.0866141732283 45.92125984251968 17.858267716535433 grande
164.40944881889763 259.0866141732283 59.811023622047244 17.858267716535433 puissance
210.33070866141733 259.0866141732283 64.34645669291339 17.858267716535433 évocatrice
256.251968503937 259.0866141732283 18.4251968503937 17.858267716535433 et

36.0 270.70866141732284 82.77165354330708 17.007874015748033 l’imagination,
104.88188976377953 270.70866141732284 36.8503937007874 17.007874015748033 sous
127.84251968503936 270.70866141732284 32.031496062992126 17.007874015748033 son
146.26771653543307 270.70866141732284 64.34645669291339 17.007874015748033 impulsion,
196.7244094488189 270.70866141732284 27.496062992125985 17.007874015748033 se
210.33070866141733 270.70866141732284 32.031496062992126 17.007874015748033 met
228.75590551181102 270.70866141732284 27.496062992125985 17.007874015748033 en
237.82677165354332 270.70866141732284 36.8503937007874 17.007874015748033 mouve-

34.58267716535433 282.0472440944882 43.93700787401575 14.173228346456693 ment:
63.77952755905512 282.0472440944882 63.496062992125985 14.173228346456693 pulsation
112.81889763779527 282.0472440944882 29.480314960629922 14.173228346456693 de
127.55905511811024 282.0472440944882 29.480314960629922 14.173228346456693 la
142.01574803149606 282.0472440944882 58.67716535433071 14.173228346456693 lumière,
186.23622047244095 282.0472440944882 53.85826771653543 14.173228346456693 murmure
225.35433070866142 282.0472440944882 29.480314960629922 14.173228346456693 de
234.99212598425197 282.0472440944882 39.118110236220474 14.173228346456693 l’eau,

34.58267716535433 291.11811023622045 73.7007874015748 14.173228346456693 transparence
94.39370078740157 291.11811023622045 27.77952755905512 14.173228346456693 de
108.28346456692914 291.11811023622045 60.09448818897638 14.173228346456693 l’espace,
154.48818897637796 291.11811023622045 36.8503937007874 14.173228346456693 sont
177.4488188976378 291.11811023622045 46.20472440944882 14.173228346456693 autant
209.76377952755905 291.11811023622045 27.77952755905512 14.173228346456693 de
219.11811023622047 291.11811023622045 55.275590551181104 14.173228346456693 mouvements

34.01574803149607 300.4724409448819 28.346456692913385 17.291338582677167 où
48.188976377952756 300.4724409448819 51.874015748031496 17.291338582677167 l’homme
85.88976377952756 300.4724409448819 42.51968503937008 17.291338582677167 puise
114.23622047244095 300.4724409448819 32.881889763779526 17.291338582677167 ses
132.9448818897638 300.4724409448819 51.874015748031496 17.291338582677167 sources
170.64566929133858 300.4724409448819 51.874015748031496 17.291338582677167 vitales
208.3464566929134 300.4724409448819 37.7007874015748 17.291338582677167 pour
227.33858267716536 300.4724409448819 47.05511811023622 17.291338582677167 épanouir

34.2992125984252 310.3937007874016 31.748031496062993 11.905511811023622 ses
47.90551181102362 310.3937007874016 59.24409448818898 11.905511811023622 sensations.

34.86614173228347 320.31496062992125 46.77165354330709 18.141732283464567 L’idée
67.46456692913385 320.31496062992125 23.244094488188978 18.141732283464567 :
76.81889763779527 320.31496062992125 102.61417322834646 18.141732283464567 Lieu-échappatoire.
165.54330708661416 320.31496062992125 51.30708661417323 18.141732283464567 Symbole
202.6771653543307 320.31496062992125 28.062992125984252 18.141732283464567 de
212.03149606299212 320.31496062992125 28.062992125984252 18.141732283464567 vie.

34.01574803149607 330.8031496062992 76.81889763779527 19.275590551181104 Transparence
96.37795275590551 330.8031496062992 28.913385826771652 19.275590551181104 de
110.83464566929133 330.8031496062992 28.913385826771652 19.275590551181104 la
125.29133858267717 330.8031496062992 47.90551181102362 19.275590551181104 nature
158.74015748031496 330.8031496062992 38.55118110236221 19.275590551181104 dans
182.83464566929135 330.8031496062992 62.36220472440945 19.275590551181104 l’espace.
226.20472440944883 330.8031496062992 47.90551181102362 19.275590551181104 Lumière.

33.44881889763779 344.40944881889766 83.62204724409449 11.338582677165354 Approximation
102.33070866141732 344.40944881889766 29.480314960629922 11.338582677165354 du
117.07086614173228 344.40944881889766 44.22047244094488 11.338582677165354 rêve.
146.5511811023622 344.40944881889766 49.32283464566929 11.338582677165354 Calme.
176.03149606299212 344.40944881889766 54.14173228346457 11.338582677165354 Quiétude.

34.2992125984252 353.76377952755905 60.94488188976378 14.456692913385826 Matériaux:
82.20472440944881 353.76377952755905 34.86614173228347 14.456692913385826 cage
104.03149606299213 353.76377952755905 26.078740157480315 14.456692913385826 de
117.07086614173228 353.76377952755905 39.118110236220474 14.456692913385826 verre
143.1496062992126 353.76377952755905 69.73228346456693 14.456692913385826 transparent.
199.84251968503938 353.76377952755905 56.69291338582677 14.456692913385826 Altuglass
238.96062992125985 353.76377952755905 34.86614173228347 14.456692913385826 trans

28.913385826771652 364.53543307086613 41.10236220472441 12.188976377952756 parent.

33.732283464566926 375.3070866141732 32.881889763779526 19.559055118110237 Eau
52.724409448818896 375.3070866141732 32.881889763779526 19.559055118110237 par
71.43307086614173 375.3070866141732 66.04724409448819 19.559055118110237 pulsation.
123.30708661417323 375.3070866141732 70.58267716535433 19.559055118110237 Végétation.
175.1811023622047 375.3070866141732 51.874015748031496 19.559055118110237 Lumières.

32.881889763779526 390.61417322834643 70.58267716535433 14.173228346456693 Responsable
84.75590551181102 390.61417322834643 14.173228346456693 14.173228346456693 :

33.44881889763779 404.503937007874 62.07874015748032 14.173228346456693 Béatrice
83.33858267716535 404.503937007874 78.80314960629921 14.173228346456693 CASADESSUS
149.66929133858267 404.503937007874 28.913385826771652 14.173228346456693 née
166.11023622047244 404.503937007874 24.944881889763778 14.173228346456693 en
178.58267716535434 404.503937007874 33.16535433070866 14.173228346456693 1942
199.2755905511811 404.503937007874 20.69291338582677 14.173228346456693 à
207.49606299212599 404.503937007874 37.41732283464567 14.173228346456693 Paris
228.18897637795277 404.503937007874 45.63779527559055 14.173228346456693 (France).

32.881889763779526 415.5590551181102 64.34645669291339 16.724409448818896 Conception
83.33858267716535 415.5590551181102 27.496062992125985 16.724409448818896 et
92.69291338582677 415.5590551181102 64.34645669291339 16.724409448818896 réalisation.

33.44881889763779 431.7165354330709 58.110236220472444 16.440944881889763 Bernard
79.08661417322834 431.7165354330709 82.77165354330708 16.440944881889763 LE-NGOC-HUE
149.66929133858267 431.7165354330709 24.944881889763778 16.440944881889763 né
161.85826771653544 431.7165354330709 24.944881889763778 16.440944881889763 en
174.33070866141733 431.7165354330709 33.16535433070866 16.440944881889763 1936
195.0236220472441 431.7165354330709 20.69291338582677 16.440944881889763 à
203.5275590551181 431.7165354330709 37.41732283464567 16.440944881889763 Hanoï
224.2204724409449 431.7165354330709 49.60629921259842 16.440944881889763 (Vietnam).

32.59842519685039 441.9212598425197 63.77952755905512 13.039370078740157 Conception
82.48818897637796 441.9212598425197 27.212598425196852 13.039370078740157 et
91.55905511811024 441.9212598425197 63.77952755905512 13.039370078740157 réalisation.

32.31496062992126 454.6771653543307 66.89763779527559 15.590551181102363 Philippe
85.88976377952756 454.6771653543307 62.36220472440945 15.590551181102363 THILL
134.9291338582677 454.6771653543307 26.64566929133858 15.590551181102363 né
148.251968503937 454.6771653543307 26.64566929133858 15.590551181102363 en
161.85826771653544 454.6771653543307 35.71653543307087 15.590551181102363 1937
183.96850393700788 454.6771653543307 22.393700787401574 15.590551181102363 à
188.50393700787401 454.6771653543307 84.75590551181102 15.590551181102363 Saint

31.46456692913386 467.43307086614175 59.24409448818898 16.440944881889763 (France).
76.81889763779527 467.43307086614175 63.77952755905512 16.440944881889763 Conception
126.99212598425197 467.43307086614175 27.212598425196852 16.440944881889763 et
140.5984251968504 467.43307086614175 68.31496062992126 16.440944881889763 réalisation
190.48818897637796 467.43307086614175 54.70866141732284 16.440944881889763 technique.

17.5748031496063 497.76377952755905 36.0 15.874015748031496 26
41.669291338582674 497.76377952755905 68.31496062992126 15.874015748031496 MEDIATION
97.79527559055119 497.76377952755905 64.06299212598425 15.874015748031496 (réalisation
149.95275590551182 497.76377952755905 20.125984251968504 15.874015748031496 à
153.92125984251967 497.76377952755905 48.188976377952756 15.874015748031496 grandeur).

30.330708661417322 514.7716535433071 46.77165354330709 13.606299212598426 Contre
63.21259842519685 514.7716535433071 28.062992125984252 13.606299212598426 la
77.38582677165354 514.7716535433071 70.2992125984252 13.606299212598426 ségrégation
133.51181102362204 514.7716535433071 32.881889763779526 13.606299212598426 des
152.2204724409449 514.7716535433071 56.125984251968504 13.606299212598426 méthodes
194.45669291338584 514.7716535433071 65.48031496062993 13.606299212598426 visuelles,
241.22834645669292 514.7716535433071 32.881889763779526 13.606299212598426 audi-

30.89763779527559 525.8267716535433 41.10236220472441 12.188976377952756 tives,
59.52755905511811 525.8267716535433 49.32283464566929 12.188976377952756 tactiles
96.66141732283465 525.8267716535433 24.661417322834644 12.188976377952756 et
108.85039370078741 525.8267716535433 61.79527559055118 12.188976377952756 olfactives,
158.17322834645668 525.8267716535433 28.913385826771652 12.188976377952756 qui
174.61417322834646 525.8267716535433 57.54330708661417 12.188976377952756 sclérosent
219.96850393700788 525.8267716535433 24.661417322834644 12.188976377952756 la
228.18897637795277 525.8267716535433 45.354330708661415 12.188976377952756 création.

30.330708661417322 535.7480314960629 47.62204724409449 11.622047244094489 Contre
63.77952755905512 535.7480314960629 28.62992125984252 11.622047244094489 le
77.95275590551181 535.7480314960629 61.79527559055118 11.622047244094489 spectacle
125.5748031496063 535.7480314960629 47.62204724409449 11.622047244094489 passif
159.0236220472441 535.7480314960629 33.44881889763779 11.622047244094489 qui
178.01574803149606 535.7480314960629 57.25984251968504 11.622047244094489 minimise
220.8188976377953 535.7480314960629 28.62992125984252 11.622047244094489 le
235.2755905511811 535.7480314960629 37.98425196850393 11.622047244094489 rôle
254.26771653543307 535.7480314960629 18.992125984251967 11.622047244094489 du

29.19685039370079 546.8031496062993 70.58267716535433 12.755905511811024 spectateur.
85.88976377952756 546.8031496062993 47.05511811023622 12.755905511811024 Contre
118.77165354330708 546.8031496062993 28.346456692913385 12.755905511811024 le
132.9448818897638 546.8031496062993 66.04724409448819 12.755905511811024 dogmatisme
184.53543307086613 546.8031496062993 61.22834645669291 12.755905511811024 entourant
231.8740157480315 546.8031496062993 28.346456692913385 12.755905511811024 la
241.22834645669292 546.8031496062993 32.881889763779526 12.755905511811024 créa-

29.480314960629922 555.0236220472441 35.71653543307087 12.472440944881889 tion
51.874015748031496 555.0236220472441 26.64566929133858 12.472440944881889 et
65.19685039370079 555.0236220472441 26.64566929133858 12.472440944881889 le
73.98425196850394 555.0236220472441 49.039370078740156 12.472440944881889 créateur.

30.04724409448819 565.2283464566929 32.31496062992126 12.755905511811024 «La
48.47244094488189 565.2283464566929 64.34645669291339 12.755905511811024 domination
98.92913385826772 565.2283464566929 36.8503937007874 12.755905511811024 d’un
121.88976377952756 565.2283464566929 36.8503937007874 12.755905511811024 seul
145.13385826771653 565.2283464566929 36.8503937007874 12.755905511811024 sens
168.09448818897638 565.2283464566929 32.31496062992126 12.755905511811024 est
186.51968503937007 565.2283464566929 32.31496062992126 12.755905511811024 une
204.9448818897638 565.2283464566929 50.74015748031496 12.755905511811024 recette
236.9763779527559 565.2283464566929 36.8503937007874 12.755905511811024 d’hyp-

28.913385826771652 576.2834645669292 40.818897637795274 14.456692913385826 nose
54.425196850393704 576.2834645669292 30.614173228346456 14.456692913385826 et
69.73228346456693 576.2834645669292 66.33070866141732 14.456692913385826 n’importe
120.75590551181102 576.2834645669292 51.023622047244096 14.456692913385826 lequel
156.4724409448819 576.2834645669292 35.71653543307087 14.456692913385826 des
176.88188976377953 576.2834645669292 40.818897637795274 14.456692913385826 sens
202.39370078740157 576.2834645669292 40.818897637795274 14.456692913385826 peut
227.90551181102362 576.2834645669292 51.023622047244096 14.456692913385826 servir
258.5196850393701 576.2834645669292 15.307086614173228 14.456692913385826 à

28.62992125984252 584.7874015748032 58.960629921259844 11.905511811023622 enfermer
72.85039370078741 584.7874015748032 34.2992125984252 11.905511811023622 une
92.40944881889764 584.7874015748032 54.14173228346457 11.905511811023622 culture
131.81102362204723 584.7874015748032 39.40157480314961 11.905511811023622 dans
156.18897637795277 584.7874015748032 29.480314960629922 11.905511811023622 le
170.9291338582677 584.7874015748032 63.77952755905512 11.905511811023622 sommeil.»
219.96850393700788 584.7874015748032 34.2992125984252 11.905511811023622 Mac
234.70866141732284 584.7874015748032 39.40157480314961 11.905511811023622 Luhan.

28.62992125984252 595.5590551181102 47.05511811023622 11.622047244094489 Objets
61.79527559055118 595.5590551181102 70.86614173228347 11.622047244094489 interactifs
118.48818897637796 595.5590551181102 66.04724409448819 11.622047244094489 réagissant
170.36220472440945 595.5590551181102 23.52755905511811 11.622047244094489 à
179.71653543307087 595.5590551181102 70.86614173228347 11.622047244094489 l’influence
236.40944881889763 595.5590551181102 28.346456692913385 11.622047244094489 de
245.76377952755905 595.5590551181102 28.346456692913385 11.622047244094489 leur

28.346456692913385 604.9133858267717 86.74015748031496 10.771653543307087 environnement.
100.62992125984252 604.9133858267717 57.826771653543304 10.771653543307087 L’action
144.0 604.9133858267717 33.732283464566926 10.771653543307087 des
162.99212598425197 604.9133858267717 77.10236220472441 10.771653543307087 participants
220.8188976377953 604.9133858267717 53.00787401574803 10.771653543307087 détermine

29.480314960629922 613.1338582677165 41.38582677165354 12.188976377952756 leurs
56.976377952755904 613.1338582677165 50.74015748031496 12.188976377952756 propres
93.8267716535433 613.1338582677165 64.62992125984252 12.188976377952756 réactions.
144.56692913385828 613.1338582677165 32.31496062992126 12.188976377952756 Cet
162.99212598425197 613.1338582677165 55.275590551181104 12.188976377952756 ensemble
204.3779527559055 613.1338582677165 32.31496062992126 12.188976377952756 n’a
222.8031496062992 613.1338582677165 36.8503937007874 12.188976377952756 donc
241.22834645669292 613.1338582677165 32.31496062992126 12.188976377952756 qu’un

28.346456692913385 623.0551181102362 36.8503937007874 13.606299212598426 rôle
51.30708661417323 623.0551181102362 27.77952755905512 13.606299212598426 de
60.661417322834644 623.0551181102362 55.275590551181104 13.606299212598426 médiateur.

7.653543307086614 644.5984251968504 27.77952755905512 13.88976377952756 146
