1062 2361
7 80 174 59 b>IRAN</b>

184 457 252 68 Commissaire
386 457 185 68 général
520 457 84 68 :
554 457 202 68 <b>Zaden
689 457 235 68 Hacopian</b>

185 516 208 50 Directeur
345 516 112 50 des
409 516 208 50 Relations
552 516 224 50 Culturelles.

140 642 113 63 La
197 642 320 63 participation
460 642 245 63 iranienne
648 642 94 63 à
686 642 113 63 la
742 642 226 63 Biennale
893 642 75 63 de

82 687 181 62 Paris
202 687 100 62 a
242 687 140 62 été
323 687 321 62 sélectionnée
584 687 140 62 par
664 687 140 62 une
724 687 241 62 commission

81 742 226 48 spéciale
251 742 94 48 à
288 742 113 48 la
345 742 245 48 Direction
534 742 226 48 Générale
703 742 132 48 des
760 742 207 48 Relations

80 775 290 49 Culturelles
311 775 116 49 du
369 775 251 49 Ministère
562 775 116 49 de
620 775 116 49 la
678 775 212 49 Culture
833 775 116 49 et
871 775 97 49 des

82 821 145 49 Arts
172 821 90 49 à
208 821 217 49 Téhéran.
371 821 145 49 Elle
461 821 217 49 comprend
624 821 108 49 de
678 821 181 49 jeunes
786 821 181 49 artistes

81 862 148 60 dont
173 862 129 60 les
247 862 185 60 œuvres
376 862 129 60 ont
450 862 129 60 été
524 862 370 60 particulièrement
820 862 148 60 remar-

78 909 198 43 quées,
217 909 198 43 durant
355 909 138 43 ces
434 909 158 43 deux
533 909 257 43 dernières
730 909 217 43 années,
868 909 99 43 par

84 945 104 59 la
136 945 208 59 critique
292 945 156 59 ainsi
396 945 122 59 que
466 945 122 59 par
535 945 122 59 les
604 945 191 59 anciens
726 945 243 59 participants

80 987 95 46 à
118 987 114 46 la
156 987 210 46 Biennale.

138 1031 113 50 En
195 1031 170 50 dépit
308 1031 113 50 de
364 1031 151 50 leur
459 1031 264 50 diversité,
666 1031 132 50 ces
742 1031 226 50 artistes
893 1031 75 50 ne

77 1076 228 51 peuvent
243 1076 311 51 représenter
492 1076 145 51 que
574 1076 186 51 d’une
699 1076 228 51 manière
844 1076 124 51 très

78 1120 303 43 approximative
327 1120 125 43 les
399 1120 231 43 tendances
576 1120 267 43 artistiques
772 1120 196 43 actuelles

79 1163 119 44 de
139 1163 218 44 l’Iran.
297 1163 277 44 Néanmoins,
514 1163 119 44 la
574 1163 257 44 sélection
771 1163 178 44 donne
870 1163 99 44 une

82 1200 148 42 idée
175 1200 222 42 générale
342 1200 111 42 de
397 1200 259 42 l’ensemble
601 1200 111 42 de
656 1200 167 42 notre
767 1200 167 42 jeune
860 1200 111 42 mou-

77 1234 192 59 vement
192 1234 231 59 plastique.

42 2283 82 51 72
