317.4803149606299 659.0551181102362
58.67716535433071 13.606299212598426 178.58267716535434 28.346456692913385 MANIFESTATIONS
203.24409448818898 13.606299212598426 110.55118110236221 28.346456692913385 ANNEXES

47.62204724409449 52.15748031496063 62.92913385826772 19.275590551181104 Vladimir
98.07874015748031 52.15748031496063 79.65354330708661 19.275590551181104 VELICKOVIC
164.9763779527559 52.15748031496063 25.228346456692915 19.275590551181104 né
177.73228346456693 52.15748031496063 25.228346456692915 19.275590551181104 en
190.20472440944883 52.15748031496063 33.44881889763779 19.275590551181104 1935
211.1811023622047 52.15748031496063 20.976377952755904 19.275590551181104 à
219.68503937007873 52.15748031496063 50.45669291338583 19.275590551181104 Belgrade
253.13385826771653 52.15748031496063 41.95275590551181 19.275590551181104 (Vougos

45.07086614173228 70.01574803149606 34.58267716535433 12.472440944881889 lavie).

37.41732283464567 68.31496062992126 48.47244094488189 24.944881889763778 66
74.83464566929133 68.31496062992126 33.732283464566926 24.944881889763778 Grand
97.22834645669292 68.31496062992126 33.732283464566926 24.944881889763778 gibet
119.62204724409449 68.31496062992126 22.393700787401574 24.944881889763778 n°
130.96062992125985 68.31496062992126 22.393700787401574 24.944881889763778 4,
142.01574803149606 68.31496062992126 30.04724409448819 24.944881889763778 1969
160.7244094488189 68.31496062992126 37.41732283464567 24.944881889763778 (huile
186.8031496062992 68.31496062992126 26.078740157480315 24.944881889763778 sur
201.82677165354332 68.31496062992126 37.41732283464567 24.944881889763778 toile,
228.18897637795277 68.31496062992126 26.078740157480315 24.944881889763778 300
242.9291338582677 68.31496062992126 18.708661417322833 24.944881889763778 x
250.58267716535434 68.31496062992126 26.078740157480315 24.944881889763778 200
265.3228346456693 68.31496062992126 18.708661417322833 24.944881889763778 x
269.29133858267716 68.31496062992126 26.078740157480315 24.944881889763778 300).

49.039370078740156 90.14173228346456 54.99212598425197 19.84251968503937 Claude
91.2755905511811 90.14173228346456 63.496062992125985 19.84251968503937 VIALLAT
142.01574803149606 90.14173228346456 25.228346456692915 19.84251968503937 né
154.77165354330708 90.14173228346456 25.228346456692915 19.84251968503937 en
167.24409448818898 90.14173228346456 33.732283464566926 19.84251968503937 1936
188.50393700787401 90.14173228346456 21.25984251968504 19.84251968503937 à
197.00787401574803 90.14173228346456 37.98425196850393 19.84251968503937 Nîmes
217.98425196850394 90.14173228346456 46.488188976377955 19.84251968503937 (France).

38.267716535433074 101.19685039370079 48.47244094488189 22.393700787401574 67
75.4015748031496 101.19685039370079 55.84251968503937 22.393700787401574 Répétition,
119.90551181102362 101.19685039370079 29.763779527559056 22.393700787401574 1969
138.61417322834646 101.19685039370079 48.47244094488189 22.393700787401574 (elbécryl
175.748031496063 101.19685039370079 26.078740157480315 22.393700787401574 sur
190.77165354330708 101.19685039370079 40.818897637795274 22.393700787401574 tissus,
220.53543307086613 101.19685039370079 26.078740157480315 22.393700787401574 300
235.2755905511811 101.19685039370079 18.708661417322833 22.393700787401574 x
238.96062992125985 101.19685039370079 26.078740157480315 22.393700787401574 300).

49.889763779527556 119.33858267716535 56.69291338582677 18.4251968503937 Jacques
94.39370078740157 119.33858267716535 60.661417322834644 18.4251968503937 VIMARD
142.86614173228347 119.33858267716535 24.37795275590551 18.4251968503937 né
155.0551181102362 119.33858267716535 24.37795275590551 18.4251968503937 en
167.24409448818898 119.33858267716535 32.31496062992126 18.4251968503937 1942
187.37007874015748 119.33858267716535 20.125984251968504 18.4251968503937 à
195.59055118110237 119.33858267716535 36.28346456692913 18.4251968503937 Paris
215.71653543307087 119.33858267716535 44.503937007874015 18.4251968503937 (France).

38.55118110236221 131.81102362204723 49.32283464566929 17.858267716535433 68
76.53543307086615 131.81102362204723 34.2992125984252 17.858267716535433 Flash
99.21259842519684 131.81102362204723 18.992125984251967 17.858267716535433 :
106.86614173228347 131.81102362204723 68.5984251968504 17.858267716535433 Zurich-Klauten
163.84251968503938 131.81102362204723 22.96062992125984 17.858267716535433 17
175.46456692913387 131.81102362204723 18.992125984251967 17.858267716535433 h
182.83464566929135 131.81102362204723 26.64566929133858 17.858267716535433 34,
198.14173228346456 131.81102362204723 30.330708661417322 17.858267716535433 1969
217.13385826771653 131.81102362204723 49.32283464566929 17.858267716535433 (peinture
251.43307086614172 131.81102362204723 45.63779527559055 17.858267716535433 acrylique,

49.889763779527556 145.70078740157481 29.480314960629922 14.173228346456693 260
66.61417322834646 145.70078740157481 20.976377952755904 14.173228346456693 x
70.86614173228347 145.70078740157481 29.480314960629922 14.173228346456693 190).

108.56692913385827 443.62204724409446 68.5984251968504 15.307086614173228 L'ATELIER
164.40944881889763 443.62204724409446 25.79527559055118 15.307086614173228 DU
172.91338582677164 443.62204724409446 68.5984251968504 15.307086614173228 SPECTATEUR

99.49606299212599 453.8267716535433 55.55905511811024 17.291338582677167 préparé
140.03149606299212 453.8267716535433 35.43307086614173 17.291338582677167 par
160.15748031496062 453.8267716535433 30.330708661417322 17.291338582677167 un
175.46456692913387 453.8267716535433 50.74015748031496 17.291338582677167 groupe
205.79527559055117 453.8267716535433 45.63779527559055 17.291338582677167 anonyme

46.20472440944882 468.0 37.7007874015748 17.291338582677167 Cette
71.43307086614173 468.0 37.7007874015748 17.291338582677167 salle
96.66141732283465 468.0 29.480314960629922 17.291338582677167 est
113.38582677165354 468.0 25.228346456692915 17.291338582677167 le
126.14173228346456 468.0 50.45669291338583 17.291338582677167 résultat
163.84251968503938 468.0 37.7007874015748 17.291338582677167 d’une
189.0708661417323 468.0 54.70866141732284 17.291338582677167 réflexion
231.0236220472441 468.0 20.976377952755904 17.291338582677167 à
239.5275590551181 468.0 25.228346456692915 17.291338582677167 la
252.0 468.0 33.732283464566926 17.291338582677167 fois
272.9763779527559 468.0 50.45669291338583 17.291338582677167 critique
306.70866141732284 468.0 12.472440944881889 17.291338582677167 I

45.92125984251968 479.62204724409446 28.346456692913385 16.724409448818896 et
60.09448818897638 479.62204724409446 61.22834645669291 16.724409448818896 positive.
107.14960629921259 479.62204724409446 23.52755905511811 16.724409448818896 Y
116.78740157480316 479.62204724409446 37.7007874015748 16.724409448818896 sont
140.31496062992127 479.62204724409446 32.881889763779526 16.724409448818896 mis
159.0236220472441 479.62204724409446 28.346456692913385 16.724409448818896 en
173.1968503937008 479.62204724409446 42.51968503937008 16.724409448818896 cause
201.54330708661416 479.62204724409446 32.881889763779526 16.724409448818896 les
220.251968503937 479.62204724409446 51.874015748031496 16.724409448818896 notions
257.9527559055118 479.62204724409446 51.874015748031496 16.724409448818896 d’œuvre
295.65354330708664 479.62204724409446 28.346456692913385 16.724409448818896 et
305.00787401574803 479.62204724409446 14.173228346456693 16.724409448818896 I

45.63779527559055 489.8267716535433 76.53543307086615 14.456692913385826 d’artiste,
105.73228346456693 489.8267716535433 49.32283464566929 14.456692913385826 ainsi
138.61417322834646 489.8267716535433 38.267716535433074 14.456692913385826 que
160.44094488188978 489.8267716535433 38.267716535433074 14.456692913385826 les
182.26771653543307 489.8267716535433 65.76377952755905 14.456692913385826 critères
231.59055118110237 489.8267716535433 32.881889763779526 14.456692913385826 de
248.03149606299212 489.8267716535433 76.53543307086615 14.456692913385826 sélection.
302.74015748031496 489.8267716535433 16.440944881889763 14.456692913385826 1

47.05511811023622 501.1653543307087 28.062992125984252 11.622047244094489 Un
61.22834645669291 501.1653543307087 46.77165354330709 11.622047244094489 groupe
94.11023622047244 501.1653543307087 51.59055118110236 11.622047244094489 anonyme
131.5275590551181 501.1653543307087 28.062992125984252 11.622047244094489 et
145.70078740157481 501.1653543307087 46.77165354330709 11.622047244094489 ouvert
178.58267716535434 501.1653543307087 42.23622047244095 11.622047244094489 s’est
206.64566929133858 501.1653543307087 37.41732283464567 11.622047244094489 donc
230.17322834645668 501.1653543307087 60.94488188976378 11.622047244094489 constitué
276.9448818897638 501.1653543307087 46.77165354330709 11.622047244094489 autour
305.00787401574803 501.1653543307087 14.173228346456693 11.622047244094489 I

47.05511811023622 507.40157480314963 37.98425196850393 16.15748031496063 d’un
70.86614173228347 507.40157480314963 42.803149606299215 16.15748031496063 thème
99.49606299212599 507.40157480314963 61.79527559055118 16.15748031496063 principal
147.11811023622047 507.40157480314963 23.811023622047244 16.15748031496063 :
156.4724409448819 507.40157480314963 28.62992125984252 16.15748031496063 la
170.64566929133858 507.40157480314963 66.61417322834646 16.15748031496063 créativité
223.08661417322836 507.40157480314963 28.62992125984252 16.15748031496063 du
237.25984251968504 507.40157480314963 71.43307086614173 16.15748031496063 spectateur.
289.7007874015748 507.40157480314963 18.992125984251967 16.15748031496063 Le

47.62204724409449 517.8897637795276 48.47244094488189 16.15748031496063 public
81.63779527559055 517.8897637795276 53.29133858267716 16.15748031496063 dispose
120.4724409448819 517.8897637795276 29.19685039370079 16.15748031496063 de
134.9291338582677 517.8897637795276 62.92913385826772 16.15748031496063 matériaux
183.4015748031496 517.8897637795276 43.653543307086615 16.15748031496063 bruts
212.5984251968504 517.8897637795276 34.01574803149607 16.15748031496063 qui
231.8740157480315 517.8897637795276 72.85039370078741 16.15748031496063 sollicitent
289.98425196850394 517.8897637795276 34.01574803149607 16.15748031496063 les
304.7244094488189 517.8897637795276 14.456692913385826 16.15748031496063 »

47.338582677165356 526.3937007874016 55.275590551181104 16.15748031496063 domaines
88.7244094488189 526.3937007874016 59.811023622047244 16.15748031496063 sensoriel
134.9291338582677 526.3937007874016 27.77952755905512 16.15748031496063 et
148.53543307086613 526.3937007874016 78.23622047244095 16.15748031496063 intellectuel.
213.16535433070865 526.3937007874016 59.811023622047244 16.15748031496063 L’artiste
259.37007874015745 526.3937007874016 27.77952755905512 16.15748031496063 se
272.9763779527559 526.3937007874016 41.38582677165354 16.15748031496063 borne
300.755905511811 526.3937007874016 22.96062992125984 16.15748031496063 à
305.29133858267716 526.3937007874016 13.88976377952756 16.15748031496063 I

48.75590551181102 540.0 27.496062992125985 10.771653543307087 un
62.36220472440945 540.0 36.56692913385827 10.771653543307087 rôle
85.32283464566929 540.0 91.55905511811024 10.771653543307087 d’intermédiaire.
163.2755905511811 540.0 27.496062992125985 10.771653543307087 Il
177.16535433070865 540.0 32.031496062992126 10.771653543307087 est
195.30708661417322 540.0 50.45669291338583 10.771653543307087 parfois
232.15748031496062 540.0 68.88188976377953 10.771653543307087 anonymement
287.1496062992126 540.0 36.56692913385827 10.771653543307087 pré¬
305.29133858267716 540.0 13.88976377952756 10.771653543307087 I

48.75590551181102 544.5354330708661 37.41732283464567 15.590551181102363 sent
72.0 544.5354330708661 37.41732283464567 15.590551181102363 dans
95.24409448818898 544.5354330708661 28.062992125984252 15.590551181102363 la
109.13385826771653 544.5354330708661 41.95275590551181 15.590551181102363 salle
137.1968503937008 544.5354330708661 37.41732283464567 15.590551181102363 pour
160.44094488188978 544.5354330708661 60.661417322834644 15.590551181102363 favoriser
207.21259842519686 544.5354330708661 65.19685039370079 15.590551181102363 l’activité
258.5196850393701 544.5354330708661 28.062992125984252 15.590551181102363 du
272.40944881889766 544.5354330708661 51.30708661417323 15.590551181102363 public.
305.29133858267716 544.5354330708661 13.88976377952756 15.590551181102363 I

48.75590551181102 557.007874015748 28.346456692913385 12.188976377952756 La
62.92913385826772 557.007874015748 47.338582677165356 12.188976377952756 salle,
96.37795275590551 557.007874015748 61.79527559055118 12.188976377952756 également
143.71653543307087 557.007874015748 52.15748031496063 12.188976377952756 ouverte
181.70078740157481 557.007874015748 33.16535433070866 12.188976377952756 sur
200.69291338582678 557.007874015748 75.96850393700787 12.188976377952756 l’extérieur,
262.20472440944883 557.007874015748 42.803149606299215 12.188976377952756 subit
290.8346456692913 557.007874015748 33.16535433070866 12.188976377952756 des
305.00787401574803 557.007874015748 14.173228346456693 12.188976377952756 I

49.039370078740156 565.7952755905512 58.67716535433071 14.456692913385826 mutations
94.11023622047244 565.7952755905512 63.21259842519685 14.456692913385826 constantes
144.0 565.7952755905512 27.212598425196852 14.456692913385826 au
157.3228346456693 565.7952755905512 31.748031496062993 14.456692913385826 fur
175.46456692913387 565.7952755905512 27.212598425196852 14.456692913385826 et
189.0708661417323 565.7952755905512 22.677165354330707 14.456692913385826 à
198.14173228346456 565.7952755905512 45.07086614173228 14.456692913385826 mesure
229.60629921259843 565.7952755905512 31.748031496062993 14.456692913385826 que
247.748031496063 565.7952755905512 27.212598425196852 14.456692913385826 le
256.81889763779526 565.7952755905512 54.14173228346457 14.456692913385826 spectateur

49.32283464566929 571.1811023622047 51.30708661417323 17.291338582677167 réalise
86.45669291338582 571.1811023622047 32.59842519685039 17.291338582677167 des
105.16535433070867 571.1811023622047 79.08661417322834 17.291338582677167 propositions,
170.36220472440945 571.1811023622047 69.73228346456693 17.291338582677167 fréquemment
226.20472440944883 571.1811023622047 60.37795275590551 17.291338582677167 modifiées
272.6929133858268 571.1811023622047 32.59842519685039 17.291338582677167 par
291.11811023622045 571.1811023622047 32.59842519685039 17.291338582677167 les
305.29133858267716 571.1811023622047 13.88976377952756 17.291338582677167 I

39.968503937007874 581.1023622047244 139.748031496063 15.307086614173228 autres
137.76377952755905 581.1023622047244 195.59055118110237 15.307086614173228 visiteurs.
277.2283464566929 581.1023622047244 41.95275590551181 15.307086614173228 I

50.45669291338583 594.4251968503937 27.77952755905512 12.188976377952756 La
64.34645669291339 594.4251968503937 55.55905511811024 12.188976377952756 mobilité
106.01574803149606 594.4251968503937 27.77952755905512 12.188976377952756 de
119.90551181102362 594.4251968503937 32.31496062992126 12.188976377952756 cet
138.33070866141733 594.4251968503937 46.20472440944882 12.188976377952756 espace
170.64566929133858 594.4251968503937 32.31496062992126 12.188976377952756 est
189.35433070866142 594.4251968503937 41.669291338582674 12.188976377952756 ainsi
217.13385826771653 594.4251968503937 37.13385826771653 12.188976377952756 liée
240.09448818897638 594.4251968503937 27.77952755905512 12.188976377952756 au
253.98425196850394 594.4251968503937 55.55905511811024 12.188976377952756 principe
295.65354330708664 594.4251968503937 27.77952755905512 12.188976377952756 de
305.00787401574803 594.4251968503937 13.88976377952756 12.188976377952756 »

39.40157480314961 604.3464566929134 186.51968503937007 13.88976377952756 l’action
179.43307086614172 604.3464566929134 155.33858267716536 13.88976377952756 libre.
272.6929133858268 604.3464566929134 46.488188976377955 13.88976377952756 1

241.22834645669292 610.8661417322835 50.173228346456696 17.007874015748033 Frank
269.00787401574803 610.8661417322835 50.173228346456696 17.007874015748033 Popper.

286.01574803149606 634.1102362204724 26.362204724409448 16.724409448818896 179
