301.03937007874015 669.2598425196851
-2.5511811023622046 23.244094488188978 125.5748031496063 15.874015748031496 <b>SPECTACLES</b>

22.677165354330707 420.37795275590554 28.062992125984252 13.039370078740157 Au
36.56692913385827 420.37795275590554 41.95275590551181 13.039370078740157 cours
64.62992125984252 420.37795275590554 28.062992125984252 13.039370078740157 de
78.51968503937007 420.37795275590554 60.661417322834644 13.039370078740157 cinquante
125.00787401574803 420.37795275590554 51.30708661417323 13.039370078740157 séances
162.4251968503937 420.37795275590554 65.19685039370079 13.039370078740157 publiques,
213.73228346456693 420.37795275590554 41.95275590551181 13.039370078740157 seize
236.9763779527559 420.37795275590554 41.95275590551181 13.039370078740157 équipes

22.11023622047244 431.43307086614175 64.06299212598425 13.606299212598426 françaises
72.56692913385827 431.43307086614175 27.496062992125985 13.606299212598426 et
86.1732283464567 431.43307086614175 64.06299212598425 13.606299212598426 étrangères
136.62992125984252 431.43307086614175 73.41732283464567 13.606299212598426 présenteront
196.15748031496062 431.43307086614175 36.56692913385827 13.606299212598426 leur
219.11811023622047 431.43307086614175 50.45669291338583 13.606299212598426 travail
251.1496062992126 431.43307086614175 27.496062992125985 13.606299212598426 dans

22.677165354330707 440.2204724409449 35.1496062992126 14.740157480314961 sept
44.503937007874015 440.2204724409449 39.40157480314961 14.740157480314961 lieux
70.86614173228347 440.2204724409449 26.362204724409448 14.740157480314961 de
79.37007874015748 440.2204724409449 43.93700787401575 14.740157480314961 théâtre.

22.393700787401574 452.12598425196853 28.62992125984252 16.440944881889763 La
36.8503937007874 452.12598425196853 52.15748031496063 16.440944881889763 section
74.83464566929133 452.12598425196853 75.96850393700787 16.440944881889763 «Spectacles»
136.3464566929134 452.12598425196853 28.62992125984252 16.440944881889763 de
150.8031496062992 452.12598425196853 28.62992125984252 16.440944881889763 la
164.9763779527559 452.12598425196853 56.976377952755904 16.440944881889763 Biennale
207.7795275590551 452.12598425196853 28.62992125984252 16.440944881889763 de
221.95275590551182 452.12598425196853 42.803149606299215 16.440944881889763 Paris
250.29921259842519 452.12598425196853 23.811023622047244 16.440944881889763 a
255.11811023622047 452.12598425196853 23.811023622047244 16.440944881889763 été

21.25984251968504 465.4488188976378 42.803149606299215 10.771653543307087 créée
49.889763779527556 465.4488188976378 37.98425196850393 10.771653543307087 dans
73.7007874015748 465.4488188976378 28.62992125984252 10.771653543307087 le
87.8740157480315 465.4488188976378 33.44881889763779 10.771653543307087 but
106.86614173228347 465.4488188976378 57.25984251968504 10.771653543307087 d’offrir
149.95275590551182 465.4488188976378 33.44881889763779 10.771653543307087 aux
168.9448818897638 465.4488188976378 47.62204724409449 10.771653543307087 jeunes
202.11023622047244 465.4488188976378 76.25196850393701 10.771653543307087 réalisateurs
259.37007874015745 465.4488188976378 18.992125984251967 10.771653543307087 de

21.543307086614174 475.0866141732283 44.503937007874015 13.88976377952756 moins
51.023622047244096 475.0866141732283 29.763779527559056 13.88976377952756 de
66.04724409448819 475.0866141732283 29.763779527559056 13.88976377952756 35
80.78740157480316 475.0866141732283 34.58267716535433 13.88976377952756 ans
100.62992125984252 475.0866141732283 29.763779527559056 13.88976377952756 un
115.37007874015748 475.0866141732283 44.503937007874015 13.88976377952756 champ
145.13385826771653 475.0866141732283 44.503937007874015 13.88976377952756 libre
174.89763779527559 475.0866141732283 104.03149606299213 13.88976377952756 d’expérimentation
259.0866141732283 475.0866141732283 19.84251968503937 13.88976377952756 et

21.25984251968504 483.87401574803147 28.346456692913385 12.472440944881889 de
35.43307086614173 483.87401574803147 80.78740157480316 12.472440944881889 confrontation
102.04724409448819 483.87401574803147 28.346456692913385 12.472440944881889 de
111.4015748031496 483.87401574803147 61.79527559055118 12.472440944881889 recherches.

21.543307086614174 495.496062992126 29.19685039370079 14.456692913385826 La
36.0 495.496062992126 58.110236220472444 14.456692913385826 présente
79.65354330708661 495.496062992126 62.92913385826772 14.456692913385826 sélection
128.1259842519685 495.496062992126 29.19685039370079 14.456692913385826 ne
142.58267716535434 495.496062992126 29.19685039370079 14.456692913385826 se
157.3228346456693 495.496062992126 53.29133858267716 14.456692913385826 propose
195.8740157480315 495.496062992126 34.01574803149607 14.456692913385826 pas
215.43307086614172 495.496062992126 62.92913385826772 14.456692913385826 d’établir
259.0866141732283 495.496062992126 19.275590551181104 14.456692913385826 un

20.976377952755904 507.9685039370079 92.1259842519685 10.771653543307087 échantillonnage
98.64566929133858 507.9685039370079 53.29133858267716 10.771653543307087 complet
137.48031496062993 507.9685039370079 34.01574803149607 10.771653543307087 des
156.75590551181102 507.9685039370079 58.110236220472444 10.771653543307087 diverses
200.40944881889763 507.9685039370079 63.21259842519685 10.771653543307087 tendances
248.88188976377953 507.9685039370079 29.19685039370079 10.771653543307087 de
258.8031496062992 507.9685039370079 19.275590551181104 10.771653543307087 la

21.25984251968504 517.8897637795276 54.99212598425197 10.204724409448819 création
62.36220472440945 517.8897637795276 54.99212598425197 10.204724409448819 actuelle
103.74803149606299 517.8897637795276 36.56692913385827 10.204724409448819 dans
126.70866141732283 517.8897637795276 32.031496062992126 10.204724409448819 les
145.13385826771653 517.8897637795276 64.34645669291339 10.204724409448819 différents
195.59055118110237 517.8897637795276 54.99212598425197 10.204724409448819 domaines
236.69291338582678 517.8897637795276 32.031496062992126 10.204724409448819 des
250.58267716535434 517.8897637795276 27.496062992125985 10.204724409448819 arts

20.976377952755904 528.6614173228346 27.496062992125985 12.472440944881889 du
34.58267716535433 528.6614173228346 64.34645669291339 12.472440944881889 spectacle;
85.32283464566929 528.6614173228346 36.8503937007874 12.472440944881889 mais
108.28346456692914 528.6614173228346 36.8503937007874 12.472440944881889 elle
131.24409448818898 528.6614173228346 50.74015748031496 12.472440944881889 devrait
168.09448818897638 528.6614173228346 59.811023622047244 12.472440944881889 permettre
214.29921259842519 528.6614173228346 27.496062992125985 12.472440944881889 au
223.37007874015748 528.6614173228346 55.275590551181104 12.472440944881889 spectateur

20.409448818897637 536.8818897637796 28.62992125984252 9.921259842519685 de
34.86614173228347 536.8818897637796 52.724409448818896 9.921259842519685 déceler
73.13385826771653 536.8818897637796 33.44881889763779 9.921259842519685 les
92.1259842519685 536.8818897637796 38.267716535433074 9.921259842519685 axes
115.93700787401575 536.8818897637796 62.07874015748032 9.921259842519685 originaux
163.84251968503938 536.8818897637796 28.62992125984252 9.921259842519685 de
178.29921259842519 536.8818897637796 76.53543307086615 9.921259842519685 l’expression
235.55905511811022 536.8818897637796 43.08661417322835 9.921259842519685 contem-

20.69291338582677 547.0866141732283 54.425196850393704 12.188976377952756 poraine
60.09448818897638 547.0866141732283 34.58267716535433 12.188976377952756 (du
79.93700787401575 547.0866141732283 59.52755905511811 12.188976377952756 théâtre,
124.44094488188976 547.0866141732283 29.763779527559056 12.188976377952756 de
139.46456692913387 547.0866141732283 29.763779527559056 12.188976377952756 la
154.20472440944883 547.0866141732283 49.60629921259842 12.188976377952756 danse,
189.0708661417323 547.0866141732283 29.763779527559056 12.188976377952756 de
203.81102362204723 547.0866141732283 29.763779527559056 12.188976377952756 la
218.5511811023622 547.0866141732283 59.52755905511811 12.188976377952756 musique,
258.23622047244095 547.0866141732283 19.84251968503937 12.188976377952756 du

20.409448818897637 555.8740157480315 45.354330708661415 11.338582677165354 mime,
50.74015748031496 555.8740157480315 35.43307086614173 11.338582677165354 des
70.86614173228347 555.8740157480315 85.88976377952756 11.338582677165354 marionnettes,
141.73228346456693 555.8740157480315 30.330708661417322 11.338582677165354 du
156.75590551181102 555.8740157480315 65.76377952755905 11.338582677165354 spectacle
207.49606299212599 555.8740157480315 40.53543307086614 11.338582677165354 pour
227.6220472440945 555.8740157480315 50.45669291338583 11.338582677165354 enfants)

20.125984251968504 567.2125984251968 38.267716535433074 10.771653543307087 dans
44.22047244094488 567.2125984251968 43.08661417322835 10.771653543307087 leurs
72.85039370078741 567.2125984251968 66.89763779527559 10.771653543307087 principaux
125.5748031496063 567.2125984251968 62.36220472440945 10.771653543307087 rapports:
168.66141732283464 567.2125984251968 109.98425196850394 10.771653543307087 spectacle

20.409448818897637 574.8661417322835 49.039370078740156 10.771653543307087 écriture
56.976377952755904 574.8661417322835 94.11023622047244 10.771653543307087 collective-écriture
138.89763779527559 574.8661417322835 53.00787401574803 10.771653543307087 d’auteur,
179.71653543307087 574.8661417322835 61.22834645669291 10.771653543307087 réalisation
224.78740157480314 574.8661417322835 53.00787401574803 10.771653543307087 collective-

19.559055118110237 583.9370078740158 43.08661417322835 9.921259842519685 œuvre
48.47244094488189 583.9370078740158 38.267716535433074 9.921259842519685 d’un
72.28346456692914 583.9370078740158 52.724409448818896 9.921259842519685 metteur
110.55118110236221 583.9370078740158 28.62992125984252 9.921259842519685 en
125.00787401574803 583.9370078740158 47.90551181102362 9.921259842519685 scène,
153.63779527559055 583.9370078740158 124.7244094488189 9.921259842519685 scénographie

20.125984251968504 593.5748031496063 34.01574803149607 11.05511811023622 Les
39.68503937007874 593.5748031496063 43.93700787401575 11.05511811023622 seize
68.88188976377953 593.5748031496063 68.31496062992126 11.05511811023622 spectacles
122.45669291338582 593.5748031496063 29.19685039370079 11.05511811023622 du
136.91338582677164 593.5748031496063 68.31496062992126 11.05511811023622 programme,
190.77165354330708 593.5748031496063 39.118110236220474 11.05511811023622 tous
215.1496062992126 593.5748031496063 29.19685039370079 11.05511811023622 en
224.78740157480314 593.5748031496063 53.574803149606296 11.05511811023622 création,

19.275590551181104 603.2125984251968 55.84251968503937 11.05511811023622 portent
59.811023622047244 603.2125984251968 30.614173228346456 11.05511811023622 en
75.11811023622047 603.2125984251968 66.04724409448819 11.05511811023622 eux-mêmes
125.85826771653544 603.2125984251968 81.35433070866142 11.05511811023622 suffisamment
191.90551181102362 603.2125984251968 30.614173228346456 11.05511811023622 de
207.21259842519686 603.2125984251968 55.84251968503937 11.05511811023622 risques
247.748031496063 603.2125984251968 30.614173228346456 11.05511811023622 et
257.9527559055118 603.2125984251968 20.409448818897637 11.05511811023622 de

19.84251968503937 613.7007874015748 61.511811023622045 12.188976377952756 promesses,
68.03149606299213 613.7007874015748 35.1496062992126 12.188976377952756 pour
89.85826771653544 613.7007874015748 35.1496062992126 12.188976377952756 nous
111.96850393700787 613.7007874015748 56.976377952755904 12.188976377952756 permettre
155.6220472440945 613.7007874015748 35.1496062992126 12.188976377952756 d’en
177.73228346456693 613.7007874015748 48.188976377952756 12.188976377952756 retirer
212.88188976377953 613.7007874015748 30.614173228346456 12.188976377952756 des
225.92125984251967 613.7007874015748 52.724409448818896 12.188976377952756 réflexions

19.559055118110237 622.2047244094488 27.77952755905512 11.905511811023622 et
33.44881889763779 622.2047244094488 32.59842519685039 11.905511811023622 des
51.874015748031496 622.2047244094488 65.19685039370079 11.905511811023622 impulsions
103.18110236220473 622.2047244094488 55.84251968503937 11.905511811023622 majeures
145.13385826771653 622.2047244094488 37.13385826771653 11.905511811023622 pour
168.3779527559055 622.2047244094488 41.95275590551181 11.905511811023622 l’art
191.6220472440945 622.2047244094488 69.73228346456693 11.905511811023622 contemporain.

13.606299212598426 643.7480314960629 26.362204724409448 12.472440944881889 170
