317.4803149606299 659.0551181102362
104.88188976377953 54.99212598425197 111.68503937007874 19.84251968503937 CHATILLON

91.2755905511811 72.28346456692914 36.0 20.125984251968504 Parc
113.95275590551181 72.28346456692914 58.39370078740158 20.125984251968504 Municipal
158.74015748031496 72.28346456692914 26.929133858267715 20.125984251968504 de
172.3464566929134 72.28346456692914 58.39370078740158 20.125984251968504 Châtillon
212.88188976377953 72.28346456692914 26.929133858267715 20.125984251968504 (92)

119.33858267716535 84.4724409448819 33.44881889763779 13.88976377952756 13,
138.61417322834646 84.4724409448819 33.44881889763779 13.88976377952756 rue
157.60629921259843 84.4724409448819 28.62992125984252 13.88976377952756 de
167.24409448818898 84.4724409448819 43.08661417322835 13.88976377952756 Bagneux

75.4015748031496 89.29133858267717 57.25984251968504 20.69291338582677 (autobus
118.20472440944881 89.29133858267717 33.44881889763779 20.69291338582677 194
137.48031496062993 89.29133858267717 28.62992125984252 20.69291338582677 et
151.6535433070866 89.29133858267717 37.98425196850393 20.69291338582677 195,
175.46456692913387 89.29133858267717 42.803149606299215 20.69291338582677 Porte
199.2755905511811 89.29133858267717 57.25984251968504 20.69291338582677 d’Orléans)

87.59055118110236 104.5984251968504 63.21259842519685 18.141732283464567 Exposition
137.1968503937008 104.5984251968504 27.212598425196852 18.141732283464567 du
150.8031496062992 104.5984251968504 22.677165354330707 18.141732283464567 3
159.8740157480315 104.5984251968504 27.212598425196852 18.141732283464567 au
173.48031496062993 104.5984251968504 27.212598425196852 18.141732283464567 31
187.08661417322836 104.5984251968504 49.60629921259842 18.141732283464567 octobre
218.5511811023622 104.5984251968504 27.212598425196852 18.141732283464567 1969

90.99212598425197 116.50393700787401 39.68503937007874 18.708661417322833 Tous
115.93700787401575 116.50393700787401 34.86614173228347 18.708661417322833 les
135.7795275590551 116.50393700787401 44.78740157480315 18.708661417322833 jours
165.82677165354332 116.50393700787401 29.763779527559056 18.708661417322833 de
180.56692913385828 116.50393700787401 29.763779527559056 18.708661417322833 10
195.59055118110237 116.50393700787401 24.944881889763778 18.708661417322833 h
205.51181102362204 116.50393700787401 24.944881889763778 18.708661417322833 à
215.43307086614172 116.50393700787401 29.763779527559056 18.708661417322833 19
225.35433070866142 116.50393700787401 15.023622047244094 18.708661417322833 h

72.85039370078741 128.1259842519685 65.76377952755905 17.291338582677167 Vernissage
124.7244094488189 128.1259842519685 28.346456692913385 17.291338582677167 le
138.89763779527559 128.1259842519685 56.40944881889764 17.291338582677167 vendredi
181.13385826771653 128.1259842519685 23.52755905511811 17.291338582677167 3
190.48818897637796 128.1259842519685 51.59055118110236 17.291338582677167 octobre
228.18897637795277 128.1259842519685 23.52755905511811 17.291338582677167 à
237.54330708661416 128.1259842519685 28.346456692913385 17.291338582677167 17
246.89763779527559 128.1259842519685 14.173228346456693 17.291338582677167 h

72.0 142.58267716535434 37.41732283464567 13.606299212598426 sous
95.24409448818898 142.58267716535434 28.062992125984252 13.606299212598426 la
109.13385826771653 142.58267716535434 65.19685039370079 13.606299212598426 présidence
160.44094488188978 142.58267716535434 28.062992125984252 13.606299212598426 de
174.33070866141733 142.58267716535434 28.062992125984252 13.606299212598426 M.
188.50393700787401 142.58267716535434 46.77165354330709 13.606299212598426 Lucien
216.56692913385828 142.58267716535434 46.77165354330709 13.606299212598426 Bailleux

39.68503937007874 148.53543307086613 40.25196850393701 20.409448818897637 Maire
66.61417322834646 148.53543307086613 26.929133858267715 20.409448818897637 de
79.93700787401575 148.53543307086613 62.645669291338585 20.409448818897637 Châtillon,
128.9763779527559 148.53543307086613 62.645669291338585 20.409448818897637 Conseiller
178.29921259842519 148.53543307086613 49.039370078740156 20.409448818897637 Général
214.01574803149606 148.53543307086613 31.181102362204726 20.409448818897637 des
227.33858267716536 148.53543307086613 71.43307086614173 20.409448818897637 Hauts

91.55905511811024 175.46456692913387 67.18110236220473 18.141732283464567 <b>BONJOUR
144.28346456692913 175.46456692913387 57.54330708661417 18.141732283464567 MONSIEUR
182.5511811023622 175.46456692913387 62.36220472440945 18.141732283464567 COURBET</b>

125.00787401574803 188.2204724409449 21.543307086614174 14.740157480314961 «
133.51181102362204 188.2204724409449 56.125984251968504 14.740157480314961 allégorie
172.62992125984252 188.2204724409449 38.83464566929134 14.740157480314961 réelle»

128.1259842519685 197.5748031496063 47.05511811023622 17.007874015748033 d’Alex
156.4724409448819 197.5748031496063 51.874015748031496 17.007874015748033 Mlynarcik

41.38582677165354 210.61417322834646 27.77952755905512 20.976377952755904 Le
55.275590551181104 210.61417322834646 41.669291338582674 20.976377952755904 génie
82.77165354330708 210.61417322834646 27.77952755905512 20.976377952755904 de
96.66141732283465 210.61417322834646 55.275590551181104 20.976377952755904 Courbet,
138.33070866141733 210.61417322834646 27.77952755905512 20.976377952755904 sa
152.2204724409449 210.61417322834646 55.275590551181104 20.976377952755904 capacité
193.60629921259843 210.61417322834646 22.96062992125984 20.976377952755904 à
202.96062992125985 210.61417322834646 55.275590551181104 20.976377952755904 réaliser
244.62992125984252 210.61417322834646 27.77952755905512 20.976377952755904 la
253.70078740157481 210.61417322834646 46.20472440944882 20.976377952755904 fonction

41.38582677165354 221.95275590551182 50.173228346456696 19.559055118110237 sociale
77.66929133858268 221.95275590551182 27.212598425196852 19.559055118110237 et
91.55905511811024 221.95275590551182 45.63779527559055 19.559055118110237 morale
123.30708661417323 221.95275590551182 27.212598425196852 19.559055118110237 de
136.91338582677164 221.95275590551182 63.77952755905512 19.559055118110237 l’activité
187.08661417322836 221.95275590551182 68.31496062992126 19.559055118110237 artistique,
241.51181102362204 221.95275590551182 27.212598425196852 19.559055118110237 se
250.58267716535434 221.95275590551182 50.173228346456696 19.559055118110237 concentre

41.38582677165354 231.30708661417322 28.913385826771652 19.559055118110237 et
55.84251968503937 231.30708661417322 62.645669291338585 19.559055118110237 s’éclaire
104.03149606299213 231.30708661417322 38.55118110236221 19.559055118110237 dans
127.84251968503936 231.30708661417322 33.732283464566926 19.559055118110237 une
147.11811023622047 231.30708661417322 53.00787401574803 19.559055118110237 formule
185.66929133858267 231.30708661417322 62.645669291338585 19.559055118110237 empruntée
233.85826771653544 231.30708661417322 28.913385826771652 19.559055118110237 au
243.21259842519686 231.30708661417322 57.826771653543304 19.559055118110237 sous

41.669291338582674 240.3779527559055 25.511811023622048 18.4251968503937 de
54.425196850393704 240.3779527559055 55.275590551181104 18.4251968503937 L’atelier
96.94488188976378 240.3779527559055 25.511811023622048 18.4251968503937 du
109.7007874015748 240.3779527559055 46.77165354330709 18.4251968503937 peintre
143.71653543307087 240.3779527559055 25.511811023622048 18.4251968503937 et
156.4724409448819 240.3779527559055 29.763779527559056 18.4251968503937 qui
173.48031496062993 240.3779527559055 29.763779527559056 18.4251968503937 est
190.77165354330708 240.3779527559055 38.267716535433074 18.4251968503937 celle
216.28346456692913 240.3779527559055 63.77952755905512 18.4251968503937 d’allégorie
263.0551181102362 240.3779527559055 38.267716535433074 18.4251968503937 réelle.

42.23622047244095 250.29921259842519 36.28346456692913 17.858267716535433 Nous
64.91338582677166 250.29921259842519 45.63779527559055 17.858267716535433 placer
96.94488188976378 250.29921259842519 36.28346456692913 17.858267716535433 sous
119.62204724409449 250.29921259842519 27.212598425196852 17.858267716535433 ce
133.22834645669292 250.29921259842519 45.63779527559055 17.858267716535433 signe,
164.9763779527559 250.29921259842519 45.63779527559055 17.858267716535433 encore
197.00787401574803 250.29921259842519 68.31496062992126 17.858267716535433 indéchiffré
251.43307086614172 250.29921259842519 36.28346456692913 17.858267716535433 mais
269.8582677165354 250.29921259842519 31.748031496062993 17.858267716535433 d’une

41.38582677165354 259.0866141732283 54.14173228346457 18.141732283464567 féconde
80.50393700787401 259.0866141732283 68.88188976377953 18.141732283464567 modernité,
134.64566929133858 259.0866141732283 44.22047244094488 18.141732283464567 c’est
164.1259842519685 259.0866141732283 78.80314960629921 18.141732283464567 délibérément
228.18897637795277 259.0866141732283 54.14173228346457 18.141732283464567 vouloir
262.48818897637796 259.0866141732283 39.40157480314961 18.141732283464567 rendre

41.95275590551181 268.7244094488189 57.25984251968504 19.275590551181104 hommage
83.62204724409449 268.7244094488189 26.078740157480315 19.275590551181104 à
93.8267716535433 268.7244094488189 57.25984251968504 19.275590551181104 Courbet
135.49606299212599 268.7244094488189 41.669291338582674 19.275590551181104 dans
161.5748031496063 268.7244094488189 31.181102362204726 19.275590551181104 le
177.16535433070865 268.7244094488189 57.25984251968504 19.275590551181104 présent
218.83464566929135 268.7244094488189 31.181102362204726 19.275590551181104 de
234.4251968503937 268.7244094488189 46.77165354330709 19.275590551181104 notre
265.6062992125984 268.7244094488189 36.56692913385827 19.275590551181104 vie
281.4803149606299 268.7244094488189 20.69291338582677 19.275590551181104 et

42.51968503937008 279.21259842519686 36.56692913385827 17.5748031496063 cela
65.19685039370079 279.21259842519686 45.63779527559055 17.5748031496063 suffit
97.22834645669292 279.21259842519686 22.677165354330707 17.5748031496063 à
106.2992125984252 279.21259842519686 59.24409448818898 17.5748031496063 légitimer
151.93700787401573 279.21259842519686 27.212598425196852 17.5748031496063 la
165.54330708661416 279.21259842519686 68.31496062992126 17.5748031496063 proposition
220.251968503937 279.21259842519686 45.63779527559055 17.5748031496063 d’Alex
247.46456692913387 279.21259842519686 54.70866141732284 17.5748031496063 Mlynarcik.

43.37007874015748 285.1653543307087 28.62992125984252 20.69291338582677 Il
57.826771653543304 285.1653543307087 66.61417322834646 20.69291338582677 appartient
109.98425196850394 285.1653543307087 28.62992125984252 20.69291338582677 en
124.15748031496064 285.1653543307087 42.803149606299215 20.69291338582677 effet
152.78740157480314 285.1653543307087 23.811023622047244 20.69291338582677 à
162.4251968503937 285.1653543307087 37.98425196850393 20.69291338582677 Alex
185.95275590551182 285.1653543307087 61.79527559055118 20.69291338582677 Mlynarcik
233.5748031496063 285.1653543307087 28.62992125984252 20.69291338582677 de
247.748031496063 285.1653543307087 37.98425196850393 20.69291338582677 nous
271.5590551181102 285.1653543307087 52.15748031496063 20.69291338582677 inviter
305.00787401574803 285.1653543307087 14.173228346456693 20.69291338582677 I

43.08661417322835 298.20472440944883 22.96062992125984 17.291338582677167 à
52.15748031496063 298.20472440944883 68.88188976377953 17.291338582677167 redécouvrir
107.43307086614173 298.20472440944883 27.496062992125985 17.291338582677167 la
121.32283464566929 298.20472440944883 87.30708661417323 17.291338582677167 contemporaineté
194.74015748031496 298.20472440944883 27.496062992125985 17.291338582677167 de
208.62992125984252 298.20472440944883 59.811023622047244 17.291338582677167 l’exemple
254.5511811023622 298.20472440944883 27.496062992125985 17.291338582677167 de
268.4409448818898 298.20472440944883 55.275590551181104 17.291338582677167 Courbet,
305.00787401574803 298.20472440944883 13.88976377952756 17.291338582677167 I

42.803149606299215 308.6929133858268 35.71653543307087 16.724409448818896 non
63.21259842519685 308.6929133858268 66.61417322834646 16.724409448818896 seulement
114.51968503937007 308.6929133858268 46.20472440944882 16.724409448818896 parce
145.13385826771653 308.6929133858268 46.20472440944882 16.724409448818896 qu’il
175.748031496063 308.6929133858268 66.61417322834646 16.724409448818896 s’affirme
227.0551181102362 308.6929133858268 46.20472440944882 16.724409448818896 comme
257.6692913385827 308.6929133858268 46.20472440944882 16.724409448818896 l’une
288.56692913385825 308.6929133858268 35.71653543307087 16.724409448818896 des
303.87401574803147 308.6929133858268 15.307086614173228 16.724409448818896 »

42.803149606299215 318.61417322834643 81.07086614173228 16.15748031496063 personnalités
109.41732283464567 318.61417322834643 33.44881889763779 16.15748031496063 les
128.69291338582678 318.61417322834643 37.98425196850393 16.15748031496063 plus
152.50393700787401 318.61417322834643 47.62204724409449 16.15748031496063 fortes
185.66929133858267 318.61417322834643 28.62992125984252 16.15748031496063 de
200.1259842519685 318.61417322834643 28.62992125984252 16.15748031496063 la
214.29921259842519 318.61417322834643 57.25984251968504 16.15748031496063 nouvelle
257.38582677165357 318.61417322834643 66.61417322834646 16.15748031496063 génération
305.00787401574803 318.61417322834643 14.173228346456693 16.15748031496063 »

42.803149606299215 327.11811023622045 93.54330708661418 15.590551181102363 tchécoslovaque,
121.32283464566929 327.11811023622045 39.40157480314961 15.590551181102363 mais
145.98425196850394 327.11811023622045 44.22047244094488 15.590551181102363 parce
175.46456692913387 327.11811023622045 34.2992125984252 15.590551181102363 que
195.0236220472441 327.11811023622045 44.22047244094488 15.590551181102363 toute
224.50393700787401 327.11811023622045 29.480314960629922 15.590551181102363 sa
239.5275590551181 327.11811023622045 64.06299212598425 15.590551181102363 recherche
283.748031496063 327.11811023622045 19.559055118110237 15.590551181102363 se

43.37007874015748 338.45669291338584 43.653543307086615 13.88976377952756 fonde
72.28346456692914 338.45669291338584 34.01574803149607 13.88976377952756 sur
91.84251968503936 338.45669291338584 58.110236220472444 13.88976377952756 l’espace
135.21259842519686 338.45669291338584 28.913385826771652 13.88976377952756 et
149.66929133858267 338.45669291338584 28.913385826771652 13.88976377952756 le
164.40944881889763 338.45669291338584 43.653543307086615 13.88976377952756 temps
193.3228346456693 338.45669291338584 72.56692913385827 13.88976377952756 socialement
251.43307086614172 338.45669291338584 48.47244094488189 13.88976377952756 vécus.
285.4488188976378 338.45669291338584 38.83464566929134 13.88976377952756 Pour
304.7244094488189 338.45669291338584 14.456692913385826 13.88976377952756 I

43.93700787401575 348.37795275590554 65.48031496062993 12.755905511811024 Mlynarcik,
95.24409448818898 348.37795275590554 41.95275590551181 12.755905511811024 toute
123.02362204724409 348.37795275590554 56.125984251968504 12.755905511811024 activité
165.25984251968504 348.37795275590554 65.48031496062993 12.755905511811024 artistique
216.56692913385828 348.37795275590554 37.41732283464567 12.755905511811024 doit
239.81102362204723 348.37795275590554 83.90551181102362 12.755905511811024 nécessairement
305.29133858267716 348.37795275590554 13.88976377952756 12.755905511811024 »

44.22047244094488 351.7795275590551 62.645669291338585 18.708661417322833 impliquer
92.40944881889764 351.7795275590551 72.28346456692914 18.708661417322833 aujourd’hui
150.23622047244095 351.7795275590551 28.913385826771652 18.708661417322833 la
164.69291338582678 351.7795275590551 43.37007874015748 18.708661417322833 libre
193.88976377952756 351.7795275590551 77.10236220472441 18.708661417322833 intervention
256.53543307086613 351.7795275590551 28.913385826771652 18.708661417322833 du
270.99212598425197 351.7795275590551 53.00787401574803 18.708661417322833 public,
304.7244094488189 351.7795275590551 14.456692913385826 18.708661417322833 I

43.93700787401575 364.251968503937 57.826771653543304 14.740157480314961 ébranler
87.30708661417323 364.251968503937 28.913385826771652 14.740157480314961 en
101.76377952755905 364.251968503937 38.55118110236221 14.740157480314961 nous
126.14173228346456 364.251968503937 33.732283464566926 14.740157480314961 les
145.41732283464566 364.251968503937 48.188976377952756 14.740157480314961 forces
179.1496062992126 364.251968503937 28.913385826771652 14.740157480314961 de
193.60629921259843 364.251968503937 82.20472440944881 14.740157480314961 l’imaginaire,
261.3543307086614 364.251968503937 48.188976377952756 14.740157480314961 mettre
295.0866141732283 364.251968503937 28.913385826771652 14.740157480314961 au
304.7244094488189 364.251968503937 14.456692913385826 14.740157480314961 I

43.653543307086615 371.0551181102362 38.55118110236221 19.84251968503937 jour
67.74803149606299 371.0551181102362 33.732283464566926 19.84251968503937 nos
87.02362204724409 371.0551181102362 62.645669291338585 19.84251968503937 écritures
135.49606299212599 371.0551181102362 91.84251968503936 19.84251968503937 obsessionnelles
212.5984251968504 371.0551181102362 33.732283464566926 19.84251968503937 par
231.8740157480315 371.0551181102362 67.74803149606299 19.84251968503937 lesquelles
285.1653543307087 371.0551181102362 38.55118110236221 19.84251968503937 nous
304.4409448818898 371.0551181102362 14.456692913385826 19.84251968503937 I

44.503937007874015 385.2283464566929 46.488188976377955 13.039370078740157 fixons
77.10236220472441 385.2283464566929 41.95275590551181 13.039370078740157 notre
104.88188976377953 385.2283464566929 55.84251968503937 13.039370078740157 présence
146.83464566929135 385.2283464566929 28.062992125984252 13.039370078740157 au
160.7244094488189 385.2283464566929 46.488188976377955 13.039370078740157 monde.
193.3228346456693 385.2283464566929 37.13385826771653 13.039370078740157 Elle
216.8503937007874 385.2283464566929 37.13385826771653 13.039370078740157 doit
240.09448818897638 385.2283464566929 46.488188976377955 13.039370078740157 tendre
272.6929133858268 385.2283464566929 23.244094488188978 13.039370078740157 à
282.0472440944882 385.2283464566929 41.95275590551181 13.039370078740157 révé¬
305.29133858267716 385.2283464566929 13.88976377952756 13.039370078740157 »

45.354330708661415 390.8976377952756 30.330708661417322 16.724409448818896 ler
62.645669291338585 390.8976377952756 26.078740157480315 16.724409448818896 et
75.68503937007874 390.8976377952756 65.19685039370079 16.724409448818896 enregistrer
127.84251968503936 390.8976377952756 30.330708661417322 16.724409448818896 les
145.13385826771653 390.8976377952756 43.37007874015748 16.724409448818896 effets
175.748031496063 390.8976377952756 39.118110236220474 16.724409448818896 d’une
201.82677165354332 390.8976377952756 47.90551181102362 16.724409448818896 réalité
236.69291338582678 390.8976377952756 69.44881889763779 16.724409448818896 sociologique
293.1023622047244 390.8976377952756 30.330708661417322 16.724409448818896 par
306.1417322834646 390.8976377952756 13.039370078740157 16.724409448818896 »

44.503937007874015 402.5196850393701 32.31496062992126 15.023622047244094 la
60.661417322834644 402.5196850393701 91.55905511811024 15.023622047244094 manifestation
136.06299212598427 402.5196850393701 75.4015748031496 15.023622047244094 permanente
195.0236220472441 402.5196850393701 32.31496062992126 15.023622047244094 et
211.1811023622047 402.5196850393701 59.24409448818898 15.023622047244094 anonyme
254.26771653543307 402.5196850393701 32.31496062992126 15.023622047244094 de
270.4251968503937 402.5196850393701 53.85826771653543 15.023622047244094 chacun
302.74015748031496 402.5196850393701 16.15748031496063 15.023622047244094 I

31.46456692913386 415.2755905511811 197.5748031496063 13.32283464566929 d’entre
175.1811023622047 415.2755905511811 161.85826771653544 13.32283464566929 nous.
265.03937007874015 415.2755905511811 53.85826771653543 13.32283464566929 1

44.503937007874015 424.9133858267717 45.07086614173228 17.858267716535433 Conçu
74.55118110236221 424.9133858267717 30.04724409448819 17.858267716535433 en
89.5748031496063 424.9133858267717 54.99212598425197 17.858267716535433 manière
129.54330708661416 424.9133858267717 74.83464566929133 17.858267716535433 d’allégorie
189.35433070866142 424.9133858267717 54.99212598425197 17.858267716535433 réelle,
229.3228346456693 424.9133858267717 30.04724409448819 17.858267716535433 le
244.3464566929134 424.9133858267717 54.99212598425197 17.858267716535433 Bonjour
284.31496062992125 424.9133858267717 39.968503937007874 17.858267716535433 Mon¬
304.15748031496065 424.9133858267717 15.023622047244094 17.858267716535433 I

45.354330708661415 435.68503937007875 41.38582677165354 17.007874015748033 sieur
72.85039370078741 435.68503937007875 50.45669291338583 17.007874015748033 Courbet
109.7007874015748 435.68503937007875 50.45669291338583 17.007874015748033 imaginé
146.26771653543307 435.68503937007875 32.031496062992126 17.007874015748033 par
164.69291338582678 435.68503937007875 59.811023622047244 17.007874015748033 Mlynarcik
210.61417322834646 435.68503937007875 41.38582677165354 17.007874015748033 prend
238.11023622047244 435.68503937007875 32.031496062992126 17.007874015748033 les
252.0 435.68503937007875 54.99212598425197 17.007874015748033 apparences

45.07086614173228 445.3228346456693 77.10236220472441 18.141732283464567 matérielles
106.86614173228347 445.3228346456693 46.20472440944882 18.141732283464567 d’une
137.48031496062993 445.3228346456693 56.69291338582677 18.141732283464567 baraque
178.86614173228347 445.3228346456693 41.10236220472441 18.141732283464567 dans
204.3779527559055 445.3228346456693 30.89763779527559 18.141732283464567 un
219.96850393700788 445.3228346456693 46.20472440944882 18.141732283464567 parc:
250.58267716535434 445.3228346456693 30.89763779527559 18.141732283464567 la
261.07086614173227 445.3228346456693 46.20472440944882 18.141732283464567 baraque

45.63779527559055 454.3937007874016 57.54330708661417 16.15748031496063 rappelle
88.7244094488189 454.3937007874016 47.90551181102362 16.15748031496063 celles
122.45669291338582 454.3937007874016 33.732283464566926 16.15748031496063 que
141.73228346456693 454.3937007874016 33.732283464566926 16.15748031496063 fit
160.7244094488189 454.3937007874016 67.18110236220473 16.15748031496063 construire
213.73228346456693 454.3937007874016 57.54330708661417 16.15748031496063 Courbet,
256.81889763779526 454.3937007874016 28.913385826771652 16.15748031496063 en
271.2755905511811 454.3937007874016 38.267716535433074 16.15748031496063 1855
295.0866141732283 454.3937007874016 28.913385826771652 16.15748031496063 et
304.7244094488189 454.3937007874016 14.456692913385826 16.15748031496063 I

45.92125984251968 466.5826771653543 43.93700787401575 14.456692913385826 1867,
75.11811023622047 466.5826771653543 39.118110236220474 14.456692913385826 pour
99.49606299212599 466.5826771653543 24.37795275590551 14.456692913385826 y
109.41732283464567 466.5826771653543 53.574803149606296 14.456692913385826 montrer
148.251968503937 466.5826771653543 34.2992125984252 14.456692913385826 ses
167.81102362204723 466.5826771653543 58.67716535433071 14.456692913385826 tableaux
211.748031496063 466.5826771653543 53.574803149606296 14.456692913385826 refusés
250.86614173228347 466.5826771653543 34.2992125984252 14.456692913385826 par
270.4251968503937 466.5826771653543 29.19685039370079 14.456692913385826 le
284.88188976377955 466.5826771653543 39.118110236220474 14.456692913385826 jury
304.4409448818898 466.5826771653543 14.740157480314961 14.456692913385826 1

45.92125984251968 474.8031496062992 28.62992125984252 15.874015748031496 de
60.37795275590551 474.8031496062992 76.81889763779527 15.874015748031496 l’Exposition
122.74015748031496 474.8031496062992 76.81889763779527 15.874015748031496 universelle;
185.10236220472441 474.8031496062992 28.62992125984252 15.874015748031496 le
199.2755905511811 474.8031496062992 38.267716535433074 15.874015748031496 parc
223.37007874015748 474.8031496062992 43.08661417322835 15.874015748031496 offre
252.0 474.8031496062992 28.62992125984252 15.874015748031496 un
266.45669291338584 474.8031496062992 43.08661417322835 15.874015748031496 choix
295.0866141732283 474.8031496062992 28.62992125984252 15.874015748031496 de
304.7244094488189 474.8031496062992 14.456692913385826 15.874015748031496 »

46.488188976377955 481.3228346456693 65.76377952755905 17.007874015748033 références
98.36220472440945 481.3228346456693 56.40944881889764 17.007874015748033 directes
140.5984251968504 481.3228346456693 23.52755905511811 17.007874015748033 à
149.95275590551182 481.3228346456693 28.062992125984252 17.007874015748033 la
163.84251968503938 481.3228346456693 51.59055118110236 17.007874015748033 nature.
201.54330708661416 481.3228346456693 28.062992125984252 17.007874015748033 Le
215.71653543307087 481.3228346456693 47.05511811023622 17.007874015748033 chemin
248.5984251968504 481.3228346456693 32.881889763779526 17.007874015748033 qui
267.3070866141732 481.3228346456693 56.40944881889764 17.007874015748033 traverse
304.7244094488189 481.3228346456693 14.173228346456693 17.007874015748033 I

47.338582677165356 494.0787401574803 28.62992125984252 13.606299212598426 la
61.79527559055118 494.0787401574803 52.44094488188976 13.606299212598426 baraque
99.77952755905511 494.0787401574803 33.44881889763779 13.606299212598426 est
118.77165354330708 494.0787401574803 42.803149606299215 13.606299212598426 celui
147.4015748031496 494.0787401574803 28.62992125984252 13.606299212598426 de
161.85826771653544 494.0787401574803 28.62992125984252 13.606299212598426 La
176.03149606299212 494.0787401574803 66.89763779527559 13.606299212598426 rencontre,
228.4724409448819 494.0787401574803 38.267716535433074 13.606299212598426 plus
252.56692913385828 494.0787401574803 47.62204724409449 13.606299212598426 connue
285.73228346456693 494.0787401574803 38.267716535433074 13.606299212598426 sous
305.00787401574803 494.0787401574803 14.173228346456693 13.606299212598426 I

48.188976377952756 503.7165354330709 28.062992125984252 14.173228346456693 le
62.07874015748032 503.7165354330709 41.95275590551181 14.173228346456693 titre
90.14173228346456 503.7165354330709 28.062992125984252 14.173228346456693 de
104.03149606299213 503.7165354330709 51.30708661417323 14.173228346456693 Bonjour
141.4488188976378 503.7165354330709 56.125984251968504 14.173228346456693 Monsieur
183.68503937007873 503.7165354330709 56.125984251968504 14.173228346456693 Courbet,
225.63779527559055 503.7165354330709 32.59842519685039 14.173228346456693 qui
244.3464566929134 503.7165354330709 51.30708661417323 14.173228346456693 légende
281.76377952755905 503.7165354330709 41.95275590551181 14.173228346456693 cette
305.29133858267716 503.7165354330709 13.88976377952756 14.173228346456693 »

47.338582677165356 509.9527559055118 42.803149606299215 16.15748031496063 autre
75.96850393700787 509.9527559055118 62.07874015748032 16.15748031496063 allégorie
123.59055118110236 509.9527559055118 47.62204724409449 16.15748031496063 réelle
157.03937007874015 509.9527559055118 47.62204724409449 16.15748031496063 peinte
190.48818897637796 509.9527559055118 38.267716535433074 16.15748031496063 pour
214.29921259842519 509.9527559055118 52.44094488188976 16.15748031496063 sceller
252.56692913385828 509.9527559055118 33.44881889763779 16.15748031496063 une
271.5590551181102 509.9527559055118 52.44094488188976 16.15748031496063 amitié.
305.00787401574803 509.9527559055118 14.173228346456693 16.15748031496063 I

47.90551181102362 520.1574803149606 37.98425196850393 14.740157480314961 Mais
71.71653543307086 520.1574803149606 28.62992125984252 14.740157480314961 le
86.1732283464567 520.1574803149606 71.43307086614173 14.740157480314961 cheminement
143.1496062992126 520.1574803149606 33.44881889763779 14.740157480314961 que
162.14173228346456 520.1574803149606 37.98425196850393 14.740157480314961 nous
185.95275590551182 520.1574803149606 47.62204724409449 14.740157480314961 sommes
219.4015748031496 520.1574803149606 52.44094488188976 14.740157480314961 invités
257.38582677165357 520.1574803149606 23.811023622047244 14.740157480314961 à
266.74015748031496 520.1574803149606 56.976377952755904 14.740157480314961 refaire,
305.00787401574803 520.1574803149606 14.173228346456693 14.740157480314961 I

48.188976377952756 528.6614173228346 37.98425196850393 17.007874015748033 pour
72.0 528.6614173228346 47.62204724409449 17.007874015748033 saluer
105.16535433070867 528.6614173228346 23.811023622047244 17.007874015748033 à
114.80314960629921 528.6614173228346 52.15748031496063 17.007874015748033 nouveau
152.78740157480314 528.6614173228346 56.976377952755904 17.007874015748033 Courbet,
195.59055118110237 528.6614173228346 56.976377952755904 17.007874015748033 comporte
238.39370078740157 528.6614173228346 37.98425196850393 17.007874015748033 deux
262.20472440944883 528.6614173228346 61.79527559055118 17.007874015748033 séquences
305.00787401574803 528.6614173228346 14.173228346456693 17.007874015748033 »

47.62204724409449 541.1338582677165 85.60629921259843 13.039370078740157 différenciées
118.20472440944881 541.1338582677165 30.04724409448819 13.039370078740157 au
133.22834645669292 541.1338582677165 50.173228346456696 13.039370078740157 double
168.3779527559055 541.1338582677165 40.25196850393701 13.039370078740157 plan
193.60629921259843 541.1338582677165 35.1496062992126 13.039370078740157 des
213.73228346456693 541.1338582677165 65.48031496062993 13.039370078740157 matériaux
263.90551181102364 541.1338582677165 30.04724409448819 13.039370078740157 et
278.92913385826773 541.1338582677165 30.04724409448819 13.039370078740157 de
293.9527559055118 541.1338582677165 30.04724409448819 13.039370078740157 la
304.15748031496065 541.1338582677165 15.023622047244094 13.039370078740157 I

48.188976377952756 552.4724409448819 78.23622047244095 12.188976377952756 symbolique.
110.55118110236221 552.4724409448819 41.669291338582674 12.188976377952756 Dans
136.62992125984252 552.4724409448819 31.181102362204726 12.188976377952756 un
152.2204724409449 552.4724409448819 57.25984251968504 12.188976377952756 premier
194.17322834645668 552.4724409448819 47.05511811023622 12.188976377952756 temps
225.35433070866142 552.4724409448819 31.181102362204726 12.188976377952756 il
240.9448818897638 552.4724409448819 36.56692913385827 12.188976377952756 est
261.9212598425197 552.4724409448819 41.669291338582674 12.188976377952756 fait
288.0 552.4724409448819 36.56692913385827 12.188976377952756 des
303.59055118110234 552.4724409448819 15.590551181102363 12.188976377952756 r

49.32283464566929 558.7086614173228 51.30708661417323 15.307086614173228 pierres
86.45669291338582 558.7086614173228 32.59842519685039 15.307086614173228 des
105.16535433070867 558.7086614173228 55.84251968503937 15.307086614173228 Casseurs
146.83464566929135 558.7086614173228 28.062992125984252 15.307086614173228 de
161.00787401574803 558.7086614173228 55.84251968503937 15.307086614173228 pierres,
202.6771653543307 558.7086614173228 37.13385826771653 15.307086614173228 dans
226.20472440944883 558.7086614173228 28.062992125984252 15.307086614173228 un
240.09448818897638 558.7086614173228 55.84251968503937 15.307086614173228 deuxième
282.0472440944882 558.7086614173228 41.95275590551181 15.307086614173228 temps
305.29133858267716 558.7086614173228 13.88976377952756 15.307086614173228 I

48.47244094488189 569.1968503937007 30.614173228346456 12.755905511811024 du
63.77952755905512 569.1968503937007 35.71653543307087 12.755905511811024 blé
84.18897637795276 569.1968503937007 35.71653543307087 12.755905511811024 des
104.5984251968504 569.1968503937007 71.43307086614173 12.755905511811024 Cribleuses
160.7244094488189 569.1968503937007 30.614173228346456 12.755905511811024 de
176.03149606299212 569.1968503937007 40.818897637795274 12.755905511811024 blé.
201.82677165354332 569.1968503937007 30.614173228346456 12.755905511811024 Un
217.13385826771653 569.1968503937007 61.22834645669291 12.755905511811024 panneau,
263.0551181102362 569.1968503937007 56.125984251968504 12.755905511811024 destiné
303.87401574803147 569.1968503937007 25.511811023622048 12.755905511811024 à

49.039370078740156 575.4330708661417 57.826771653543304 15.590551181102363 recevoir
92.40944881889764 575.4330708661417 28.913385826771652 15.590551181102363 la
106.86614173228347 575.4330708661417 43.37007874015748 15.590551181102363 trace
135.7795275590551 575.4330708661417 28.913385826771652 15.590551181102363 de
150.23622047244095 575.4330708661417 43.37007874015748 15.590551181102363 notre
179.1496062992126 575.4330708661417 62.645669291338585 15.590551181102363 existence
227.6220472440945 575.4330708661417 38.55118110236221 15.590551181102363 sous
251.71653543307087 575.4330708661417 28.913385826771652 15.590551181102363 la
266.1732283464567 575.4330708661417 43.37007874015748 15.590551181102363 forme
295.0866141732283 575.4330708661417 28.913385826771652 15.590551181102363 de
304.7244094488189 575.4330708661417 14.456692913385826 15.590551181102363 I

49.32283464566929 584.503937007874 60.37795275590551 17.007874015748033 graffiti,
95.81102362204724 584.503937007874 69.73228346456693 17.007874015748033 matérialise
151.6535433070866 584.503937007874 28.062992125984252 17.007874015748033 la
165.54330708661416 584.503937007874 41.95275590551181 17.007874015748033 ligne
193.60629921259843 584.503937007874 28.062992125984252 17.007874015748033 de
207.49606299212599 584.503937007874 69.73228346456693 17.007874015748033 démarcation
263.33858267716533 584.503937007874 41.95275590551181 17.007874015748033 entre
291.11811023622045 584.503937007874 32.59842519685039 17.007874015748033 les
305.29133858267716 584.503937007874 13.88976377952756 17.007874015748033 I

49.889763779527556 599.5275590551181 48.47244094488189 11.05511811023622 pierres
85.32283464566929 599.5275590551181 26.362204724409448 11.05511811023622 et
98.64566929133858 599.5275590551181 26.362204724409448 11.05511811023622 le
111.68503937007874 599.5275590551181 35.43307086614173 11.05511811023622 blé.
133.79527559055117 599.5275590551181 44.22047244094488 11.05511811023622 Dressé
164.69291338582678 599.5275590551181 44.22047244094488 11.05511811023622 devant
195.59055118110237 599.5275590551181 39.68503937007874 11.05511811023622 nous,
222.23622047244095 599.5275590551181 26.362204724409448 11.05511811023622 il
235.2755905511811 599.5275590551181 48.47244094488189 11.05511811023622 devient
270.70866141732284 599.5275590551181 26.362204724409448 11.05511811023622 le
283.748031496063 599.5275590551181 39.68503937007874 11.05511811023622 simu¬
305.8582677165354 599.5275590551181 13.32283464566929 11.05511811023622 I

50.173228346456696 604.9133858267717 42.51968503937008 15.023622047244094 lacre
78.51968503937007 604.9133858267717 37.7007874015748 15.023622047244094 d’un
102.33070866141732 604.9133858267717 33.16535433070866 15.023622047244094 mur
121.03937007874016 604.9133858267717 42.51968503937008 15.023622047244094 livré
149.38582677165354 604.9133858267717 23.52755905511811 15.023622047244094 à
159.0236220472441 604.9133858267717 80.22047244094489 15.023622047244094 l’inscription
225.0708661417323 604.9133858267717 28.346456692913385 15.023622047244094 de
239.24409448818898 604.9133858267717 33.16535433070866 15.023622047244094 nos
257.9527559055118 604.9133858267717 47.338582677165356 15.023622047244094 idées,
286.2992125984252 604.9133858267717 33.16535433070866 15.023622047244094 mur

49.32283464566929 613.7007874015748 71.14960629921259 21.25984251968504 manifeste,
105.44881889763779 613.7007874015748 66.33070866141732 21.25984251968504 solidaire
156.18897637795277 613.7007874015748 30.614173228346456 21.25984251968504 de
171.49606299212599 613.7007874015748 30.614173228346456 21.25984251968504 ce
186.8031496062992 613.7007874015748 35.71653543307087 21.25984251968504 mur
207.21259842519686 613.7007874015748 30.614173228346456 21.25984251968504 du
222.51968503937007 613.7007874015748 86.45669291338582 21.25984251968504 Père-Lachaise
293.6692913385827 613.7007874015748 30.614173228346456 21.25984251968504 où
303.87401574803147 613.7007874015748 15.307086614173228 21.25984251968504 p
