301.03937007874015 669.2598425196851
-1.984251968503937 22.393700787401574 79.08661417322834 18.4251968503937 FRANCE

38.83464566929134 60.37795275590551 49.889763779527556 17.291338582677167 Milvia
77.38582677165354 60.37795275590551 65.19685039370079 17.291338582677167 MAGLIONE
130.96062992125985 60.37795275590551 26.929133858267715 17.291338582677167 née
146.26771653543307 60.37795275590551 22.96062992125984 17.291338582677167 en
157.60629921259843 60.37795275590551 30.614173228346456 17.291338582677167 1934
176.88188976377953 60.37795275590551 19.275590551181104 17.291338582677167 à
184.53543307086613 60.37795275590551 30.614173228346456 17.291338582677167 Bari
203.5275590551181 60.37795275590551 49.889763779527556 17.291338582677167 (Italie).
238.11023622047244 60.37795275590551 38.267716535433074 17.291338582677167 Peintre.

37.13385826771653 76.25196850393701 61.511811023622045 18.141732283464567 Wiennie
85.60629921259843 76.25196850393701 61.511811023622045 18.141732283464567 WOWOR
134.07874015748033 76.25196850393701 26.362204724409448 18.141732283464567 né
147.11811023622047 76.25196850393701 26.362204724409448 18.141732283464567 en
160.44094488188978 76.25196850393701 35.1496062992126 18.141732283464567 1936
182.26771653543307 76.25196850393701 22.11023622047244 18.141732283464567 à
191.0551181102362 76.25196850393701 26.362204724409448 18.141732283464567 La
204.3779527559055 76.25196850393701 35.1496062992126 18.141732283464567 Haye
221.95275590551182 76.25196850393701 52.724409448818896 18.141732283464567 (Pays

32.031496062992126 85.32283464566929 67.74803149606299 14.456692913385826 Sonorisation.

22.96062992125984 110.55118110236221 39.40157480314961 19.275590551181104 34
49.039370078740156 110.55118110236221 56.976377952755904 19.275590551181104 SPECTACLE
92.97637795275591 110.55118110236221 105.16535433070867 19.275590551181104 LUMINO-CINETIQUE
184.8188976377953 110.55118110236221 70.01574803149606 19.275590551181104 (réalisation
241.51181102362204 110.55118110236221 21.826771653543307 19.275590551181104 à
246.04724409448818 110.55118110236221 30.614173228346456 19.275590551181104 gran

31.46456692913386 121.88976377952756 36.28346456692913 12.755905511811024 deur).

37.13385826771653 136.06299212598427 39.968503937007874 18.141732283464567 Cette
63.77952755905512 136.06299212598427 57.54330708661417 18.141732283464567 recherche
108.0 136.06299212598427 22.11023622047244 18.141732283464567 a
117.07086614173228 136.06299212598427 35.43307086614173 18.141732283464567 pour
139.1811023622047 136.06299212598427 39.968503937007874 18.141732283464567 objet
165.54330708661416 136.06299212598427 26.64566929133858 18.141732283464567 de
178.86614173228347 136.06299212598427 57.54330708661417 18.141732283464567 provoquer
223.37007874015748 136.06299212598427 26.64566929133858 18.141732283464567 le
232.15748031496062 136.06299212598427 44.22047244094488 18.141732283464567 visiteur

36.8503937007874 149.10236220472441 31.46456692913386 11.905511811023622 par
54.99212598425197 149.10236220472441 27.212598425196852 11.905511811023622 un
68.5984251968504 149.10236220472441 58.67716535433071 11.905511811023622 spectacle
113.66929133858268 149.10236220472441 63.21259842519685 11.905511811023622 inhabituel
163.2755905511811 149.10236220472441 36.0 11.905511811023622 mais
185.95275590551182 149.10236220472441 36.0 11.905511811023622 dont
208.3464566929134 149.10236220472441 27.212598425196852 11.905511811023622 il
221.95275590551182 149.10236220472441 22.677165354330707 11.905511811023622 a
231.0236220472441 149.10236220472441 31.46456692913386 11.905511811023622 une
244.62992125984252 149.10236220472441 31.46456692913386 11.905511811023622 expé-

36.56692913385827 159.59055118110237 47.05511811023622 15.307086614173228 rience
69.44881889763779 159.59055118110237 65.76377952755905 15.307086614173228 intuitive,
121.32283464566929 159.59055118110237 23.52755905511811 15.307086614173228 à
130.6771653543307 159.59055118110237 32.881889763779526 15.307086614173228 des
149.38582677165354 159.59055118110237 51.59055118110236 15.307086614173228 niveaux
186.8031496062992 159.59055118110237 28.062992125984252 15.307086614173228 de
200.9763779527559 159.59055118110237 65.76377952755905 15.307086614173228 conscience
248.03149606299212 159.59055118110237 28.062992125984252 15.307086614173228 dif

32.031496062992126 166.39370078740157 43.653543307086615 12.188976377952756 férents.

36.8503937007874 178.29921259842519 25.511811023622048 16.440944881889763 La
49.60629921259842 178.29921259842519 46.77165354330709 16.440944881889763 lumière
83.62204724409449 178.29921259842519 46.77165354330709 16.440944881889763 solaire
117.92125984251969 178.29921259842519 25.511811023622048 16.440944881889763 du
130.6771653543307 178.29921259842519 42.51968503937008 16.440944881889763 levant
160.44094488188978 178.29921259842519 25.511811023622048 16.440944881889763 au
173.1968503937008 178.29921259842519 55.275590551181104 16.440944881889763 couchant,
215.71653543307087 178.29921259842519 25.511811023622048 16.440944881889763 la
224.50393700787401 178.29921259842519 51.023622047244096 16.440944881889763 coloration

34.86614173228347 189.0708661417323 53.574803149606296 14.173228346456693 végétale
75.11811023622047 189.0708661417323 26.64566929133858 14.173228346456693 du
88.44094488188976 189.0708661417323 58.110236220472444 14.173228346456693 printemps
132.9448818897638 189.0708661417323 22.393700787401574 14.173228346456693 à
142.01574803149606 189.0708661417323 49.039370078740156 14.173228346456693 l’hiver
177.73228346456693 189.0708661417323 35.71653543307087 14.173228346456693 sont
199.84251968503938 189.0708661417323 44.503937007874015 14.173228346456693 autant
231.30708661417322 189.0708661417323 26.64566929133858 14.173228346456693 de
240.09448818897638 189.0708661417323 35.71653543307087 14.173228346456693 lentes

34.86614173228347 198.70866141732284 66.04724409448819 12.472440944881889 variations
86.74015748031496 198.70866141732284 75.4015748031496 12.472440944881889 chromatiques
148.251968503937 198.70866141732284 32.881889763779526 12.472440944881889 que
166.96062992125985 198.70866141732284 37.7007874015748 12.472440944881889 nous
190.48818897637796 198.70866141732284 61.22834645669291 12.472440944881889 subissons
233.00787401574803 198.70866141732284 42.51968503937008 12.472440944881889 incons-

35.1496062992126 209.76377952755905 57.826771653543304 12.755905511811024 ciemment
78.51968503937007 209.76377952755905 28.913385826771652 12.755905511811024 et
92.97637795275591 209.76377952755905 33.732283464566926 12.755905511811024 qui
111.96850393700787 209.76377952755905 57.826771653543304 12.755905511811024 viennent
155.33858267716536 209.76377952755905 53.00787401574803 12.755905511811024 moduler
193.88976377952756 209.76377952755905 43.37007874015748 12.755905511811024 notre
217.70078740157481 209.76377952755905 57.826771653543304 12.755905511811024 perception

36.0 218.83464566929135 50.45669291338583 15.590551181102363 visuelle
73.98425196850394 218.83464566929135 25.228346456692915 15.590551181102363 de
86.45669291338582 218.83464566929135 25.228346456692915 15.590551181102363 la
99.21259842519684 218.83464566929135 29.480314960629922 15.590551181102363 vie
115.93700787401575 218.83464566929135 50.45669291338583 15.590551181102363 moderne,
153.92125984251967 218.83464566929135 29.480314960629922 15.590551181102363 et,
170.64566929133858 218.83464566929135 33.732283464566926 15.590551181102363 avec
191.6220472440945 218.83464566929135 37.98425196850393 15.590551181102363 elle,
212.5984251968504 218.83464566929135 63.21259842519685 15.590551181102363 impressionner

35.71653543307087 226.48818897637796 39.118110236220474 13.039370078740157 notre
57.25984251968504 226.48818897637796 30.614173228346456 13.039370078740157 être.

34.86614173228347 236.9763779527559 38.55118110236221 14.740157480314961 Sans
58.960629921259844 236.9763779527559 57.826771653543304 14.740157480314961 chercher
102.33070866141732 236.9763779527559 24.094488188976378 14.740157480314961 à
111.96850393700787 236.9763779527559 62.645669291338585 14.740157480314961 discerner
159.8740157480315 236.9763779527559 33.732283464566926 14.740157480314961 les
179.1496062992126 236.9763779527559 53.00787401574803 14.740157480314961 charges
212.88188976377953 236.9763779527559 62.645669291338585 14.740157480314961 symboliques

35.43307086614173 248.5984251968504 56.69291338582677 11.905511811023622 profondes
78.80314960629921 248.5984251968504 30.614173228346456 11.905511811023622 des
96.37795275590551 248.5984251968504 56.69291338582677 11.905511811023622 ambiances
140.03149606299212 248.5984251968504 56.69291338582677 11.905511811023622 colorées,
183.68503937007873 248.5984251968504 39.40157480314961 11.905511811023622 c’est
209.76377952755905 248.5984251968504 34.86614173228347 11.905511811023622 leur
227.33858267716536 248.5984251968504 47.90551181102362 11.905511811023622 influence

34.58267716535433 260.2204724409449 68.88188976377953 9.921259842519685 successive
88.44094488188976 260.2204724409449 29.480314960629922 9.921259842519685 ou
103.18110236220473 260.2204724409449 68.88188976377953 9.921259842519685 simultanée
157.3228346456693 260.2204724409449 34.2992125984252 9.921259842519685 qui
176.88188976377953 260.2204724409449 49.039370078740156 9.921259842519685 frappe
211.46456692913387 260.2204724409449 63.77952755905512 9.921259842519685 davantage
255.68503937007873 260.2204724409449 19.559055118110237 9.921259842519685 la

35.1496062992126 269.5748031496063 66.33070866141732 9.921259842519685 sensibilité.
89.00787401574803 269.5748031496063 37.41732283464567 9.921259842519685 Ainsi
113.95275590551181 269.5748031496063 53.85826771653543 9.921259842519685 peut-elle
155.33858267716536 269.5748031496063 41.38582677165354 9.921259842519685 relier
184.251968503937 269.5748031496063 28.913385826771652 9.921259842519685 les
200.9763779527559 269.5748031496063 41.38582677165354 9.921259842519685 lentes
225.92125984251967 269.5748031496063 49.60629921259842 9.921259842519685 variations

34.86614173228347 277.2283464566929 64.34645669291339 13.606299212598426 biologiques
86.1732283464567 277.2283464566929 25.79527559055118 13.606299212598426 et
99.21259842519684 277.2283464566929 64.34645669291339 13.606299212598426 naturelles,
150.51968503937007 277.2283464566929 30.04724409448819 13.606299212598426 aux
167.81102362204723 277.2283464566929 38.55118110236221 13.606299212598426 chocs
193.60629921259843 277.2283464566929 47.05511811023622 13.606299212598426 visuels
223.37007874015748 277.2283464566929 51.59055118110236 13.606299212598426 quotidiens

34.58267716535433 286.5826771653543 27.212598425196852 13.039370078740157 de
48.188976377952756 286.5826771653543 40.818897637795274 13.039370078740157 notre
75.4015748031496 286.5826771653543 77.10236220472441 13.039370078740157 environnement
138.89763779527559 286.5826771653543 68.03149606299213 13.039370078740157 artificiel.
193.60629921259843 286.5826771653543 36.28346456692913 13.039370078740157 Nous
216.28346456692913 286.5826771653543 58.960629921259844 13.039370078740157 proposons
257.1023622047244 286.5826771653543 18.141732283464567 13.039370078740157 un

34.2992125984252 296.503937007874 60.37795275590551 10.488188976377952 graphisme
80.78740157480316 296.503937007874 46.488188976377955 10.488188976377952 formel
113.10236220472441 296.503937007874 55.84251968503937 10.488188976377952 évolutif
155.0551181102362 296.503937007874 32.59842519685039 10.488188976377952 sur
173.48031496062993 296.503937007874 46.488188976377955 10.488188976377952 lequel
206.07874015748033 296.503937007874 55.84251968503937 10.488188976377952 viennent
243.21259842519686 296.503937007874 32.59842519685039 10.488188976377952 s’im-

34.86614173228347 306.4251968503937 45.354330708661415 10.488188976377952 primer
66.61417322834646 306.4251968503937 27.212598425196852 10.488188976377952 de
80.22047244094489 306.4251968503937 36.28346456692913 10.488188976377952 très
102.89763779527559 306.4251968503937 45.354330708661415 10.488188976377952 lentes
134.64566929133858 306.4251968503937 27.212598425196852 10.488188976377952 et
148.251968503937 306.4251968503937 36.28346456692913 10.488188976377952 très
171.21259842519686 306.4251968503937 54.425196850393704 10.488188976377952 subtiles
212.03149606299212 306.4251968503937 63.496062992125985 10.488188976377952 variations
257.38582677165357 306.4251968503937 18.141732283464567 10.488188976377952 de

33.16535433070866 315.7795275590551 54.425196850393704 10.771653543307087 teinte,
72.56692913385827 315.7795275590551 39.68503937007874 10.771653543307087 avec
97.22834645669292 315.7795275590551 34.58267716535433 10.771653543307087 des
117.07086614173228 315.7795275590551 83.90551181102362 10.771653543307087 renversements
186.23622047244095 315.7795275590551 29.763779527559056 10.771653543307087 et
200.9763779527559 315.7795275590551 34.58267716535433 10.771653543307087 des
216.0 315.7795275590551 59.24409448818898 10.771653543307087 inversions

34.01574803149607 325.98425196850394 72.85039370078741 9.070866141732283 chromatiques
93.25984251968504 325.98425196850394 59.24409448818898 9.070866141732283 soudaines
138.61417322834646 325.98425196850394 41.10236220472441 9.070866141732283 grâce
166.11023622047244 325.98425196850394 22.677165354330707 9.070866141732283 à
175.1811023622047 325.98425196850394 27.212598425196852 9.070866141732283 un
188.78740157480314 325.98425196850394 50.173228346456696 9.070866141732283 procédé
225.0708661417323 325.98425196850394 27.212598425196852 9.070866141732283 de
234.14173228346456 325.98425196850394 41.10236220472441 9.070866141732283 polari-

33.732283464566926 333.07086614173227 54.14173228346457 11.905511811023622 sation.
73.13385826771653 333.07086614173227 34.58267716535433 11.905511811023622 Des
92.69291338582677 333.07086614173227 64.06299212598425 11.905511811023622 séquences
142.01574803149606 333.07086614173227 68.88188976377953 11.905511811023622 rythmiques
196.15748031496062 333.07086614173227 64.06299212598425 11.905511811023622 succèdent
245.48031496062993 333.07086614173227 24.661417322834644 11.905511811023622 à
250.29921259842519 333.07086614173227 24.661417322834644 11.905511811023622 des

33.732283464566926 343.5590551181102 45.63779527559055 11.622047244094489 phases
65.48031496062993 343.5590551181102 68.31496062992126 11.622047244094489 aléatoires.
120.18897637795276 343.5590551181102 31.748031496062993 11.622047244094489 Ici
138.33070866141733 343.5590551181102 27.212598425196852 11.622047244094489 le
151.93700787401573 343.5590551181102 59.24409448818898 11.622047244094489 spectacle
197.5748031496063 343.5590551181102 45.63779527559055 11.622047244094489 coloré
229.3228346456693 343.5590551181102 27.212598425196852 11.622047244094489 de
243.21259842519686 343.5590551181102 27.212598425196852 11.622047244094489 la
252.28346456692913 343.5590551181102 22.677165354330707 11.622047244094489 vie

33.732283464566926 353.1968503937008 27.77952755905512 11.905511811023622 se
47.62204724409449 353.1968503937008 46.488188976377955 11.905511811023622 trouve
79.93700787401575 353.1968503937008 60.37795275590551 11.905511811023622 concentré
126.4251968503937 353.1968503937008 37.13385826771653 11.905511811023622 dans
149.38582677165354 353.1968503937008 27.77952755905512 11.905511811023622 le
163.55905511811022 353.1968503937008 41.669291338582674 11.905511811023622 temps
191.33858267716536 353.1968503937008 27.77952755905512 11.905511811023622 et
205.22834645669292 353.1968503937008 37.13385826771653 11.905511811023622 dans
223.6535433070866 353.1968503937008 51.023622047244096 11.905511811023622 l’espace;

33.44881889763779 363.11811023622045 42.51968503937008 12.472440944881889 c’est
62.07874015748032 363.11811023622045 28.346456692913385 12.472440944881889 là
76.25196850393701 363.11811023622045 33.16535433070866 12.472440944881889 que
95.24409448818898 363.11811023622045 66.33070866141732 12.472440944881889 l’agréable
147.4015748031496 363.11811023622045 85.32283464566929 12.472440944881889 divertissement
218.26771653543307 363.11811023622045 52.15748031496063 12.472440944881889 rejoint
251.43307086614172 363.11811023622045 23.811023622047244 12.472440944881889 par

33.16535433070866 372.755905511811 45.354330708661415 14.173228346456693 moment
60.37795275590551 372.755905511811 86.1732283464567 14.173228346456693 l’hallucinatoire.

28.062992125984252 387.7795275590551 70.86614173228347 13.32283464566929 Responsable:

34.01574803149607 402.5196850393701 58.110236220472444 14.173228346456693 Michel
78.80314960629921 402.5196850393701 66.89763779527559 14.173228346456693 FOURES
132.3779527559055 402.5196850393701 26.929133858267715 14.173228346456693 né
145.70078740157481 402.5196850393701 26.929133858267715 14.173228346456693 en
159.30708661417322 402.5196850393701 35.71653543307087 14.173228346456693 1944
181.41732283464566 402.5196850393701 22.393700787401574 14.173228346456693 à
190.48818897637796 402.5196850393701 40.25196850393701 14.173228346456693 Vichy
212.88188976377953 402.5196850393701 49.039370078740156 14.173228346456693 (France).

32.881889763779526 412.7244094488189 61.511811023622045 13.88976377952756 Animation
80.22047244094489 412.7244094488189 28.346456692913385 13.88976377952756 et
94.39370078740157 412.7244094488189 56.69291338582677 13.88976377952756 synthèse
137.1968503937008 412.7244094488189 33.16535433070866 13.88976377952756 des
151.37007874015748 412.7244094488189 47.338582677165356 13.88976377952756 travaux.

32.881889763779526 427.18110236220474 58.110236220472444 14.740157480314961 Jacques
78.80314960629921 427.18110236220474 49.889763779527556 14.740157480314961 BON
116.22047244094489 427.18110236220474 24.944881889763778 14.740157480314961 né
128.69291338582678 427.18110236220474 24.944881889763778 14.740157480314961 en
141.16535433070865 427.18110236220474 33.16535433070866 14.740157480314961 1939
161.85826771653544 427.18110236220474 20.69291338582677 14.740157480314961 à
170.36220472440945 427.18110236220474 54.14173228346457 14.740157480314961 Cherbourg
207.7795275590551 427.18110236220474 45.63779527559055 14.740157480314961 (France).

32.59842519685039 438.8031496062992 68.03149606299213 13.88976377952756 Recherches
81.07086614173228 438.8031496062992 87.59055118110236 13.88976377952756 d’environnement.

32.31496062992126 454.6771653543307 51.874015748031496 15.023622047244094 Roger
71.14960629921259 454.6771653543307 64.91338582677166 15.023622047244094 BOULAY
123.02362204724409 454.6771653543307 25.79527559055118 15.023622047244094 né
136.06299212598427 454.6771653543307 25.79527559055118 15.023622047244094 en
148.8188976377953 454.6771653543307 34.58267716535433 15.023622047244094 1943
170.64566929133858 454.6771653543307 21.543307086614174 15.023622047244094 à
179.1496062992126 454.6771653543307 38.83464566929134 15.023622047244094 Paris
200.69291338582678 454.6771653543307 47.62204724409449 15.023622047244094 (France).

31.748031496062993 464.59842519685037 66.33070866141732 14.740157480314961 Recherches
83.90551181102362 464.59842519685037 56.69291338582677 14.740157480314961 d’effets
121.60629921259843 464.59842519685037 52.15748031496063 14.740157480314961 spéciaux.

33.16535433070866 480.4724409448819 55.275590551181104 11.905511811023622 Pierre
75.68503937007874 480.4724409448819 76.53543307086615 11.905511811023622 GINOCCHIO
139.46456692913387 480.4724409448819 25.511811023622048 11.905511811023622 né
152.2204724409449 480.4724409448819 25.511811023622048 11.905511811023622 en
164.9763779527559 480.4724409448819 34.01574803149607 11.905511811023622 1940
186.23622047244095 480.4724409448819 21.25984251968504 11.905511811023622 à
194.74015748031496 480.4724409448819 51.023622047244096 11.905511811023622 Toulouse
228.75590551181102 480.4724409448819 46.77165354330709 11.905511811023622 (France).

31.46456692913386 489.8267716535433 50.173228346456696 15.023622047244094 Etudes
66.61417322834646 489.8267716535433 30.04724409448819 15.023622047244094 de
76.81889763779527 489.8267716535433 80.22047244094489 15.023622047244094 programmation.

31.748031496062993 505.7007874015748 85.60629921259843 13.039370078740157 Marie-Noelle
104.03149606299213 505.7007874015748 121.60629921259843 13.039370078740157 HUSSENOT-DESENONGE
212.03149606299212 505.7007874015748 31.46456692913386 13.039370078740157 née
230.17322834645668 505.7007874015748 26.929133858267715 13.039370078740157 en
243.7795275590551 505.7007874015748 36.0 13.039370078740157 1946
261.6377952755906 505.7007874015748 13.606299212598426 13.039370078740157 à

31.748031496062993 517.0393700787401 40.53543307086614 14.456692913385826 Lille
58.67716535433071 517.0393700787401 58.39370078740158 14.456692913385826 (France).
103.74803149606299 517.0393700787401 44.78740157480315 14.456692913385826 Etudes
135.21259842519686 517.0393700787401 53.85826771653543 14.456692913385826 matières
175.46456692913387 517.0393700787401 26.929133858267715 14.456692913385826 et
184.53543307086613 517.0393700787401 49.32283464566929 14.456692913385826 couleurs.

30.89763779527559 532.6299212598425 75.68503937007874 11.622047244094489 Jean-Pierre
94.11023622047244 532.6299212598425 75.68503937007874 11.622047244094489 LEVASSEUR
157.03937007874015 532.6299212598425 25.228346456692915 11.622047244094489 né
169.51181102362204 532.6299212598425 25.228346456692915 11.622047244094489 en
182.26771653543307 532.6299212598425 33.732283464566926 11.622047244094489 1938
203.24409448818898 532.6299212598425 20.976377952755904 11.622047244094489 à
207.49606299212599 532.6299212598425 67.18110236220473 11.622047244094489 Passy

30.330708661417322 543.1181102362204 62.07874015748032 11.338582677165354 (France).
78.23622047244095 543.1181102362204 66.89763779527559 11.338582677165354 Recherches
130.96062992125985 543.1181102362204 28.62992125984252 11.338582677165354 et
145.13385826771653 543.1181102362204 76.53543307086615 11.338582677165354 applications
202.6771653543307 543.1181102362204 71.71653543307086 11.338582677165354 pédagogiques.

31.46456692913386 558.4251968503937 42.803149606299215 14.173228346456693 Guy
61.22834645669291 558.4251968503937 81.07086614173228 14.173228346456693 SCHNEEGANS
129.82677165354332 558.4251968503937 25.511811023622048 14.173228346456693 né
142.58267716535434 558.4251968503937 25.511811023622048 14.173228346456693 en
155.33858267716536 558.4251968503937 34.2992125984252 14.173228346456693 1937
176.5984251968504 558.4251968503937 21.25984251968504 14.173228346456693 à
185.38582677165354 558.4251968503937 59.811023622047244 14.173228346456693 Strasbourg
227.90551181102362 558.4251968503937 47.05511811023622 14.173228346456693 (France).

30.614173228346456 569.4803149606299 67.74803149606299 13.039370078740157 Recherches
79.08661417322834 569.4803149606299 87.02362204724409 13.039370078740157 d’environnement.

30.330708661417322 583.3700787401575 55.55905511811024 14.456692913385826 Nicole
73.13385826771653 583.3700787401575 81.35433070866142 14.456692913385826 SCHNEEGANS
141.73228346456693 583.3700787401575 30.04724409448819 14.456692913385826 née
158.74015748031496 583.3700787401575 25.79527559055118 14.456692913385826 en
171.49606299212599 583.3700787401575 34.2992125984252 14.456692913385826 1941
193.03937007874015 583.3700787401575 21.543307086614174 14.456692913385826 à
201.54330708661416 583.3700787401575 42.803149606299215 14.456692913385826 Randan
227.33858267716536 583.3700787401575 47.05511811023622 14.456692913385826 (France).

30.330708661417322 595.5590551181102 51.59055118110236 11.905511811023622 Etudes,
68.03149606299213 595.5590551181102 46.77165354330709 11.905511811023622 formes
100.62992125984252 595.5590551181102 28.062992125984252 11.905511811023622 et
109.98425196850394 595.5590551181102 51.59055118110236 11.905511811023622 couleurs.

30.614173228346456 610.2992125984252 50.45669291338583 11.338582677165354 Serge
68.5984251968504 610.2992125984252 67.46456692913385 11.338582677165354 VINCENT
123.30708661417323 610.2992125984252 25.228346456692915 11.338582677165354 né
136.06299212598427 610.2992125984252 25.228346456692915 11.338582677165354 en
148.53543307086613 610.2992125984252 33.732283464566926 11.338582677165354 1934
169.79527559055117 610.2992125984252 20.976377952755904 11.338582677165354 à
178.01574803149606 610.2992125984252 37.98425196850393 11.338582677165354 Paris
203.24409448818898 610.2992125984252 54.70866141732284 11.338582677165354 (France).
241.22834645669292 610.2992125984252 33.732283464566926 11.338582677165354 Etudes

29.763779527559056 622.2047244094488 26.929133858267715 12.472440944881889 et
43.37007874015748 622.2047244094488 71.71653543307086 12.472440944881889 réalisations
96.94488188976378 622.2047244094488 58.39370078740158 12.472440944881889 techniques.

9.921259842519685 644.5984251968504 26.362204724409448 14.456692913385826 150
