1066 2361
617 45 365 86 <b>EQUATEUR</b>

138 440 227 93 Commissaire
320 440 167 93 général
441 440 76 93 :
471 440 197 93 <b>Carlos
622 440 182 93 Villasis
743 440 182 93 Endara</b>

106 580 184 97 Durant
234 580 129 97 les
308 580 147 97 XVIe
400 580 110 97 et
455 580 165 97 XVIle
565 580 221 97 siècles,
712 580 221 97 l’Equateur

55 636 133 86 fut
131 636 114 86 un
188 636 209 86 atelier
341 636 171 86 d’art
455 636 114 86 où
512 636 209 86 vinrent
664 636 114 86 se
722 636 190 86 fondre
836 636 95 86 les

58 675 200 95 grandes
203 675 255 95 influences
404 675 109 95 de
458 675 109 95 la
513 675 273 95 Renaissance
713 675 219 95 européenne

59 714 150 98 avec
153 714 112 98 la
209 714 262 98 symbolique
415 714 355 98 précolombienne.
714 714 112 98 Le
751 714 187 98 résultat

62 752 175 92 devait
185 752 140 92 être
273 752 105 92 la
325 752 193 92 célèbre
465 752 105 92 et
518 752 315 92 traditionnelle
780 752 158 92 école
868 752 70 92 de

62 797 168 86 Quito
174 797 150 86 dont
268 797 112 86 la
324 797 262 86 production
530 797 93 86 —
567 797 224 86 églises,
735 797 224 86 imagerie
885 797 56 86 —

65 844 136 79 est
142 844 214 79 admirée
298 844 136 79 sur
376 844 156 79 tout
474 844 117 79 le
532 844 273 79 continent,
746 844 175 79 ainsi
844 844 97 79 que

64 880 336 87 d’innombrables
344 880 243 87 peintures
531 880 112 87 et
587 880 280 87 sculptures,
793 880 149 87 dissé-

66 921 200 89 minées
206 921 160 89 dans
305 921 160 89 tous
405 921 140 89 les
485 921 200 89 musées
625 921 120 89 du
685 921 200 89 monde.
804 921 140 89 Après

67 967 146 82 une
151 967 251 82 certaine
339 967 272 82 décadence
548 967 167 82 dans
653 967 146 82 les
716 967 230 82 premières

70 1005 183 93 années
198 1005 110 93 de
253 1005 110 93 la
308 1005 274 93 République,
527 1005 146 93 elle
619 1005 220 93 acquiert
783 1005 91 93 à
802 1005 146 93 partir

72 1052 110 82 de
127 1052 146 82 1930
218 1052 110 82 sa
273 1052 220 82 maturité
438 1052 146 82 avec
529 1052 201 82 l’école
676 1052 238 82 indigène,
840 1052 110 82 dont

74 1100 127 76 les
147 1100 255 76 principaux
347 1100 310 76 représentants
602 1100 182 76 furent
729 1100 127 76 les
784 1100 164 76 maîtres

74 1143 107 75 et
128 1143 124 75 les
199 1143 249 75 animateurs
394 1143 124 75 des
465 1143 231 75 nouvelles
625 1143 249 75 générations.

127 1210 110 67 En
182 1210 165 67 avril
292 1210 165 67 1968,
402 1210 110 67 la
458 1210 184 67 Maison
586 1210 110 67 de
641 1210 110 67 la
697 1210 202 67 Culture
825 1210 129 67 Equa-

77 1251 219 69 torienne
241 1251 219 69 organisa
406 1251 110 69 la
461 1251 219 69 première
625 1251 219 69 Biennale
790 1251 110 69 de
826 1251 128 69 Quito

77 1290 100 69 —
117 1290 240 69 première
297 1290 240 69 biennale
477 1290 360 69 sud-américaine
778 1290 120 69 de
818 1290 140 69 pein-

80 1336 147 65 ture
171 1336 92 65 —
208 1336 147 65 afin
300 1336 110 65 de
354 1336 238 65 permettre
538 1336 128 65 une
611 1336 311 65 confrontation
849 1336 110 65 avec

85 1373 127 78 les
158 1373 182 78 autres
285 1373 164 78 pays.
394 1373 109 78 Le
448 1373 218 78 résultat
612 1373 127 78 fut
684 1373 236 78 favorable
866 1373 91 78 à
884 1373 73 78 la

85 1419 233 76 plastique
264 1419 304 76 équatorienne.
515 1419 143 76 L’un
604 1419 125 76 des
676 1419 233 76 lauréats,
837 1419 125 76 Fran-

87 1465 151 59 cisco
188 1465 185 59 Coello,
322 1465 117 59 fut
389 1465 252 59 sélectionné
591 1465 117 59 par
658 1465 151 59 cette
742 1465 218 59 institution

88 1504 156 72 pour
185 1504 292 72 représenter
418 1504 175 72 notre
535 1504 156 72 pays
632 1504 97 72 à
671 1504 117 72 la
730 1504 233 72 Biennale
885 1504 78 72 de

90 1545 199 67 Paris.
229 1545 139 67 Les
309 1545 239 67 éléments
488 1545 119 67 de
548 1545 119 67 sa
608 1545 259 67 technique
807 1545 139 67 ont
866 1545 100 67 une

91 1589 219 66 certaine
255 1589 255 66 coloration
455 1589 292 66 folklorique,
692 1589 164 66 qu’il
784 1589 182 66 conjugue

90 1635 143 61 aux
171 1635 204 61 effets
314 1635 286 61 plastiques
539 1635 123 61 de
600 1635 184 61 lames
723 1635 123 61 de
784 1635 184 61 métal
886 1635 82 61 et

93 1673 219 61 d’autres
257 1673 256 61 matériaux,
458 1673 219 61 obtenant
623 1673 164 61 ainsi
732 1673 128 61 des
787 1673 183 61 textures

95 1725 152 63 d’une
196 1725 185 63 qualité
314 1725 219 63 singulière.

148 1777 197 69 L’autre
291 1777 197 69 artiste
434 1777 268 69 sélectionné
649 1777 125 69 est
721 1777 161 69 Mario
810 1777 161 69 Porras,

97 1832 139 58 qui
177 1832 219 58 utilise
336 1832 119 58 la
396 1832 259 58 technique
595 1832 119 58 du
654 1832 219 58 poinçon
814 1832 139 58 sur
873 1832 100 58 des

99 1871 224 61 planches
267 1871 112 61 de
323 1871 205 61 matière
472 1871 242 61 plastique
659 1871 149 61 pour
752 1871 205 61 traiter
883 1871 93 61 des

101 1917 191 51 thèmes
234 1917 267 51 abstraits,
444 1917 114 51 où
501 1917 133 51 les
578 1917 191 51 formes
692 1917 286 51 s’équilibrent

103 1969 369 41 harmonieusement
413 1969 175 41 entre
530 1969 194 41 masses
666 1969 117 41 et
705 1969 194 41 espaces.

550 2184 181 72 Carlos
677 2184 218 72 Villasis
822 2184 163 72 Endara.

911 2284 76 49 51
