312.09448818897636 669.2598425196851
230.74015748031496 18.4251968503937 77.95275590551181 18.708661417322833 FRANCE

31.46456692913386 55.84251968503937 37.98425196850393 22.96062992125984 15
56.69291338582677 55.84251968503937 37.98425196850393 22.96062992125984 PLAGE
81.92125984251969 55.84251968503937 25.228346456692915 22.96062992125984 DE
94.67716535433071 55.84251968503937 71.71653543307086 22.96062992125984 BISCAROSSE
149.38582677165354 55.84251968503937 58.960629921259844 22.96062992125984 (cyclotone).

43.93700787401575 71.71653543307086 29.19685039370079 18.141732283464567 Le
58.39370078740158 71.71653543307086 48.75590551181102 18.141732283464567 Centre
92.69291338582677 71.71653543307086 48.75590551181102 18.141732283464567 d’Arts
126.99212598425197 71.71653543307086 68.31496062992126 18.141732283464567 Plastiques
180.56692913385828 71.71653543307086 73.13385826771653 18.141732283464567 d’Aquitaine
234.4251968503937 71.71653543307086 53.574803149606296 18.141732283464567 présente,

43.653543307086615 82.20472440944881 45.354330708661415 16.15748031496063 depuis
75.4015748031496 82.20472440944881 40.818897637795274 16.15748031496063 1947,
102.61417322834646 82.20472440944881 27.212598425196852 16.15748031496063 sa
116.22047244094489 82.20472440944881 58.960629921259844 16.15748031496063 cinquième
161.5748031496063 82.20472440944881 68.03149606299213 16.15748031496063 réalisation
216.28346456692913 82.20472440944881 27.212598425196852 16.15748031496063 de
229.88976377952756 82.20472440944881 49.889763779527556 16.15748031496063 travail
261.6377952755906 82.20472440944881 27.212598425196852 16.15748031496063 col-

44.22047244094488 91.84251968503936 49.889763779527556 16.440944881889763 lectif,
80.50393700787401 91.84251968503936 40.818897637795274 16.440944881889763 conçu
107.71653543307086 91.84251968503936 27.212598425196852 16.440944881889763 et
121.03937007874016 91.84251968503936 58.960629921259844 16.440944881889763 construit
166.39370078740157 91.84251968503936 36.28346456692913 16.440944881889763 pour
189.0708661417323 91.84251968503936 27.212598425196852 16.440944881889763 un
202.6771653543307 91.84251968503936 36.28346456692913 16.440944881889763 lieu
225.35433070866142 91.84251968503936 45.354330708661415 16.440944881889763 public
252.28346456692913 91.84251968503936 36.28346456692913 16.440944881889763 donné:

43.93700787401575 101.19685039370079 39.40157480314961 17.291338582677167 plage
70.01574803149606 101.19685039370079 26.362204724409448 17.291338582677167 de
83.33858267716535 101.19685039370079 61.22834645669291 17.291338582677167 Biscarosse
131.5275590551181 101.19685039370079 26.362204724409448 17.291338582677167 en
144.56692913385828 101.19685039370079 61.22834645669291 17.291338582677167 Aquitaine,
192.75590551181102 101.19685039370079 70.01574803149606 17.291338582677167 juillet-août
249.73228346456693 101.19685039370079 39.40157480314961 17.291338582677167 1969.
271.5590551181102 101.19685039370079 17.5748031496063 17.291338582677167 Ce

43.93700787401575 111.11811023622047 50.173228346456696 15.307086614173228 travail
80.22047244094489 111.11811023622047 31.748031496062993 15.307086614173228 est
98.64566929133858 111.11811023622047 31.748031496062993 15.307086614173228 une
116.78740157480316 111.11811023622047 100.06299212598425 15.307086614173228 création-animation
203.24409448818898 111.11811023622047 36.28346456692913 15.307086614173228 d’un
221.38582677165354 111.11811023622047 68.31496062992126 15.307086614173228 environnement

43.653543307086615 119.90551181102362 43.37007874015748 15.590551181102363 conçu
72.56692913385827 119.90551181102362 43.37007874015748 15.590551181102363 comme
101.48031496062993 119.90551181102362 33.732283464566926 15.590551181102363 une
120.75590551181102 119.90551181102362 57.826771653543304 15.590551181102363 nouvelle
164.1259842519685 119.90551181102362 43.37007874015748 15.590551181102363 forme
193.3228346456693 119.90551181102362 28.913385826771652 15.590551181102363 de
207.7795275590551 119.90551181102362 67.46456692913385 15.590551181102363 rencontre.
255.96850393700788 119.90551181102362 33.732283464566926 15.590551181102363 Maté-

43.93700787401575 130.11023622047244 48.188976377952756 15.874015748031496 riaux:
77.66929133858268 130.11023622047244 57.826771653543304 15.874015748031496 panneaux
121.03937007874016 130.11023622047244 28.913385826771652 15.874015748031496 de
135.49606299212599 130.11023622047244 38.55118110236221 15.874015748031496 tôle
159.59055118110237 130.11023622047244 72.28346456692914 15.874015748031496 constituant
217.13385826771653 130.11023622047244 33.732283464566926 15.874015748031496 une
236.40944881889763 130.11023622047244 53.00787401574803 15.874015748031496 surface
270.1417322834646 130.11023622047244 19.275590551181104 15.874015748031496 de

43.93700787401575 139.1811023622047 28.913385826771652 15.590551181102363 65
58.39370078740158 139.1811023622047 33.732283464566926 15.590551181102363 m2,
77.66929133858268 139.1811023622047 57.54330708661417 15.590551181102363 peinture
120.75590551181102 139.1811023622047 57.54330708661417 15.590551181102363 Renaulac
164.1259842519685 139.1811023622047 24.094488188976378 15.590551181102363 à
173.76377952755905 139.1811023622047 52.724409448818896 15.590551181102363 séchage
207.21259842519686 139.1811023622047 43.37007874015748 15.590551181102363 rapide.

44.503937007874015 150.51968503937007 77.38582677165354 14.173228346456693 Fréquentation
108.28346456692914 150.51968503937007 27.496062992125985 14.173228346456693 de
121.88976377952756 150.51968503937007 27.496062992125985 14.173228346456693 la
135.7795275590551 150.51968503937007 41.10236220472441 14.173228346456693 plage
162.99212598425197 150.51968503937007 22.677165354330707 14.173228346456693 :
172.06299212598427 150.51968503937007 32.031496062992126 14.173228346456693 150
190.48818897637796 150.51968503937007 32.031496062992126 14.173228346456693 000
204.09448818897638 150.51968503937007 54.70866141732284 14.173228346456693 personnes.

44.78740157480315 167.81102362204723 74.55118110236221 15.874015748031496 Responsable
104.5984251968504 167.81102362204723 29.763779527559056 15.874015748031496 du
114.51968503937007 167.81102362204723 44.78740157480315 15.874015748031496 groupe:

44.78740157480315 180.0 99.21259842519684 14.456692913385826 Jacques-Adrien
129.82677165354332 180.0 70.86614173228347 14.456692913385826 PINEAU
186.51968503937007 180.0 28.346456692913385 14.456692913385826 né
200.69291338582678 180.0 28.346456692913385 14.456692913385826 en
214.86614173228347 180.0 37.7007874015748 14.456692913385826 1941
238.6771653543307 180.0 23.52755905511811 14.456692913385826 à
243.21259842519686 180.0 47.338582677165356 14.456692913385826 Toulouse

40.818897637795274 193.03937007874015 46.77165354330709 14.173228346456693 (France).

45.92125984251968 206.07874015748033 55.84251968503937 17.007874015748033 Daniel
88.7244094488189 206.07874015748033 60.09448818897638 17.007874015748033 BUSTO
136.06299212598427 206.07874015748033 25.79527559055118 17.007874015748033 né
148.8188976377953 206.07874015748033 25.79527559055118 17.007874015748033 en
161.5748031496063 206.07874015748033 34.2992125984252 17.007874015748033 1948
183.11811023622047 206.07874015748033 21.543307086614174 17.007874015748033 à
187.37007874015748 206.07874015748033 30.04724409448819 17.007874015748033 Cuba.

45.92125984251968 218.5511811023622 67.74803149606299 20.409448818897637 Christian
100.91338582677166 218.5511811023622 72.0 20.409448818897637 DELAFOND
160.15748031496062 218.5511811023622 25.511811023622048 20.409448818897637 né
172.91338582677164 218.5511811023622 25.511811023622048 20.409448818897637 en
185.66929133858267 218.5511811023622 33.732283464566926 20.409448818897637 1946
206.64566929133858 218.5511811023622 21.25984251968504 20.409448818897637 à
215.1496062992126 218.5511811023622 46.488188976377955 20.409448818897637 Roubaix
244.91338582677164 218.5511811023622 46.488188976377955 20.409448818897637 (France).

45.92125984251968 237.54330708661416 50.173228346456696 16.724409448818896 Anita
83.62204724409449 237.54330708661416 71.14960629921259 16.724409448818896 DELPLACE
142.29921259842519 237.54330708661416 29.19685039370079 16.724409448818896 née
159.0236220472441 237.54330708661416 25.228346456692915 16.724409448818896 en
171.49606299212599 237.54330708661416 33.44881889763779 16.724409448818896 1949
192.4724409448819 237.54330708661416 20.976377952755904 16.724409448818896 à
200.9763779527559 237.54330708661416 37.7007874015748 16.724409448818896 Lille
221.95275590551182 237.54330708661416 45.92125984251968 16.724409448818896 (France).

45.92125984251968 252.0 46.20472440944882 16.440944881889763 Jean
79.65354330708661 252.0 67.18110236220473 16.440944881889763 GASSIAN
134.36220472440945 252.0 25.228346456692915 16.440944881889763 né
146.83464566929135 252.0 25.228346456692915 16.440944881889763 en
159.59055118110237 252.0 33.732283464566926 16.440944881889763 1946
180.56692913385828 252.0 20.976377952755904 16.440944881889763 à
188.78740157480314 252.0 50.45669291338583 16.440944881889763 Bordeaux
222.51968503937007 252.0 46.20472440944882 16.440944881889763 (France).

46.488188976377955 269.00787401574803 56.976377952755904 15.590551181102363 Pierre
90.14173228346456 269.00787401574803 79.08661417322834 15.590551181102363 LESBORDES
155.90551181102362 269.00787401574803 26.362204724409448 15.590551181102363 né
169.22834645669292 269.00787401574803 26.362204724409448 15.590551181102363 en
182.26771653543307 269.00787401574803 35.1496062992126 15.590551181102363 1949
204.3779527559055 269.00787401574803 21.826771653543307 15.590551181102363 à
212.88188976377953 269.00787401574803 48.188976377952756 15.590551181102363 Bayonne
243.7795275590551 269.00787401574803 48.188976377952756 15.590551181102363 (France).

46.488188976377955 283.748031496063 67.74803149606299 16.724409448818896 Catherine
101.48031496062993 283.748031496063 63.496062992125985 16.724409448818896 PINEAU
152.50393700787401 283.748031496063 29.763779527559056 16.724409448818896 née
169.51181102362204 283.748031496063 25.511811023622048 16.724409448818896 en
181.98425196850394 283.748031496063 34.01574803149607 16.724409448818896 1944
203.24409448818898 283.748031496063 21.25984251968504 16.724409448818896 à
211.748031496063 283.748031496063 50.74015748031496 16.724409448818896 Bordeaux
245.76377952755905 283.748031496063 46.488188976377955 16.724409448818896 (France).

47.338582677165356 300.18897637795277 52.724409448818896 16.15748031496063 Michel
87.8740157480315 300.18897637795277 52.724409448818896 16.15748031496063 RUCH
128.40944881889763 300.18897637795277 24.37795275590551 16.15748031496063 né
140.5984251968504 300.18897637795277 24.37795275590551 16.15748031496063 en
152.78740157480314 300.18897637795277 32.59842519685039 16.15748031496063 1947
172.91338582677164 300.18897637795277 20.409448818897637 16.15748031496063 à
181.13385826771653 300.18897637795277 36.56692913385827 16.15748031496063 Paris
201.54330708661416 300.18897637795277 44.503937007874015 16.15748031496063 (France).

46.77165354330709 315.496062992126 51.30708661417323 16.440944881889763 Alain
85.32283464566929 315.496062992126 59.811023622047244 16.440944881889763 VALLET
132.09448818897638 315.496062992126 25.511811023622048 16.440944881889763 né
145.13385826771653 315.496062992126 25.511811023622048 16.440944881889763 en
157.88976377952756 315.496062992126 34.2992125984252 16.440944881889763 1944
179.1496062992126 315.496062992126 21.25984251968504 16.440944881889763 à
187.93700787401573 315.496062992126 51.30708661417323 16.440944881889763 Bordeaux
221.95275590551182 315.496062992126 47.05511811023622 16.440944881889763 (France).

102.04724409448819 341.5748031496063 75.4015748031496 14.173228346456693 TRAVAUX
149.95275590551182 341.5748031496063 68.5984251968504 14.173228346456693 D’EQUIPE

34.58267716535433 361.13385826771656 36.8503937007874 13.88976377952756 16
58.960629921259844 361.13385826771656 73.41732283464567 13.88976377952756 BIORYTHMOS
120.18897637795276 361.13385826771656 53.00787401574803 13.88976377952756 (maquette
161.00787401574803 361.13385826771656 24.37795275590551 13.88976377952756 et
169.22834645669292 361.13385826771656 53.00787401574803 13.88976377952756 cyclotone).

47.62204724409449 377.00787401574803 55.84251968503937 10.771653543307087 Approche
89.29133858267717 377.00787401574803 55.84251968503937 10.771653543307087 poétique
131.24409448818898 377.00787401574803 37.13385826771653 10.771653543307087 d’un
154.20472440944883 377.00787401574803 51.023622047244096 10.771653543307087 univers
191.6220472440945 377.00787401574803 64.91338582677166 10.771653543307087 plastique,
237.82677165354332 377.00787401574803 55.84251968503937 10.771653543307087 tourbillon

47.338582677165356 387.21259842519686 29.763779527559056 9.921259842519685 et
62.07874015748032 387.21259842519686 59.24409448818898 9.921259842519685 caverne,
106.58267716535433 387.21259842519686 54.425196850393704 9.921259842519685 mouvant
145.98425196850394 387.21259842519686 44.503937007874015 9.921259842519685 comme
175.748031496063 387.21259842519686 34.58267716535433 9.921259842519685 les
195.30708661417322 387.21259842519686 44.503937007874015 9.921259842519685 eaux,
225.0708661417323 387.21259842519686 29.763779527559056 9.921259842519685 où
239.81102362204723 387.21259842519686 34.58267716535433 9.921259842519685 les
254.83464566929135 387.21259842519686 39.40157480314961 9.921259842519685 formes

47.90551181102362 396.8503937007874 45.07086614173228 10.204724409448819 comme
78.23622047244095 396.8503937007874 70.2992125984252 10.204724409448819 suspendues
133.22834645669292 396.8503937007874 40.25196850393701 10.204724409448819 dans
158.45669291338584 396.8503937007874 30.04724409448819 10.204724409448819 le
173.48031496062993 396.8503937007874 50.173228346456696 10.204724409448819 temps,
208.62992125984252 396.8503937007874 40.25196850393701 10.204724409448819 sont
233.85826771653544 396.8503937007874 30.04724409448819 10.204724409448819 en
243.7795275590551 396.8503937007874 50.173228346456696 10.204724409448819 harmonie

47.62204724409449 406.48818897637796 39.40157480314961 11.05511811023622 avec
72.0 406.48818897637796 49.32283464566929 11.05511811023622 celles
106.58267716535433 406.48818897637796 34.58267716535433 11.05511811023622 des
126.4251968503937 406.48818897637796 39.40157480314961 11.05511811023622 eaux
150.8031496062992 406.48818897637796 83.62204724409449 11.05511811023622 jaillissantes
219.68503937007873 406.48818897637796 39.40157480314961 11.05511811023622 dans
244.3464566929134 406.48818897637796 34.58267716535433 11.05511811023622 une
259.0866141732283 406.48818897637796 34.58267716535433 11.05511811023622 atmo-

48.47244094488189 415.84251968503935 46.77165354330709 11.338582677165354 sphère
81.07086614173228 415.84251968503935 51.30708661417323 11.338582677165354 colorée
118.20472440944881 415.84251968503935 28.062992125984252 11.338582677165354 en
132.3779527559055 415.84251968503935 60.661417322834644 11.338582677165354 perpétuel
174.33070866141733 415.84251968503935 60.661417322834644 11.338582677165354 changement.

48.47244094488189 423.7795275590551 58.110236220472444 12.188976377952756 Obéissant
93.25984251968504 423.7795275590551 26.929133858267715 12.188976377952756 au
106.58267716535433 423.7795275590551 35.71653543307087 12.188976377952756 seul
128.9763779527559 423.7795275590551 44.78740157480315 12.188976377952756 rythme
160.15748031496062 423.7795275590551 53.574803149606296 12.188976377952756 solaire,
200.40944881889763 423.7795275590551 31.181102362204726 12.188976377952756 les
218.26771653543307 423.7795275590551 62.645669291338585 12.188976377952756 habitacles
263.0551181102362 423.7795275590551 31.181102362204726 12.188976377952756 sphé-

49.039370078740156 434.8346456692913 45.354330708661415 10.488188976377952 riques
80.78740157480316 434.8346456692913 27.212598425196852 10.488188976377952 se
94.39370078740157 434.8346456692913 58.960629921259844 10.488188976377952 détachent
139.748031496063 434.8346456692913 31.748031496062993 10.488188976377952 sur
157.60629921259843 434.8346456692913 27.212598425196852 10.488188976377952 la
171.21259842519686 434.8346456692913 40.818897637795274 10.488188976377952 crête
193.88976377952756 434.8346456692913 54.425196850393704 10.488188976377952 lumineuse.

48.75590551181102 441.6377952755906 58.67716535433071 11.905511811023622 Esquisse
92.69291338582677 441.6377952755906 39.118110236220474 11.905511811023622 d’un
117.35433070866142 441.6377952755906 49.039370078740156 11.905511811023622 milieu
151.6535433070866 441.6377952755906 49.039370078740156 11.905511811023622 vivant
185.95275590551182 441.6377952755906 29.480314960629922 11.905511811023622 en
200.69291338582678 441.6377952755906 63.77952755905512 11.905511811023622 résonance
249.4488188976378 441.6377952755906 39.118110236220474 11.905511811023622 avec
269.29133858267716 441.6377952755906 24.37795275590551 11.905511811023622 son

47.90551181102362 452.12598425196853 88.7244094488189 11.622047244094489 environnement
121.03937007874016 452.12598425196853 68.03149606299213 11.622047244094489 aquatique
173.1968503937008 452.12598425196853 47.05511811023622 11.622047244094489 comme
204.66141732283464 452.12598425196853 41.669291338582674 11.622047244094489 avec
230.74015748031496 452.12598425196853 57.54330708661417 11.622047244094489 l’homme
267.3070866141732 452.12598425196853 26.078740157480315 11.622047244094489 qui

48.47244094488189 461.76377952755905 37.7007874015748 13.039370078740157 peut
72.28346456692914 461.76377952755905 23.52755905511811 13.039370078740157 y
81.63779527559055 461.76377952755905 52.15748031496063 13.039370078740157 trouver
119.62204724409449 461.76377952755905 56.69291338582677 13.039370078740157 l’espace
162.14173228346456 461.76377952755905 61.511811023622045 13.039370078740157 dynamique
209.48031496062993 461.76377952755905 28.346456692913385 13.039370078740157 de
223.6535433070866 461.76377952755905 28.346456692913385 13.039370078740157 la
237.82677165354332 461.76377952755905 33.16535433070866 13.039370078740157 vie
252.0 461.76377952755905 42.51968503937008 13.039370078740157 sociale

48.188976377952756 470.8346456692913 30.330708661417322 12.755905511811024 ou
63.496062992125985 470.8346456692913 60.37795275590551 12.755905511811024 l’espace
108.56692913385827 470.8346456692913 45.354330708661415 12.755905511811024 isolé
138.89763779527559 470.8346456692913 45.354330708661415 12.755905511811024 conçu
168.9448818897638 470.8346456692913 40.25196850393701 12.755905511811024 pour
194.17322834645668 470.8346456692913 35.1496062992126 12.755905511811024 une
214.29921259842519 470.8346456692913 35.1496062992126 12.755905511811024 vie
234.4251968503937 470.8346456692913 30.330708661417322 12.755905511811024 en
244.62992125984252 470.8346456692913 50.45669291338583 12.755905511811024 harmonie

48.75590551181102 481.3228346456693 36.56692913385827 14.456692913385826 avec
71.71653543307086 481.3228346456693 32.031496062992126 14.456692913385826 les
89.85826771653544 481.3228346456693 50.45669291338583 14.456692913385826 rythmes
122.1732283464567 481.3228346456693 64.06299212598425 14.456692913385826 biologiques.

44.78740157480315 495.7795275590551 68.88188976377953 12.472440944881889 Responsable:

50.45669291338583 507.40157480314963 72.28346456692914 15.307086614173228 Jean-Pierre
110.83464566929133 507.40157480314963 76.25196850393701 15.307086614173228 MALAUSSENA
174.89763779527559 507.40157480314963 24.094488188976378 15.307086614173228 né
187.08661417322836 507.40157480314963 24.094488188976378 15.307086614173228 en
199.2755905511811 507.40157480314963 32.031496062992126 15.307086614173228 1935
219.4015748031496 507.40157480314963 20.125984251968504 15.307086614173228 à
227.33858267716536 507.40157480314963 36.28346456692913 15.307086614173228 Blida
247.46456692913387 507.40157480314963 48.188976377952756 15.307086614173228 (Algérie).

45.63779527559055 518.7401574803149 53.85826771653543 12.755905511811024 Sculpteur.

51.023622047244096 532.0629921259842 61.22834645669291 15.307086614173228 Bernard
99.21259842519684 532.0629921259842 65.76377952755905 15.307086614173228 JOHNER
151.6535433070866 532.0629921259842 26.362204724409448 15.307086614173228 né
164.69291338582678 532.0629921259842 26.362204724409448 15.307086614173228 en
178.01574803149606 532.0629921259842 35.1496062992126 15.307086614173228 1944
199.84251968503938 532.0629921259842 21.826771653543307 15.307086614173228 à
208.62992125984252 532.0629921259842 61.22834645669291 15.307086614173228 Casablanca
252.28346456692913 532.0629921259842 43.93700787401575 15.307086614173228 (Maroc).

47.05511811023622 543.4015748031496 43.37007874015748 11.622047244094489 Peintre.

51.874015748031496 556.1574803149606 52.44094488188976 13.88976377952756 Edith
90.99212598425197 556.1574803149606 60.94488188976378 13.88976377952756 LEJET
138.89763779527559 556.1574803149606 30.614173228346456 13.88976377952756 née
156.4724409448819 556.1574803149606 26.078740157480315 13.88976377952756 en
169.51181102362204 556.1574803149606 34.86614173228347 13.88976377952756 1941
191.33858267716536 556.1574803149606 21.826771653543307 13.88976377952756 à
200.1259842519685 556.1574803149606 39.118110236220474 13.88976377952756 Paris
226.20472440944883 556.1574803149606 56.69291338582677 13.88976377952756 (France).
265.3228346456693 556.1574803149606 30.614173228346456 13.88976377952756 Musi

45.63779527559055 568.0629921259842 41.95275590551181 11.905511811023622 cienne.

51.59055118110236 582.2362204724409 55.84251968503937 11.622047244094489 Daniel
94.39370078740157 582.2362204724409 77.10236220472441 11.622047244094489 LEVASSEUR
158.74015748031496 582.2362204724409 25.79527559055118 11.622047244094489 né
171.49606299212599 582.2362204724409 25.79527559055118 11.622047244094489 en
184.53543307086613 582.2362204724409 34.2992125984252 11.622047244094489 1941
205.79527559055117 582.2362204724409 21.543307086614174 11.622047244094489 à
214.58267716535434 582.2362204724409 51.59055118110236 11.622047244094489 Grenoble
248.88188976377953 582.2362204724409 47.05511811023622 11.622047244094489 (France).

46.488188976377955 593.007874015748 55.55905511811024 12.472440944881889 Architecte.

50.74015748031496 604.3464566929134 75.96850393700787 14.456692913385826 Jean-Louis
113.38582677165354 604.3464566929134 62.645669291338585 14.456692913385826 PUJOL
162.4251968503937 604.3464566929134 26.929133858267715 14.456692913385826 né
176.03149606299212 604.3464566929134 26.929133858267715 14.456692913385826 en
189.35433070866142 604.3464566929134 35.71653543307087 14.456692913385826 1938
211.748031496063 604.3464566929134 22.393700787401574 14.456692913385826 à
220.53543307086613 604.3464566929134 26.929133858267715 14.456692913385826 La
229.60629921259843 604.3464566929134 66.89763779527559 14.456692913385826 Seyne

51.023622047244096 617.1023622047244 54.99212598425197 15.590551181102363 (France).
89.29133858267717 617.1023622047244 54.99212598425197 15.590551181102363 Architecte.

270.70866141732284 640.9133858267717 26.362204724409448 13.606299212598426 141
