312.09448818897636 669.2598425196851
229.03937007874015 22.393700787401574 75.68503937007874 22.11023622047244 <b>SUISSE</b>

56.69291338582677 133.22834645669292 72.0 19.84251968503937 Commissaire
114.23622047244095 133.22834645669292 52.724409448818896 19.84251968503937 général
152.78740157480314 133.22834645669292 24.094488188976378 19.84251968503937 :
162.4251968503937 133.22834645669292 72.0 19.84251968503937 <b>François
219.96850393700788 133.22834645669292 28.913385826771652 19.84251968503937 de
229.60629921259843 133.22834645669292 57.54330708661417 19.84251968503937 Ziegler</b>

57.25984251968504 146.83464566929135 65.76377952755905 18.4251968503937 Conseiller
109.13385826771653 146.83464566929135 56.40944881889764 18.4251968503937 Culturel
151.37007874015748 146.83464566929135 37.7007874015748 18.4251968503937 près
174.89763779527559 146.83464566929135 70.2992125984252 18.4251968503937 l’Ambassade
231.0236220472441 146.83464566929135 28.062992125984252 18.4251968503937 de
245.1968503937008 146.83464566929135 47.05511811023622 18.4251968503937 Suisse
273.25984251968504 146.83464566929135 14.173228346456693 18.4251968503937 à

54.70866141732284 164.69291338582678 32.59842519685039 11.622047244094489 Paris.

46.488188976377955 194.45669291338584 40.25196850393701 21.826771653543307 Sur
69.44881889763779 194.45669291338584 86.1732283464567 21.826771653543307 proposition
138.33070866141733 194.45669291338584 34.58267716535433 21.826771653543307 de
155.6220472440945 194.45669291338584 34.58267716535433 21.826771653543307 la
172.91338582677164 194.45669291338584 80.50393700787401 21.826771653543307 Commission
230.45669291338584 194.45669291338584 57.54330708661417 21.826771653543307 Fédérale

32.31496062992126 208.62992125984252 36.56692913385827 20.125984251968504 des
53.00787401574803 208.62992125984252 78.51968503937007 20.125984251968504 Beaux-Arts,
115.93700787401575 208.62992125984252 31.46456692913386 20.125984251968504 la
131.5275590551181 208.62992125984252 52.44094488188976 20.125984251968504 Suisse
168.09448818897638 208.62992125984252 68.03149606299213 20.125984251968504 participe
220.53543307086613 208.62992125984252 26.078740157480315 20.125984251968504 à
231.0236220472441 208.62992125984252 31.46456692913386 20.125984251968504 la
241.51181102362204 208.62992125984252 47.05511811023622 20.125984251968504 Sixième

32.881889763779526 221.66929133858267 68.31496062992126 18.708661417322833 Biennale
84.18897637795276 221.66929133858267 34.2992125984252 18.708661417322833 de
101.19685039370079 221.66929133858267 51.30708661417323 18.708661417322833 Paris
135.49606299212599 221.66929133858267 51.30708661417323 18.708661417322833 aussi
169.79527559055117 221.66929133858267 45.63779527559055 18.708661417322833 bien
198.14173228346456 221.66929133858267 45.63779527559055 18.708661417322833 avec
226.77165354330708 221.66929133858267 39.968503937007874 18.708661417322833 des
243.7795275590551 221.66929133858267 45.63779527559055 18.708661417322833 œuvres

33.44881889763779 233.5748031496063 77.66929133858268 18.708661417322833 collectives
95.5275590551181 233.5748031496063 56.976377952755904 18.708661417322833 qu’avec
136.91338582677164 233.5748031496063 36.28346456692913 18.708661417322833 des
157.60629921259843 233.5748031496063 56.976377952755904 18.708661417322833 travaux
193.88976377952756 233.5748031496063 72.56692913385827 18.708661417322833 individuels.

47.62204724409449 246.61417322834646 59.24409448818898 21.826771653543307 L’idée
89.00787401574803 246.61417322834646 35.43307086614173 21.826771653543307 du
106.86614173228347 246.61417322834646 65.19685039370079 21.826771653543307 travail
154.20472440944883 246.61417322834646 71.14960629921259 21.826771653543307 créateur
207.49606299212599 246.61417322834646 35.43307086614173 21.826771653543307 en
225.0708661417323 246.61417322834646 59.24409448818898 21.826771653543307 groupe
260.78740157480314 246.61417322834646 29.480314960629922 21.826771653543307 est

33.16535433070866 261.6377952755906 98.36220472440945 18.992125984251967 d’implantation
115.08661417322834 261.6377952755906 49.32283464566929 18.992125984251967 assez
147.96850393700788 261.6377952755906 60.09448818897638 18.992125984251967 récente
191.90551181102362 261.6377952755906 32.881889763779526 18.992125984251967 en
208.06299212598427 261.6377952755906 60.09448818897638 18.992125984251967 Suisse.
246.61417322834646 261.6377952755906 43.653543307086615 18.992125984251967 Depuis

33.44881889763779 273.25984251968504 65.48031496062993 20.409448818897637 quelques
82.48818897637796 273.25984251968504 54.70866141732284 20.409448818897637 années
120.75590551181102 273.25984251968504 76.53543307086615 20.409448818897637 toutefois,
180.8503937007874 273.25984251968504 32.881889763779526 20.409448818897637 la
197.29133858267716 273.25984251968504 49.32283464566929 20.409448818897637 jeune
224.78740157480314 273.25984251968504 65.48031496062993 20.409448818897637 génération

34.2992125984252 284.88188976377955 66.89763779527559 18.4251968503937 manifeste
85.60629921259843 284.88188976377955 36.0 18.4251968503937 une
106.2992125984252 284.88188976377955 46.20472440944882 18.4251968503937 forte
137.1968503937008 284.88188976377955 61.79527559055118 18.4251968503937 tendance
183.4015748031496 284.88188976377955 25.79527559055118 18.4251968503937 à
193.60629921259843 284.88188976377955 72.0 18.4251968503937 s’attacher
245.1968503937008 284.88188976377955 46.20472440944882 18.4251968503937 collec-

33.732283464566926 296.78740157480314 65.76377952755905 16.15748031496063 tivement
83.05511811023622 296.78740157480314 27.496062992125985 16.15748031496063 à
93.8267716535433 296.78740157480314 32.881889763779526 16.15748031496063 la
110.26771653543307 296.78740157480314 65.76377952755905 16.15748031496063 solution
159.59055118110237 296.78740157480314 32.881889763779526 16.15748031496063 de
176.03149606299212 296.78740157480314 71.14960629921259 16.15748031496063 problèmes
225.35433070866142 296.78740157480314 65.76377952755905 16.15748031496063 complexes.

34.86614173228347 308.9763779527559 33.732283464566926 17.291338582677167 Il
51.874015748031496 308.9763779527559 39.118110236220474 17.291338582677167 est
74.26771653543307 308.9763779527559 100.91338582677166 17.291338582677167 compréhensible
158.17322834645668 308.9763779527559 39.118110236220474 17.291338582677167 que
180.56692913385828 308.9763779527559 50.45669291338583 17.291338582677167 cette
214.01574803149606 308.9763779527559 67.18110236220473 17.291338582677167 tendance
258.8031496062992 308.9763779527559 33.732283464566926 17.291338582677167 soit

34.58267716535433 320.88188976377955 107.14960629921259 18.141732283464567 particulièrement
125.5748031496063 320.88188976377955 58.960629921259844 18.141732283464567 marquée
168.3779527559055 320.88188976377955 42.803149606299215 18.141732283464567 dans
195.30708661417322 320.88188976377955 96.37795275590551 18.141732283464567 l’architecture
270.1417322834646 320.88188976377955 21.543307086614174 18.141732283464567 et

35.43307086614173 336.18897637795277 83.90551181102362 13.88976377952756 l’urbanisme.
103.46456692913385 336.18897637795277 31.46456692913386 13.88976377952756 De
119.33858267716535 336.18897637795277 52.44094488188976 13.88976377952756 jeunes
155.90551181102362 336.18897637795277 78.80314960629921 13.88976377952756 architectes
218.83464566929135 336.18897637795277 31.46456692913386 13.88976377952756 et
229.3228346456693 336.18897637795277 62.92913385826772 13.88976377952756 urbanistes

34.58267716535433 345.25984251968504 32.881889763779526 17.007874015748033 se
51.023622047244096 345.25984251968504 60.661417322834644 17.007874015748033 vouent,
94.96062992125984 345.25984251968504 32.881889763779526 17.007874015748033 en
111.4015748031496 345.25984251968504 93.54330708661418 17.007874015748033 collaboration
188.50393700787401 345.25984251968504 43.93700787401575 17.007874015748033 avec
216.0 345.25984251968504 38.55118110236221 17.007874015748033 des
232.44094488188978 345.25984251968504 60.661417322834644 17.007874015748033 représen-

35.1496062992126 359.43307086614175 45.354330708661415 15.023622047244094 tants
65.48031496062993 359.43307086614175 60.661417322834644 15.023622047244094 d’autres
110.83464566929133 359.43307086614175 80.78740157480316 15.023622047244094 professions,
176.5984251968504 359.43307086614175 25.228346456692915 15.023622047244094 à
186.8031496062992 359.43307086614175 85.88976377952756 15.023622047244094 d’importantes
252.28346456692913 359.43307086614175 40.53543307086614 15.023622047244094 études

34.58267716535433 368.78740157480314 36.28346456692913 16.724409448818896 de
52.724409448818896 368.78740157480314 48.188976377952756 16.724409448818896 base
82.77165354330708 368.78740157480314 36.28346456692913 16.724409448818896 et
100.91338582677166 368.78740157480314 30.04724409448819 16.724409448818896 à
112.81889763779527 368.78740157480314 78.51968503937007 16.724409448818896 d’urgents
173.1968503937008 368.78740157480314 78.51968503937007 16.724409448818896 problèmes
227.6220472440945 368.78740157480314 66.33070866141732 16.724409448818896 pratiques

35.43307086614173 379.5590551181102 84.18897637795276 17.858267716535433 d’urbanisme,
104.03149606299213 379.5590551181102 68.5984251968504 17.858267716535433 soulevant
156.75590551181102 379.5590551181102 36.8503937007874 17.858267716535433 des
177.73228346456693 379.5590551181102 68.5984251968504 17.858267716535433 questions
230.45669291338584 379.5590551181102 31.748031496062993 17.858267716535433 de
240.9448818897638 379.5590551181102 52.724409448818896 17.858267716535433 principe

36.0 391.748031496063 75.11811023622047 15.590551181102363 concernant
95.24409448818898 391.748031496063 32.31496062992126 15.590551181102363 la
111.11811023622047 391.748031496063 69.73228346456693 15.590551181102363 structure
164.9763779527559 391.748031496063 32.31496062992126 15.590551181102363 de
181.13385826771653 391.748031496063 32.31496062992126 15.590551181102363 la
197.29133858267716 391.748031496063 59.24409448818898 15.590551181102363 société
234.70866141732284 391.748031496063 59.24409448818898 15.590551181102363 actuelle.

51.874015748031496 404.78740157480314 30.330708661417322 21.543307086614174 Le
67.18110236220473 404.78740157480314 50.45669291338583 21.543307086614174 projet
102.33070866141732 404.78740157480314 30.330708661417322 21.543307086614174 de
117.35433070866142 404.78740157480314 45.354330708661415 21.543307086614174 ville
147.68503937007873 404.78740157480314 60.37795275590551 21.543307086614174 spatiale
193.03937007874015 404.78740157480314 55.55905511811024 21.543307086614174 d’Erwin
228.4724409448819 404.78740157480314 65.48031496062993 21.543307086614174 Mtihlestein

36.28346456692913 419.244094488189 36.8503937007874 18.4251968503937 est
57.54330708661417 419.244094488189 36.8503937007874 18.4251968503937 une
78.51968503937007 419.244094488189 47.62204724409449 18.4251968503937 œuvre
110.26771653543307 419.244094488189 89.85826771653544 18.4251968503937 individuelle;
184.251968503937 419.244094488189 42.23622047244095 18.4251968503937 elle
210.61417322834646 419.244094488189 42.23622047244095 18.4251968503937 n’en
236.9763779527559 419.244094488189 52.724409448818896 18.4251968503937 repose
268.7244094488189 419.244094488189 26.362204724409448 18.4251968503937 pas

36.28346456692913 431.7165354330709 55.275590551181104 15.023622047244094 moins
73.13385826771653 431.7165354330709 43.08661417322835 15.023622047244094 sur
97.79527559055119 431.7165354330709 43.08661417322835 15.023622047244094 des
122.45669291338582 431.7165354330709 55.275590551181104 15.023622047244094 idées
159.30708661417322 431.7165354330709 92.1259842519685 15.023622047244094 développées
233.00787401574803 431.7165354330709 36.8503937007874 15.023622047244094 en
245.48031496062993 431.7165354330709 49.039370078740156 15.023622047244094 commun

36.56692913385827 442.48818897637796 45.07086614173228 16.440944881889763 dans
64.62992125984252 442.48818897637796 39.40157480314961 16.440944881889763 les
87.30708661417323 442.48818897637796 56.125984251968504 16.440944881889763 années
126.70866141732283 442.48818897637796 73.13385826771653 16.440944881889763 1965-1968
182.83464566929135 442.48818897637796 33.732283464566926 16.440944881889763 et
199.84251968503938 442.48818897637796 39.40157480314961 16.440944881889763 qui
222.23622047244095 442.48818897637796 39.40157480314961 16.440944881889763 ont
244.62992125984252 442.48818897637796 56.125984251968504 16.440944881889763 abouti
278.3622047244094 442.48818897637796 17.007874015748033 16.440944881889763 à

37.7007874015748 454.6771653543307 32.31496062992126 15.590551181102363 un
53.85826771653543 454.6771653543307 53.85826771653543 15.590551181102363 projet
91.55905511811024 454.6771653543307 32.31496062992126 15.590551181102363 de
107.43307086614173 454.6771653543307 75.11811023622047 15.590551181102363 rénovation
166.6771653543307 454.6771653543307 53.85826771653543 15.590551181102363 totale
204.3779527559055 454.6771653543307 43.08661417322835 15.590551181102363 d’un
231.30708661417322 454.6771653543307 64.34645669291339 15.590551181102363 quartier
274.1102362204724 454.6771653543307 21.543307086614174 15.590551181102363 de

37.7007874015748 467.43307086614175 58.110236220472444 14.456692913385826 Zurich.
79.93700787401575 467.43307086614175 36.8503937007874 14.456692913385826 Les
101.19685039370079 467.43307086614175 58.110236220472444 14.456692913385826 projets
143.1496062992126 467.43307086614175 31.748031496062993 14.456692913385826 de
159.0236220472441 467.43307086614175 73.7007874015748 14.456692913385826 Mühlestein
217.13385826771653 467.43307086614175 42.23622047244095 14.456692913385826 sont
243.49606299212599 467.43307086614175 47.338582677165356 14.456692913385826 basés
269.8582677165354 467.43307086614175 26.362204724409448 14.456692913385826 sur

37.7007874015748 479.33858267716533 37.7007874015748 14.456692913385826 des
59.24409448818898 479.33858267716533 64.62992125984252 14.456692913385826 éléments
107.71653543307086 479.33858267716533 32.31496062992126 14.456692913385826 de
123.8740157480315 479.33858267716533 86.1732283464567 14.456692913385826 construction
194.17322834645668 479.33858267716533 91.55905511811024 14.456692913385826 préfabriqués,
264.18897637795277 479.33858267716533 32.31496062992126 14.456692913385826 per-

38.267716535433074 490.6771653543307 61.79527559055118 14.456692913385826 mettant
83.33858267716535 490.6771653543307 33.732283464566926 14.456692913385826 de
100.06299212598425 490.6771653543307 78.51968503937007 14.456692913385826 construire
161.85826771653544 490.6771653543307 39.40157480314961 14.456692913385826 des
184.251968503937 490.6771653543307 56.125984251968504 14.456692913385826 villes
223.6535433070866 490.6771653543307 78.51968503937007 14.456692913385826 homogènes.
279.7795275590551 490.6771653543307 16.724409448818896 14.456692913385826 A

39.118110236220474 505.4173228346457 32.31496062992126 11.338582677165354 la
55.275590551181104 505.4173228346457 42.803149606299215 11.338582677165354 base
82.20472440944881 505.4173228346457 32.31496062992126 11.338582677165354 du
98.07874015748031 505.4173228346457 53.574803149606296 11.338582677165354 projet
135.7795275590551 505.4173228346457 58.960629921259844 11.338582677165354 exposé,
178.58267716535434 505.4173228346457 32.31496062992126 11.338582677165354 il
194.74015748031496 505.4173228346457 26.929133858267715 11.338582677165354 y
205.51181102362204 505.4173228346457 26.929133858267715 11.338582677165354 a
216.28346456692913 505.4173228346457 37.7007874015748 11.338582677165354 des
232.44094488188978 505.4173228346457 64.34645669291339 11.338582677165354 icosaèdres

38.83464566929134 515.0551181102362 68.31496062992126 13.88976377952756 réguliers
91.55905511811024 515.0551181102362 73.7007874015748 13.88976377952756 n’exigeant
149.38582677165354 515.0551181102362 36.8503937007874 13.88976377952756 pas
170.64566929133858 515.0551181102362 31.46456692913386 13.88976377952756 de
186.23622047244095 515.0551181102362 68.31496062992126 13.88976377952756 structure
233.5748031496063 515.0551181102362 63.21259842519685 13.88976377952756 supplémen-

39.118110236220474 527.5275590551181 50.74015748031496 13.039370078740157 taire.
74.55118110236221 527.5275590551181 35.43307086614173 13.039370078740157 Ils
94.96062992125984 527.5275590551181 40.53543307086614 13.039370078740157 sont
120.18897637795276 527.5275590551181 50.74015748031496 13.039370078740157 fermés
155.6220472440945 527.5275590551181 40.53543307086614 13.039370078740157 pour
180.8503937007874 527.5275590551181 50.74015748031496 13.039370078740157 servir
216.28346456692913 527.5275590551181 30.330708661417322 13.039370078740157 de
231.59055118110237 527.5275590551181 50.74015748031496 13.039370078740157 locaux
261.9212598425197 527.5275590551181 35.43307086614173 13.039370078740157 habi-

38.83464566929134 538.0157480314961 52.724409448818896 14.173228346456693 tables
75.68503937007874 538.0157480314961 31.46456692913386 14.173228346456693 et
91.55905511811024 538.0157480314961 68.31496062992126 14.173228346456693 grillagés
144.28346456692913 538.0157480314961 47.338582677165356 14.173228346456693 parce
175.748031496063 538.0157480314961 52.724409448818896 14.173228346456693 qu’ils
212.5984251968504 538.0157480314961 42.23622047244095 14.173228346456693 sont
238.96062992125985 538.0157480314961 63.21259842519685 14.173228346456693 destinés
280.9133858267717 538.0157480314961 15.874015748031496 14.173228346456693 à

40.25196850393701 551.3385826771654 31.748031496062993 15.590551181102363 un
56.125984251968504 551.3385826771654 47.62204724409449 15.590551181102363 usage
82.48818897637796 551.3385826771654 47.62204724409449 15.590551181102363 public.

55.275590551181104 567.7795275590552 33.16535433070866 13.039370078740157 Le
71.71653543307086 567.7795275590552 54.99212598425197 13.039370078740157 projet
110.26771653543307 567.7795275590552 33.16535433070866 13.039370078740157 de
126.70866141732283 567.7795275590552 49.60629921259842 13.039370078740157 musée
159.8740157480315 567.7795275590552 33.16535433070866 13.039370078740157 du
176.31496062992127 567.7795275590552 71.71653543307086 13.039370078740157 lucernois
231.59055118110237 567.7795275590552 44.22047244094488 13.039370078740157 Aldo
253.41732283464566 567.7795275590552 44.22047244094488 13.039370078740157 Henng-

40.53543307086614 577.4173228346457 45.63779527559055 15.874015748031496 geler
70.86614173228347 577.4173228346457 35.43307086614173 15.874015748031496 est
91.2755905511811 577.4173228346457 30.330708661417322 15.874015748031496 le
106.2992125984252 577.4173228346457 40.53543307086614 15.874015748031496 type
131.5275590551181 577.4173228346457 40.53543307086614 15.874015748031496 même
156.75590551181102 577.4173228346457 40.53543307086614 15.874015748031496 d’un
182.26771653543307 577.4173228346457 55.55905511811024 15.874015748031496 travail
222.51968503937007 577.4173228346457 70.86614173228347 15.874015748031496 collectif.
273.25984251968504 577.4173228346457 25.228346456692915 15.874015748031496 Cet

40.53543307086614 591.3070866141733 70.58267716535433 12.755905511811024 architecte
96.09448818897638 591.3070866141733 25.228346456692915 12.755905511811024 a
106.2992125984252 591.3070866141733 60.661417322834644 12.755905511811024 présenté
151.6535433070866 591.3070866141733 35.43307086614173 12.755905511811024 ces
171.7795275590551 591.3070866141733 60.661417322834644 12.755905511811024 derniers
217.13385826771653 591.3070866141733 45.354330708661415 12.755905511811024 temps
242.36220472440945 591.3070866141733 55.55905511811024 12.755905511811024 plusieurs

40.818897637795274 601.2283464566929 54.70866141732284 13.039370078740157 études
79.08661417322834 601.2283464566929 38.267716535433074 13.039370078740157 sur
100.91338582677166 601.2283464566929 38.267716535433074 13.039370078740157 des
123.02362204724409 601.2283464566929 60.37795275590551 13.039370078740157 espaces
166.6771653543307 601.2283464566929 60.37795275590551 13.039370078740157 urbains
210.61417322834646 601.2283464566929 32.881889763779526 13.039370078740157 et
227.0551181102362 601.2283464566929 38.267716535433074 13.039370078740157 des
243.49606299212599 601.2283464566929 54.70866141732284 13.039370078740157 systèmes

41.10236220472441 615.1181102362204 30.89763779527559 13.039370078740157 de
56.40944881889764 615.1181102362204 82.48818897637796 13.039370078740157 construction
123.59055118110236 615.1181102362204 77.38582677165354 13.039370078740157 rationnels.
185.38582677165354 615.1181102362204 30.89763779527559 13.039370078740157 Le
200.9763779527559 615.1181102362204 51.59055118110236 13.039370078740157 projet
236.9763779527559 615.1181102362204 51.59055118110236 13.039370078740157 exposé
267.87401574803147 615.1181102362204 30.89763779527559 13.039370078740157 part

41.10236220472441 625.8897637795276 34.2992125984252 13.32283464566929 de
58.110236220472444 625.8897637795276 57.25984251968504 13.32283464566929 l’idée
98.36220472440945 625.8897637795276 103.18110236220473 13.32283464566929 qu’aujourd’hui
184.251968503937 625.8897637795276 34.2992125984252 13.32283464566929 un
201.54330708661416 625.8897637795276 57.25984251968504 13.32283464566929 musée,
241.51181102362204 625.8897637795276 45.92125984251968 13.32283464566929 s’il
264.4724409448819 625.8897637795276 34.2992125984252 13.32283464566929 doit

272.12598425196853 648.5669291338583 27.496062992125985 15.590551181102363 117
