302.1732283464567 669.2598425196851
174.89763779527559 12.755905511811024 103.46456692913385 24.37795275590551 <b>EQUATEUR</b>

39.118110236220474 124.7244094488189 64.34645669291339 26.362204724409448 Commissaire
90.70866141732283 124.7244094488189 47.338582677165356 26.362204724409448 général
125.00787401574803 124.7244094488189 21.543307086614174 26.362204724409448 :
133.51181102362204 124.7244094488189 55.84251968503937 26.362204724409448 <b>Carlos
176.31496062992127 124.7244094488189 51.59055118110236 26.362204724409448 Villasis
210.61417322834646 124.7244094488189 51.59055118110236 26.362204724409448 Endara</b>

30.04724409448819 164.40944881889763 52.15748031496063 27.496062992125985 Durant
66.33070866141732 164.40944881889763 36.56692913385827 27.496062992125985 les
87.30708661417323 164.40944881889763 41.669291338582674 27.496062992125985 XVIe
113.38582677165354 164.40944881889763 31.181102362204726 27.496062992125985 et
128.9763779527559 164.40944881889763 46.77165354330709 27.496062992125985 XVIle
160.15748031496062 164.40944881889763 62.645669291338585 27.496062992125985 siècles,
201.82677165354332 164.40944881889763 62.645669291338585 27.496062992125985 l’Equateur

15.590551181102363 180.28346456692913 37.7007874015748 24.37795275590551 fut
37.13385826771653 180.28346456692913 32.31496062992126 24.37795275590551 un
53.29133858267716 180.28346456692913 59.24409448818898 24.37795275590551 atelier
96.66141732283465 180.28346456692913 48.47244094488189 24.37795275590551 d’art
128.9763779527559 180.28346456692913 32.31496062992126 24.37795275590551 où
145.13385826771653 180.28346456692913 59.24409448818898 24.37795275590551 vinrent
188.2204724409449 180.28346456692913 32.31496062992126 24.37795275590551 se
204.66141732283464 180.28346456692913 53.85826771653543 24.37795275590551 fondre
236.9763779527559 180.28346456692913 26.929133858267715 24.37795275590551 les

16.440944881889763 191.33858267716536 56.69291338582677 26.929133858267715 grandes
57.54330708661417 191.33858267716536 72.28346456692914 26.929133858267715 influences
114.51968503937007 191.33858267716536 30.89763779527559 26.929133858267715 de
129.82677165354332 191.33858267716536 30.89763779527559 26.929133858267715 la
145.41732283464566 191.33858267716536 77.38582677165354 26.929133858267715 Renaissance
202.11023622047244 191.33858267716536 62.07874015748032 26.929133858267715 européenne

16.724409448818896 202.39370078740157 42.51968503937008 27.77952755905512 avec
43.37007874015748 202.39370078740157 31.748031496062993 27.77952755905512 la
59.24409448818898 202.39370078740157 74.26771653543307 27.77952755905512 symbolique
117.63779527559055 202.39370078740157 100.62992125984252 27.77952755905512 précolombienne.
202.39370078740157 202.39370078740157 31.748031496062993 27.77952755905512 Le
212.88188976377953 202.39370078740157 53.00787401574803 27.77952755905512 résultat

17.5748031496063 213.16535433070865 49.60629921259842 26.078740157480315 devait
52.44094488188976 213.16535433070865 39.68503937007874 26.078740157480315 être
77.38582677165354 213.16535433070865 29.763779527559056 26.078740157480315 la
92.1259842519685 213.16535433070865 54.70866141732284 26.078740157480315 célèbre
131.81102362204723 213.16535433070865 29.763779527559056 26.078740157480315 et
146.83464566929135 213.16535433070865 89.29133858267717 26.078740157480315 traditionnelle
221.10236220472441 213.16535433070865 44.78740157480315 26.078740157480315 école
246.04724409448818 213.16535433070865 19.84251968503937 26.078740157480315 de

17.5748031496063 225.92125984251967 47.62204724409449 24.37795275590551 Quito
49.32283464566929 225.92125984251967 42.51968503937008 24.37795275590551 dont
75.96850393700787 225.92125984251967 31.748031496062993 24.37795275590551 la
91.84251968503936 225.92125984251967 74.26771653543307 24.37795275590551 production
150.23622047244095 225.92125984251967 26.362204724409448 24.37795275590551 —
160.7244094488189 225.92125984251967 63.496062992125985 24.37795275590551 églises,
208.3464566929134 225.92125984251967 63.496062992125985 24.37795275590551 imagerie
250.86614173228347 225.92125984251967 15.874015748031496 24.37795275590551 —

18.4251968503937 239.24409448818898 38.55118110236221 22.393700787401574 est
40.25196850393701 239.24409448818898 60.661417322834644 22.393700787401574 admirée
84.4724409448819 239.24409448818898 38.55118110236221 22.393700787401574 sur
106.58267716535433 239.24409448818898 44.22047244094488 22.393700787401574 tout
134.36220472440945 239.24409448818898 33.16535433070866 22.393700787401574 le
150.8031496062992 239.24409448818898 77.38582677165354 22.393700787401574 continent,
211.46456692913387 239.24409448818898 49.60629921259842 22.393700787401574 ainsi
239.24409448818898 239.24409448818898 27.496062992125985 22.393700787401574 que

18.141732283464567 249.4488188976378 95.24409448818898 24.661417322834644 d’innombrables
97.51181102362204 249.4488188976378 68.88188976377953 24.661417322834644 peintures
150.51968503937007 249.4488188976378 31.748031496062993 24.661417322834644 et
166.39370078740157 249.4488188976378 79.37007874015748 24.661417322834644 sculptures,
224.78740157480314 249.4488188976378 42.23622047244095 24.661417322834644 dissé-

18.708661417322833 261.07086614173227 56.69291338582677 25.228346456692915 minées
58.39370078740158 261.07086614173227 45.354330708661415 25.228346456692915 dans
86.45669291338582 261.07086614173227 45.354330708661415 25.228346456692915 tous
114.80314960629921 261.07086614173227 39.68503937007874 25.228346456692915 les
137.48031496062993 261.07086614173227 56.69291338582677 25.228346456692915 musées
177.16535433070865 261.07086614173227 34.01574803149607 25.228346456692915 du
194.17322834645668 261.07086614173227 56.69291338582677 25.228346456692915 monde.
227.90551181102362 261.07086614173227 39.68503937007874 25.228346456692915 Après

18.992125984251967 274.1102362204724 41.38582677165354 23.244094488188978 une
42.803149606299215 274.1102362204724 71.14960629921259 23.244094488188978 certaine
96.09448818897638 274.1102362204724 77.10236220472441 23.244094488188978 décadence
155.33858267716536 274.1102362204724 47.338582677165356 23.244094488188978 dans
185.10236220472441 274.1102362204724 41.38582677165354 23.244094488188978 les
202.96062992125985 274.1102362204724 65.19685039370079 23.244094488188978 premières

19.84251968503937 284.88188976377955 51.874015748031496 26.362204724409448 années
56.125984251968504 284.88188976377955 31.181102362204726 26.362204724409448 de
71.71653543307086 284.88188976377955 31.181102362204726 26.362204724409448 la
87.30708661417323 284.88188976377955 77.66929133858268 26.362204724409448 République,
149.38582677165354 284.88188976377955 41.38582677165354 26.362204724409448 elle
175.46456692913387 284.88188976377955 62.36220472440945 26.362204724409448 acquiert
221.95275590551182 284.88188976377955 25.79527559055118 26.362204724409448 à
227.33858267716536 284.88188976377955 41.38582677165354 26.362204724409448 partir

20.409448818897637 298.20472440944883 31.181102362204726 23.244094488188978 de
36.0 298.20472440944883 41.38582677165354 23.244094488188978 1930
61.79527559055118 298.20472440944883 31.181102362204726 23.244094488188978 sa
77.38582677165354 298.20472440944883 62.36220472440945 23.244094488188978 maturité
124.15748031496064 298.20472440944883 41.38582677165354 23.244094488188978 avec
149.95275590551182 298.20472440944883 56.976377952755904 23.244094488188978 l’école
191.6220472440945 298.20472440944883 67.46456692913385 23.244094488188978 indigène,
238.11023622047244 298.20472440944883 31.181102362204726 23.244094488188978 dont

20.976377952755904 311.81102362204723 36.0 21.543307086614174 les
41.669291338582674 311.81102362204723 72.28346456692914 21.543307086614174 principaux
98.36220472440945 311.81102362204723 87.8740157480315 21.543307086614174 représentants
170.64566929133858 311.81102362204723 51.59055118110236 21.543307086614174 furent
206.64566929133858 311.81102362204723 36.0 21.543307086614174 les
222.23622047244095 311.81102362204723 46.488188976377955 21.543307086614174 maîtres

20.976377952755904 324.0 30.330708661417322 21.25984251968504 et
36.28346456692913 324.0 35.1496062992126 21.25984251968504 les
56.40944881889764 324.0 70.58267716535433 21.25984251968504 animateurs
111.68503937007874 324.0 35.1496062992126 21.25984251968504 des
131.81102362204723 324.0 65.48031496062993 21.25984251968504 nouvelles
177.16535433070865 324.0 70.58267716535433 21.25984251968504 générations.

36.0 342.99212598425197 31.181102362204726 18.992125984251967 En
51.59055118110236 342.99212598425197 46.77165354330709 18.992125984251967 avril
82.77165354330708 342.99212598425197 46.77165354330709 18.992125984251967 1968,
113.95275590551181 342.99212598425197 31.181102362204726 18.992125984251967 la
129.82677165354332 342.99212598425197 52.15748031496063 18.992125984251967 Maison
166.11023622047244 342.99212598425197 31.181102362204726 18.992125984251967 de
181.70078740157481 342.99212598425197 31.181102362204726 18.992125984251967 la
197.5748031496063 342.99212598425197 57.25984251968504 18.992125984251967 Culture
233.85826771653544 342.99212598425197 36.56692913385827 18.992125984251967 Equa-

21.826771653543307 354.61417322834643 62.07874015748032 19.559055118110237 torienne
68.31496062992126 354.61417322834643 62.07874015748032 19.559055118110237 organisa
115.08661417322834 354.61417322834643 31.181102362204726 19.559055118110237 la
130.6771653543307 354.61417322834643 62.07874015748032 19.559055118110237 première
177.16535433070865 354.61417322834643 62.07874015748032 19.559055118110237 Biennale
223.93700787401573 354.61417322834643 31.181102362204726 19.559055118110237 de
234.14173228346456 354.61417322834643 36.28346456692913 19.559055118110237 Quito

21.826771653543307 365.6692913385827 28.346456692913385 19.559055118110237 —
33.16535433070866 365.6692913385827 68.03149606299213 19.559055118110237 première
84.18897637795276 365.6692913385827 68.03149606299213 19.559055118110237 biennale
135.21259842519686 365.6692913385827 102.04724409448819 19.559055118110237 sud-américaine
220.53543307086613 365.6692913385827 34.01574803149607 19.559055118110237 de
231.8740157480315 365.6692913385827 39.68503937007874 19.559055118110237 pein-

22.677165354330707 378.70866141732284 41.669291338582674 18.4251968503937 ture
48.47244094488189 378.70866141732284 26.078740157480315 18.4251968503937 —
58.960629921259844 378.70866141732284 41.669291338582674 18.4251968503937 afin
85.03937007874016 378.70866141732284 31.181102362204726 18.4251968503937 de
100.34645669291339 378.70866141732284 67.46456692913385 18.4251968503937 permettre
152.50393700787401 378.70866141732284 36.28346456692913 18.4251968503937 une
173.1968503937008 378.70866141732284 88.15748031496064 18.4251968503937 confrontation
240.66141732283464 378.70866141732284 31.181102362204726 18.4251968503937 avec

24.094488188976378 389.1968503937008 36.0 22.11023622047244 les
44.78740157480315 389.1968503937008 51.59055118110236 22.11023622047244 autres
80.78740157480316 389.1968503937008 46.488188976377955 22.11023622047244 pays.
111.68503937007874 389.1968503937008 30.89763779527559 22.11023622047244 Le
126.99212598425197 389.1968503937008 61.79527559055118 22.11023622047244 résultat
173.48031496062993 389.1968503937008 36.0 22.11023622047244 fut
193.88976377952756 389.1968503937008 66.89763779527559 22.11023622047244 favorable
245.48031496062993 389.1968503937008 25.79527559055118 22.11023622047244 à
250.58267716535434 389.1968503937008 20.69291338582677 22.11023622047244 la

24.094488188976378 402.23622047244095 66.04724409448819 21.543307086614174 plastique
74.83464566929133 402.23622047244095 86.1732283464567 21.543307086614174 équatorienne.
145.98425196850394 402.23622047244095 40.53543307086614 21.543307086614174 L’un
171.21259842519686 402.23622047244095 35.43307086614173 21.543307086614174 des
191.6220472440945 402.23622047244095 66.04724409448819 21.543307086614174 lauréats,
237.25984251968504 402.23622047244095 35.43307086614173 21.543307086614174 Fran-

24.661417322834644 415.2755905511811 42.803149606299215 16.724409448818896 cisco
53.29133858267716 415.2755905511811 52.44094488188976 16.724409448818896 Coello,
91.2755905511811 415.2755905511811 33.16535433070866 16.724409448818896 fut
110.26771653543307 415.2755905511811 71.43307086614173 16.724409448818896 sélectionné
167.5275590551181 415.2755905511811 33.16535433070866 16.724409448818896 par
186.51968503937007 415.2755905511811 42.803149606299215 16.724409448818896 cette
210.33070866141733 415.2755905511811 61.79527559055118 16.724409448818896 institution

24.944881889763778 426.3307086614173 44.22047244094488 20.409448818897637 pour
52.44094488188976 426.3307086614173 82.77165354330708 20.409448818897637 représenter
118.48818897637796 426.3307086614173 49.60629921259842 20.409448818897637 notre
151.6535433070866 426.3307086614173 44.22047244094488 20.409448818897637 pays
179.1496062992126 426.3307086614173 27.496062992125985 20.409448818897637 à
190.20472440944883 426.3307086614173 33.16535433070866 20.409448818897637 la
206.9291338582677 426.3307086614173 66.04724409448819 20.409448818897637 Biennale
250.86614173228347 426.3307086614173 22.11023622047244 20.409448818897637 de

25.511811023622048 437.9527559055118 56.40944881889764 18.992125984251967 Paris.
64.91338582677166 437.9527559055118 39.40157480314961 18.992125984251967 Les
87.59055118110236 437.9527559055118 67.74803149606299 18.992125984251967 éléments
138.33070866141733 437.9527559055118 33.732283464566926 18.992125984251967 de
155.33858267716536 437.9527559055118 33.732283464566926 18.992125984251967 sa
172.3464566929134 437.9527559055118 73.41732283464567 18.992125984251967 technique
228.75590551181102 437.9527559055118 39.40157480314961 18.992125984251967 ont
245.48031496062993 437.9527559055118 28.346456692913385 18.992125984251967 une

25.79527559055118 450.4251968503937 62.07874015748032 18.708661417322833 certaine
72.28346456692914 450.4251968503937 72.28346456692914 18.708661417322833 coloration
128.9763779527559 450.4251968503937 82.77165354330708 18.708661417322833 folklorique,
196.15748031496062 450.4251968503937 46.488188976377955 18.708661417322833 qu’il
222.23622047244095 450.4251968503937 51.59055118110236 18.708661417322833 conjugue

25.511811023622048 463.46456692913387 40.53543307086614 17.291338582677167 aux
48.47244094488189 463.46456692913387 57.826771653543304 17.291338582677167 effets
89.00787401574803 463.46456692913387 81.07086614173228 17.291338582677167 plastiques
152.78740157480314 463.46456692913387 34.86614173228347 17.291338582677167 de
170.07874015748033 463.46456692913387 52.15748031496063 17.291338582677167 lames
204.9448818897638 463.46456692913387 34.86614173228347 17.291338582677167 de
222.23622047244095 463.46456692913387 52.15748031496063 17.291338582677167 métal
251.1496062992126 463.46456692913387 23.244094488188978 17.291338582677167 et

26.362204724409448 474.23622047244095 62.07874015748032 17.291338582677167 d’autres
72.85039370078741 474.23622047244095 72.56692913385827 17.291338582677167 matériaux,
129.82677165354332 474.23622047244095 62.07874015748032 17.291338582677167 obtenant
176.5984251968504 474.23622047244095 46.488188976377955 17.291338582677167 ainsi
207.49606299212599 474.23622047244095 36.28346456692913 17.291338582677167 des
223.08661417322836 474.23622047244095 51.874015748031496 17.291338582677167 textures

26.929133858267715 488.9763779527559 43.08661417322835 17.858267716535433 d’une
55.55905511811024 488.9763779527559 52.44094488188976 17.858267716535433 qualité
89.00787401574803 488.9763779527559 62.07874015748032 17.858267716535433 singulière.

41.95275590551181 503.7165354330709 55.84251968503937 19.559055118110237 L’autre
82.48818897637796 503.7165354330709 55.84251968503937 19.559055118110237 artiste
123.02362204724409 503.7165354330709 75.96850393700787 19.559055118110237 sélectionné
183.96850393700788 503.7165354330709 35.43307086614173 19.559055118110237 est
204.3779527559055 503.7165354330709 45.63779527559055 19.559055118110237 Mario
229.60629921259843 503.7165354330709 45.63779527559055 19.559055118110237 Porras,

27.496062992125985 519.3070866141733 39.40157480314961 16.440944881889763 qui
50.173228346456696 519.3070866141733 62.07874015748032 16.440944881889763 utilise
95.24409448818898 519.3070866141733 33.732283464566926 16.440944881889763 la
112.25196850393701 519.3070866141733 73.41732283464567 16.440944881889763 technique
168.66141732283464 519.3070866141733 33.732283464566926 16.440944881889763 du
185.38582677165354 519.3070866141733 62.07874015748032 16.440944881889763 poinçon
230.74015748031496 519.3070866141733 39.40157480314961 16.440944881889763 sur
247.46456692913387 519.3070866141733 28.346456692913385 16.440944881889763 des

28.062992125984252 530.3622047244095 63.496062992125985 17.291338582677167 planches
75.68503937007874 530.3622047244095 31.748031496062993 17.291338582677167 de
91.55905511811024 530.3622047244095 58.110236220472444 17.291338582677167 matière
133.79527559055117 530.3622047244095 68.5984251968504 17.291338582677167 plastique
186.8031496062992 530.3622047244095 42.23622047244095 17.291338582677167 pour
213.16535433070865 530.3622047244095 58.110236220472444 17.291338582677167 traiter
250.29921259842519 530.3622047244095 26.362204724409448 17.291338582677167 des

28.62992125984252 543.4015748031496 54.14173228346457 14.456692913385826 thèmes
66.33070866141732 543.4015748031496 75.68503937007874 14.456692913385826 abstraits,
125.85826771653544 543.4015748031496 32.31496062992126 14.456692913385826 où
142.01574803149606 543.4015748031496 37.7007874015748 14.456692913385826 les
163.84251968503938 543.4015748031496 54.14173228346457 14.456692913385826 formes
196.15748031496062 543.4015748031496 81.07086614173228 14.456692913385826 s’équilibrent

29.19685039370079 558.1417322834645 104.5984251968504 11.622047244094489 harmonieusement
117.07086614173228 558.1417322834645 49.60629921259842 11.622047244094489 entre
150.23622047244095 558.1417322834645 54.99212598425197 11.622047244094489 masses
188.78740157480314 558.1417322834645 33.16535433070866 11.622047244094489 et
199.84251968503938 558.1417322834645 54.99212598425197 11.622047244094489 espaces.

155.90551181102362 619.0866141732283 51.30708661417323 20.409448818897637 Carlos
191.90551181102362 619.0866141732283 61.79527559055118 20.409448818897637 Villasis
233.00787401574803 619.0866141732283 46.20472440944882 20.409448818897637 Endara.

258.23622047244095 647.4330708661417 21.543307086614174 13.88976377952756 51
