301.03937007874015 669.2598425196851
-1.4173228346456692 26.64566929133858 66.04724409448819 19.559055118110237 <b>ITALIE</b>

51.30708661417323 135.7795275590551 70.58267716535433 14.740157480314961 Commissaire
108.0 135.7795275590551 51.874015748031496 14.740157480314961 général
145.70078740157481 135.7795275590551 23.52755905511811 14.740157480314961 :
155.0551181102362 135.7795275590551 56.69291338582677 14.740157480314961 <b>Palma
192.75590551181102 135.7795275590551 66.04724409448819 14.740157480314961 Bucareli</b>

51.30708661417323 150.23622047244095 65.48031496062993 13.606299212598426 Directrice
102.89763779527559 150.23622047244095 28.062992125984252 13.606299212598426 de
116.78740157480316 150.23622047244095 28.062992125984252 13.606299212598426 la
130.96062992125985 150.23622047244095 51.59055118110236 13.606299212598426 Galerie
168.3779527559055 150.23622047244095 42.23622047244095 13.606299212598426 d’Art
196.44094488188978 150.23622047244095 51.59055118110236 13.606299212598426 Moderne
233.85826771653544 150.23622047244095 23.52755905511811 13.606299212598426 à
238.6771653543307 150.23622047244095 32.881889763779526 13.606299212598426 Rome.

39.968503937007874 189.35433070866142 29.480314960629922 13.88976377952756 En
54.70866141732284 189.35433070866142 69.16535433070867 13.88976377952756 présentant
108.85039370078741 189.35433070866142 29.480314960629922 13.88976377952756 la
123.8740157480315 189.35433070866142 54.425196850393704 13.88976377952756 section
163.2755905511811 189.35433070866142 64.06299212598425 13.88976377952756 italienne
212.5984251968504 189.35433070866142 24.661417322834644 13.88976377952756 à
222.51968503937007 189.35433070866142 29.480314960629922 13.88976377952756 la
232.44094488188978 189.35433070866142 39.40157480314961 13.88976377952756 précé-

22.677165354330707 200.9763779527559 47.90551181102362 13.88976377952756 dente
54.70866141732284 200.9763779527559 69.16535433070867 13.88976377952756 Biennale,
107.71653543307086 200.9763779527559 74.26771653543307 13.88976377952756 j’écrivais
166.11023622047244 200.9763779527559 26.64566929133858 13.88976377952756 :
176.88188976377953 200.9763779527559 26.64566929133858 13.88976377952756 «
187.37007874015748 200.9763779527559 42.51968503937008 13.88976377952756 Dans
214.01574803149606 200.9763779527559 37.13385826771653 13.88976377952756 une
229.88976377952756 200.9763779527559 42.51968503937008 13.88976377952756 époque

22.96062992125984 211.46456692913387 37.98425196850393 14.173228346456693 qui
44.503937007874015 211.46456692913387 32.59842519685039 14.173228346456693 se
60.94488188976378 211.46456692913387 37.98425196850393 14.173228346456693 dit
82.77165354330708 211.46456692913387 97.79527559055119 14.173228346456693 technologique,
164.1259842519685 211.46456692913387 32.59842519685039 14.173228346456693 le
180.28346456692913 211.46456692913387 65.19685039370079 14.173228346456693 symptôme
229.3228346456693 211.46456692913387 32.59842519685039 14.173228346456693 le
240.09448818897638 211.46456692913387 32.59842519685039 14.173228346456693 plus

23.244094488188978 226.77165354330708 83.05511811023622 11.338582677165354 significatif
90.70866141732283 226.77165354330708 36.28346456692913 11.338582677165354 est
111.4015748031496 226.77165354330708 31.181102362204726 11.338582677165354 la
126.99212598425197 226.77165354330708 67.46456692913385 11.338582677165354 technique
178.86614173228347 226.77165354330708 26.078740157480315 11.338582677165354 :
189.35433070866142 226.77165354330708 31.181102362204726 11.338582677165354 la
204.9448818897638 226.77165354330708 57.25984251968504 11.338582677165354 rupture
241.22834645669292 226.77165354330708 31.181102362204726 11.338582677165354 avec

22.677165354330707 237.25984251968504 51.023622047244096 13.039370078740157 toutes
58.39370078740158 237.25984251968504 35.71653543307087 13.039370078740157 les
78.80314960629921 237.25984251968504 71.71653543307086 13.039370078740157 techniques
135.21259842519686 237.25984251968504 102.33070866141732 13.039370078740157 traditionnelles,
217.13385826771653 237.25984251968504 56.125984251968504 13.039370078740157 l’expéri.

23.52755905511811 249.16535433070865 64.62992125984252 12.755905511811024 mentation
73.41732283464567 249.16535433070865 29.763779527559056 12.755905511811024 de
88.44094488188976 249.16535433070865 64.62992125984252 12.755905511811024 nouvelles
138.04724409448818 249.16535433070865 74.55118110236221 12.755905511811024 techniques.
197.85826771653544 249.16535433070865 24.944881889763778 12.755905511811024 »
202.6771653543307 249.16535433070865 69.73228346456693 12.755905511811024 Aujourd’hui,

23.244094488188978 258.8031496062992 40.818897637795274 14.173228346456693 les
46.488188976377955 258.8031496062992 81.35433070866142 14.173228346456693 conditions
110.26771653543307 258.8031496062992 40.818897637795274 14.173228346456693 ont
133.51181102362204 258.8031496062992 64.06299212598425 14.173228346456693 changé,
180.0 258.8031496062992 34.86614173228347 14.173228346456693 en
197.5748031496063 258.8031496062992 58.110236220472444 14.173228346456693 Italie
232.44094488188978 258.8031496062992 40.818897637795274 14.173228346456693 comme

23.811023622047244 274.6771653543307 63.496062992125985 10.771653543307087 ailleurs.
72.56692913385827 274.6771653543307 34.2992125984252 10.771653543307087 Les
92.1259842519685 274.6771653543307 58.67716535433071 10.771653543307087 artistes
136.3464566929134 274.6771653543307 34.2992125984252 10.771653543307087 les
155.90551181102362 274.6771653543307 39.118110236220474 10.771653543307087 plus
180.28346456692913 274.6771653543307 49.039370078740156 10.771653543307087 jeunes
214.58267716535434 274.6771653543307 29.480314960629922 10.771653543307087 et
229.3228346456693 274.6771653543307 34.2992125984252 10.771653543307087 les
243.7795275590551 274.6771653543307 29.480314960629922 10.771653543307087 plus

23.244094488188978 284.31496062992125 62.645669291338585 13.32283464566929 avancés
68.5984251968504 284.31496062992125 85.32283464566929 13.32283464566929 participent
136.91338582677164 284.31496062992125 34.01574803149607 13.32283464566929 du
154.20472440944883 284.31496062992125 73.98425196850394 13.32283464566929 phénomène
210.89763779527559 284.31496062992125 62.645669291338585 13.32283464566929 mondial
250.86614173228347 284.31496062992125 22.677165354330707 13.32283464566929 de

24.094488188976378 295.65354330708664 30.614173228346456 13.88976377952756 la
39.40157480314961 295.65354330708664 86.74015748031496 13.88976377952756 contestation,
110.83464566929133 295.65354330708664 30.614173228346456 13.88976377952756 et
126.14173228346456 295.65354330708664 56.125984251968504 13.88976377952756 puisque
166.6771653543307 295.65354330708664 30.614173228346456 13.88976377952756 le
181.98425196850394 295.65354330708664 35.71653543307087 13.88976377952756 but
202.39370078740157 295.65354330708664 30.614173228346456 13.88976377952756 de
217.70078740157481 295.65354330708664 30.614173228346456 13.88976377952756 la
227.90551181102362 295.65354330708664 45.92125984251968 13.88976377952756 contes-

23.811023622047244 307.5590551181102 48.188976377952756 13.32283464566929 tation
57.54330708661417 307.5590551181102 33.732283464566926 13.32283464566929 est
76.81889763779527 307.5590551181102 28.913385826771652 13.32283464566929 la
90.99212598425197 307.5590551181102 76.81889763779527 13.32283464566929 civilisation
153.63779527559055 307.5590551181102 33.732283464566926 13.32283464566929 que
172.91338582677164 307.5590551181102 38.55118110236221 13.32283464566929 l’on
197.00787401574803 307.5590551181102 53.00787401574803 13.32283464566929 appelle
230.45669291338584 307.5590551181102 43.37007874015748 13.32283464566929 techno-

24.094488188976378 320.0314960629921 66.61417322834646 13.32283464566929 logique,
73.98425196850394 320.0314960629921 33.16535433070866 13.32283464566929 le
90.70866141732283 320.0314960629921 49.889763779527556 13.32283464566929 moyen
123.8740157480315 320.0314960629921 33.16535433070866 13.32283464566929 de
140.5984251968504 320.0314960629921 33.16535433070866 13.32283464566929 la
157.3228346456693 320.0314960629921 66.61417322834646 13.32283464566929 réaliser
206.9291338582677 320.0314960629921 33.16535433070866 13.32283464566929 ne
223.6535433070866 320.0314960629921 44.22047244094488 13.32283464566929 peut
245.76377952755905 320.0314960629921 27.77952755905512 13.32283464566929 pas

23.52755905511811 331.37007874015745 42.51968503937008 11.905511811023622 être
50.173228346456696 331.37007874015745 32.031496062992126 11.905511811023622 la
66.33070866141732 331.37007874015745 69.16535433070867 11.905511811023622 recherche
119.62204724409449 331.37007874015745 32.031496062992126 11.905511811023622 et
135.49606299212599 331.37007874015745 111.96850393700787 11.905511811023622 l’expérimentation
231.59055118110237 331.37007874015745 32.031496062992126 11.905511811023622 de
242.07874015748033 331.37007874015745 32.031496062992126 11.905511811023622 nou-

24.094488188976378 344.40944881889766 50.173228346456696 12.472440944881889 velles
59.24409448818898 344.40944881889766 75.11811023622047 12.472440944881889 techniques.
119.33858267716535 344.40944881889766 64.91338582677166 12.472440944881889 Autrement
169.22834645669292 344.40944881889766 39.968503937007874 12.472440944881889 dit,
194.45669291338584 344.40944881889766 30.04724409448819 12.472440944881889 la
204.3779527559055 344.40944881889766 70.01574803149606 12.472440944881889 contestation

24.094488188976378 355.748031496063 24.944881889763778 14.456692913385826 a
34.2992125984252 355.748031496063 39.968503937007874 14.456692913385826 fait
59.24409448818898 355.748031496063 65.19685039370079 14.456692913385826 ressortir
109.41732283464567 355.748031496063 30.04724409448819 14.456692913385826 le
124.44094488188976 355.748031496063 60.09448818897638 14.456692913385826 problème
169.51181102362204 355.748031496063 45.07086614173228 14.456692913385826 moral
199.55905511811022 355.748031496063 35.1496062992126 14.456692913385826 qui
219.68503937007873 355.748031496063 45.07086614173228 14.456692913385826 était
244.62992125984252 355.748031496063 30.04724409448819 14.456692913385826 der-

24.094488188976378 367.37007874015745 48.188976377952756 13.88976377952756 rière
56.125984251968504 367.37007874015745 32.031496062992126 13.88976377952756 le
72.28346456692914 367.37007874015745 64.06299212598425 13.88976377952756 problème
120.4724409448819 367.37007874015745 32.031496062992126 13.88976377952756 de
136.3464566929134 367.37007874015745 32.031496062992126 13.88976377952756 la
147.11811023622047 367.37007874015745 64.06299212598425 13.88976377952756 technique.

41.10236220472441 386.6456692913386 30.614173228346456 16.15748031496063 Un
56.40944881889764 386.6456692913386 35.71653543307087 16.15748031496063 art
76.81889763779527 386.6456692913386 35.71653543307087 16.15748031496063 qui
96.94488188976378 386.6456692913386 30.614173228346456 16.15748031496063 se
112.25196850393701 386.6456692913386 35.71653543307087 16.15748031496063 dit
132.66141732283464 386.6456692913386 25.511811023622048 16.15748031496063 «
142.86614173228347 386.6456692913386 50.74015748031496 16.15748031496063 pauvre
178.29921259842519 386.6456692913386 25.511811023622048 16.15748031496063 »
188.50393700787401 386.6456692913386 45.63779527559055 16.15748031496063 n’est
219.11811023622047 386.6456692913386 35.71653543307087 16.15748031496063 pas
234.4251968503937 386.6456692913386 40.53543307086614 16.15748031496063 néces-

23.811023622047244 399.40157480314963 69.73228346456693 15.307086614173228 sairement
77.38582677165354 399.40157480314963 32.031496062992126 15.307086614173228 un
93.54330708661418 399.40157480314963 37.41732283464567 15.307086614173228 art
114.80314960629921 399.40157480314963 53.574803149606296 15.307086614173228 humble
152.50393700787401 399.40157480314963 32.031496062992126 15.307086614173228 et
168.3779527559055 399.40157480314963 64.34645669291339 15.307086614173228 désarmé:
216.56692913385828 399.40157480314963 32.031496062992126 15.307086614173228 il
227.33858267716536 399.40157480314963 48.188976377952756 15.307086614173228 choisit

24.37795275590551 411.59055118110234 32.031496062992126 15.307086614173228 la
40.53543307086614 411.59055118110234 64.06299212598425 15.307086614173228 pauvreté
88.44094488188976 411.59055118110234 42.803149606299215 15.307086614173228 afin
115.37007874015748 411.59055118110234 32.031496062992126 15.307086614173228 de
131.24409448818898 411.59055118110234 69.44881889763779 15.307086614173228 récupérer
184.8188976377953 411.59055118110234 37.41732283464567 15.307086614173228 une
206.07874015748033 411.59055118110234 69.44881889763779 15.307086614173228 condition
254.26771653543307 411.59055118110234 21.25984251968504 15.307086614173228 de

25.511811023622048 422.92913385826773 54.14173228346457 15.023622047244094 liberté
64.62992125984252 422.92913385826773 49.039370078740156 15.023622047244094 totale
99.21259842519684 422.92913385826773 63.77952755905512 15.023622047244094 vis-à-vis
148.251968503937 422.92913385826773 44.22047244094488 15.023622047244094 d’une
177.73228346456693 422.92913385826773 54.14173228346457 15.023622047244094 société
217.13385826771653 422.92913385826773 49.039370078740156 15.023622047244094 riche,
246.61417322834646 422.92913385826773 29.480314960629922 15.023622047244094 jus-

23.811023622047244 435.40157480314963 61.511811023622045 16.15748031496063 tement,
68.5984251968504 435.40157480314963 33.732283464566926 16.15748031496063 de
85.60629921259843 435.40157480314963 39.118110236220474 16.15748031496063 ses
108.0 435.40157480314963 83.90551181102362 16.15748031496063 techniques.
175.1811023622047 435.40157480314963 33.732283464566926 16.15748031496063 Il
191.90551181102362 435.40157480314963 33.732283464566926 16.15748031496063 ne
208.62992125984252 435.40157480314963 61.511811023622045 16.15748031496063 renonce
247.748031496063 435.40157480314963 28.062992125984252 16.15748031496063 pas

24.094488188976378 449.00787401574803 37.41732283464567 14.456692913385826 aux
45.63779527559055 449.00787401574803 85.60629921259843 14.456692913385826 possibilités
115.08661417322834 449.00787401574803 32.031496062992126 14.456692913385826 de
131.24409448818898 449.00787401574803 32.031496062992126 14.456692913385826 la
147.4015748031496 449.00787401574803 69.73228346456693 14.456692913385826 technique
200.9763779527559 449.00787401574803 58.960629921259844 14.456692913385826 moderne
238.39370078740157 449.00787401574803 37.41732283464567 14.456692913385826 comme

24.37795275590551 458.3622047244094 38.267716535433074 15.590551181102363 les
46.20472440944882 458.3622047244094 54.70866141732284 15.590551181102363 moines
84.4724409448819 458.3622047244094 71.14960629921259 15.590551181102363 médiévaux
139.46456692913387 458.3622047244094 82.20472440944881 15.590551181102363 renonçaient
205.22834645669292 458.3622047244094 38.267716535433074 15.590551181102363 aux
227.0551181102362 458.3622047244094 49.32283464566929 15.590551181102363 biens
254.5511811023622 458.3622047244094 21.826771653543307 15.590551181102363 de

23.811023622047244 471.40157480314963 33.44881889763779 14.456692913385826 ce
40.818897637795274 471.40157480314963 56.125984251968504 14.456692913385826 monde,
79.93700787401575 471.40157480314963 44.78740157480315 14.456692913385826 mais
108.0 471.40157480314963 33.732283464566926 14.456692913385826 il
124.7244094488189 471.40157480314963 61.511811023622045 14.456692913385826 réclame
169.51181102362204 471.40157480314963 33.732283464566926 14.456692913385826 la
186.23622047244095 471.40157480314963 61.511811023622045 14.456692913385826 liberté
231.0236220472441 471.40157480314963 33.732283464566926 14.456692913385826 de
242.36220472440945 471.40157480314963 33.732283464566926 14.456692913385826 s’en

24.661417322834644 485.00787401574803 50.45669291338583 14.456692913385826 servir
60.09448818897638 485.00787401574803 45.354330708661415 14.456692913385826 d’une
90.14173228346456 485.00787401574803 45.354330708661415 14.456692913385826 façon
120.4724409448819 485.00787401574803 30.330708661417322 14.456692913385826 et
135.49606299212599 485.00787401574803 40.25196850393701 14.456692913385826 pour
160.7244094488189 485.00787401574803 35.1496062992126 14.456692913385826 des
180.8503937007874 485.00787401574803 40.25196850393701 14.456692913385826 buts
205.79527559055117 485.00787401574803 70.58267716535433 14.456692913385826 différents
256.251968503937 485.00787401574803 20.125984251968504 14.456692913385826 de

23.811023622047244 494.92913385826773 45.07086614173228 14.740157480314961 ceux
51.874015748031496 494.92913385826773 73.13385826771653 14.740157480314961 qu’impose
108.28346456692914 494.92913385826773 33.732283464566926 14.740157480314961 le
125.00787401574803 494.92913385826773 28.062992125984252 14.740157480314961 «
136.3464566929134 494.92913385826773 61.79527559055118 14.740157480314961 système
181.41732283464566 494.92913385826773 33.732283464566926 14.740157480314961 »,
198.14173228346456 494.92913385826773 33.732283464566926 14.740157480314961 ou
215.1496062992126 494.92913385826773 45.07086614173228 14.740157480314961 même
243.21259842519686 494.92913385826773 33.732283464566926 14.740157480314961 de
254.5511811023622 494.92913385826773 22.393700787401574 14.740157480314961 ne

25.228346456692915 505.7007874015748 33.16535433070866 18.992125984251967 pas
44.22047244094488 505.7007874015748 37.98425196850393 18.992125984251967 s’en
68.03149606299213 505.7007874015748 47.62204724409449 18.992125984251967 servir
101.48031496062993 505.7007874015748 28.62992125984252 18.992125984251967 du
115.65354330708661 505.7007874015748 42.803149606299215 18.992125984251967 tout.
144.0 505.7007874015748 33.16535433070866 18.992125984251967 Les
163.2755905511811 505.7007874015748 47.62204724409449 18.992125984251967 jeunes
196.44094488188978 505.7007874015748 61.79527559055118 18.992125984251967 artistes,
239.24409448818898 505.7007874015748 37.98425196850393 18.992125984251967 enfin,

23.52755905511811 519.3070866141733 66.33070866141732 13.88976377952756 veulent
71.71653543307086 519.3070866141733 78.51968503937007 13.88976377952756 démontrer
132.09448818897638 519.3070866141733 42.23622047244095 13.88976377952756 que
156.18897637795277 519.3070866141733 36.28346456692913 13.88976377952756 la
174.33070866141733 519.3070866141733 66.33070866141732 13.88976377952756 réalité
222.51968503937007 519.3070866141733 36.28346456692913 13.88976377952756 du
234.70866141732284 519.3070866141733 42.23622047244095 13.88976377952756 monde

24.944881889763778 530.6456692913385 55.55905511811024 14.456692913385826 moderne
65.48031496062993 530.6456692913385 30.330708661417322 14.456692913385826 ne
80.50393700787401 530.6456692913385 30.330708661417322 14.456692913385826 se
95.5275590551181 530.6456692913385 65.48031496062993 14.456692913385826 soustrait
145.98425196850394 530.6456692913385 35.43307086614173 14.456692913385826 pas
166.11023622047244 530.6456692913385 25.228346456692915 14.456692913385826 à
176.31496062992127 530.6456692913385 80.78740157480316 14.456692913385826 l’expérience
236.9763779527559 530.6456692913385 40.25196850393701 14.456692913385826 esthé-

24.094488188976378 540.8503937007874 53.00787401574803 17.291338582677167 tique,
61.22834645669291 540.8503937007874 47.62204724409449 17.291338582677167 parce
92.97637795275591 540.8503937007874 37.13385826771653 17.291338582677167 que
114.23622047244095 540.8503937007874 31.748031496062993 17.291338582677167 la
130.11023622047244 540.8503937007874 53.00787401574803 17.291338582677167 valeur
166.96062992125985 540.8503937007874 73.98425196850394 17.291338582677167 esthétique
225.0708661417323 540.8503937007874 47.62204724409449 17.291338582677167 n’est
251.71653543307087 540.8503937007874 26.362204724409448 17.291338582677167 pas

24.944881889763778 553.0393700787401 39.40157480314961 17.858267716535433 une
47.338582677165356 553.0393700787401 61.79527559055118 17.858267716535433 qualité
92.40944881889764 553.0393700787401 33.732283464566926 17.858267716535433 de
109.13385826771653 553.0393700787401 61.79527559055118 17.858267716535433 l’objet
154.20472440944883 553.0393700787401 45.07086614173228 17.858267716535433 mais
182.26771653543307 553.0393700787401 33.732283464566926 17.858267716535433 le
199.2755905511811 553.0393700787401 61.79527559055118 17.858267716535433 produit
238.39370078740157 553.0393700787401 39.40157480314961 17.858267716535433 d’une

25.511811023622048 564.9448818897638 54.99212598425197 17.007874015748033 attitude
66.61417322834646 564.9448818897638 27.496062992125985 17.007874015748033 du
80.50393700787401 564.9448818897638 41.38582677165354 17.007874015748033 sujet
108.0 564.9448818897638 59.52755905511811 17.007874015748033 vis-à-vis
153.92125984251967 564.9448818897638 27.496062992125985 17.007874015748033 de
167.81102362204723 564.9448818897638 27.496062992125985 17.007874015748033 la
181.41732283464566 564.9448818897638 54.99212598425197 17.007874015748033 réalité.
222.8031496062992 564.9448818897638 27.496062992125985 17.007874015748033 Il
231.8740157480315 564.9448818897638 45.92125984251968 17.007874015748033 s’ensuit

25.79527559055118 576.0 75.68503937007874 18.992125984251967 logiquement
86.45669291338582 576.0 35.43307086614173 18.992125984251967 que
106.58267716535433 576.0 30.330708661417322 18.992125984251967 la
121.88976377952756 576.0 55.55905511811024 18.992125984251967 qualité
162.14173228346456 576.0 35.43307086614173 18.992125984251967 qui
182.26771653543307 576.0 35.43307086614173 18.992125984251967 est
202.6771653543307 576.0 40.53543307086614 18.992125984251967 niée
227.90551181102362 576.0 25.228346456692915 18.992125984251967 à
233.00787401574803 576.0 45.354330708661415 18.992125984251967 l’objet

25.511811023622048 587.3385826771654 40.53543307086614 17.007874015748033 réel
50.74015748031496 587.3385826771654 40.53543307086614 17.007874015748033 soit
75.96850393700787 587.3385826771654 65.76377952755905 17.007874015748033 également
126.70866141732283 587.3385826771654 40.53543307086614 17.007874015748033 niée
151.93700787401573 587.3385826771654 25.228346456692915 17.007874015748033 à
161.85826771653544 587.3385826771654 55.55905511811024 17.007874015748033 l’objet
202.39370078740157 587.3385826771654 70.58267716535433 17.007874015748033 artistique
252.8503937007874 587.3385826771654 25.228346456692915 17.007874015748033 qui

24.37795275590551 600.9448818897638 74.83464566929133 17.858267716535433 directement
84.18897637795276 600.9448818897638 29.763779527559056 17.858267716535433 ou
99.21259842519684 600.9448818897638 39.968503937007874 17.858267716535433 non,
124.15748031496064 600.9448818897638 29.763779527559056 17.858267716535433 le
139.1811023622047 600.9448818897638 69.73228346456693 17.858267716535433 reproduit.
193.88976377952756 600.9448818897638 44.78740157480315 17.858267716535433 L’art
223.93700787401573 600.9448818897638 44.78740157480315 17.858267716535433 n’est
248.88188976377953 600.9448818897638 29.763779527559056 17.858267716535433 plus

26.078740157480315 611.4330708661417 53.574803149606296 17.007874015748033 l’objet
64.91338582677166 611.4330708661417 72.85039370078741 17.007874015748033 artistique,
123.30708661417323 611.4330708661417 63.21259842519685 17.007874015748033 l’artiste
172.06299212598427 611.4330708661417 43.653543307086615 17.007874015748033 n’est
200.9763779527559 611.4330708661417 38.83464566929134 17.007874015748033 plus
225.35433070866142 611.4330708661417 29.19685039370079 17.007874015748033 un
235.2755905511811 611.4330708661417 43.653543307086615 17.007874015748033 produc-

24.944881889763778 626.7401574803149 41.38582677165354 16.440944881889763 teur
50.74015748031496 626.7401574803149 36.28346456692913 16.440944881889763 qui
71.43307086614173 626.7401574803149 67.46456692913385 16.440944881889763 s’adresse
123.30708661417323 626.7401574803149 25.79527559055118 16.440944881889763 à
133.51181102362204 626.7401574803149 31.181102362204726 16.440944881889763 un
149.10236220472441 626.7401574803149 51.874015748031496 16.440944881889763 public
185.38582677165354 626.7401574803149 31.181102362204726 16.440944881889763 de
195.8740157480315 626.7401574803149 82.77165354330708 16.440944881889763 consommateurs.

18.141732283464567 653.3858267716536 24.37795275590551 14.173228346456693 80
