301.03937007874015 669.2598425196851
1.984251968503937 22.677165354330707 49.32283464566929 16.724409448818896 IRAN

52.15748031496063 129.54330708661416 71.43307086614173 19.275590551181104 Commissaire
109.41732283464567 129.54330708661416 52.44094488188976 19.275590551181104 général
147.4015748031496 129.54330708661416 23.811023622047244 19.275590551181104 :
157.03937007874015 129.54330708661416 57.25984251968504 19.275590551181104 Zaden
195.30708661417322 129.54330708661416 66.61417322834646 19.275590551181104 Hacopian

52.44094488188976 146.26771653543307 58.960629921259844 14.173228346456693 Directeur
97.79527559055119 146.26771653543307 31.748031496062993 14.173228346456693 des
115.93700787401575 146.26771653543307 58.960629921259844 14.173228346456693 Relations
156.4724409448819 146.26771653543307 63.496062992125985 14.173228346456693 Culturelles.

39.68503937007874 181.98425196850394 32.031496062992126 17.858267716535433 La
55.84251968503937 181.98425196850394 90.70866141732283 17.858267716535433 participation
130.39370078740157 181.98425196850394 69.44881889763779 17.858267716535433 iranienne
183.68503937007873 181.98425196850394 26.64566929133858 17.858267716535433 à
194.45669291338584 181.98425196850394 32.031496062992126 17.858267716535433 la
210.33070866141733 181.98425196850394 64.06299212598425 17.858267716535433 Biennale
253.13385826771653 181.98425196850394 21.25984251968504 17.858267716535433 de

23.244094488188978 194.74015748031496 51.30708661417323 17.5748031496063 Paris
57.25984251968504 194.74015748031496 28.346456692913385 17.5748031496063 a
68.5984251968504 194.74015748031496 39.68503937007874 17.5748031496063 été
91.55905511811024 194.74015748031496 90.99212598425197 17.5748031496063 sélectionnée
165.54330708661416 194.74015748031496 39.68503937007874 17.5748031496063 par
188.2204724409449 194.74015748031496 39.68503937007874 17.5748031496063 une
205.22834645669292 194.74015748031496 68.31496062992126 17.5748031496063 commission

22.96062992125984 210.33070866141733 64.06299212598425 13.606299212598426 spéciale
71.14960629921259 210.33070866141733 26.64566929133858 13.606299212598426 à
81.63779527559055 210.33070866141733 32.031496062992126 13.606299212598426 la
97.79527559055119 210.33070866141733 69.44881889763779 13.606299212598426 Direction
151.37007874015748 210.33070866141733 64.06299212598425 13.606299212598426 Générale
199.2755905511811 210.33070866141733 37.41732283464567 13.606299212598426 des
215.43307086614172 210.33070866141733 58.67716535433071 13.606299212598426 Relations

22.677165354330707 219.68503937007873 82.20472440944881 13.88976377952756 Culturelles
88.15748031496064 219.68503937007873 32.881889763779526 13.88976377952756 du
104.5984251968504 219.68503937007873 71.14960629921259 13.88976377952756 Ministère
159.30708661417322 219.68503937007873 32.881889763779526 13.88976377952756 de
175.748031496063 219.68503937007873 32.881889763779526 13.88976377952756 la
192.18897637795277 219.68503937007873 60.09448818897638 13.88976377952756 Culture
236.1259842519685 219.68503937007873 32.881889763779526 13.88976377952756 et
246.89763779527559 219.68503937007873 27.496062992125985 13.88976377952756 des

23.244094488188978 232.7244094488189 41.10236220472441 13.88976377952756 Arts
48.75590551181102 232.7244094488189 25.511811023622048 13.88976377952756 à
58.960629921259844 232.7244094488189 61.511811023622045 13.88976377952756 Téhéran.
105.16535433070867 232.7244094488189 41.10236220472441 13.88976377952756 Elle
130.6771653543307 232.7244094488189 61.511811023622045 13.88976377952756 comprend
176.88188976377953 232.7244094488189 30.614173228346456 13.88976377952756 de
192.18897637795277 232.7244094488189 51.30708661417323 13.88976377952756 jeunes
222.8031496062992 232.7244094488189 51.30708661417323 13.88976377952756 artistes

22.96062992125984 244.3464566929134 41.95275590551181 17.007874015748033 dont
49.039370078740156 244.3464566929134 36.56692913385827 17.007874015748033 les
70.01574803149606 244.3464566929134 52.44094488188976 17.007874015748033 œuvres
106.58267716535433 244.3464566929134 36.56692913385827 17.007874015748033 ont
127.55905511811024 244.3464566929134 36.56692913385827 17.007874015748033 été
148.53543307086613 244.3464566929134 104.88188976377953 17.007874015748033 particulièrement
232.44094488188978 244.3464566929134 41.95275590551181 17.007874015748033 remar-

22.11023622047244 257.6692913385827 56.125984251968504 12.188976377952756 quées,
61.511811023622045 257.6692913385827 56.125984251968504 12.188976377952756 durant
100.62992125984252 257.6692913385827 39.118110236220474 12.188976377952756 ces
123.02362204724409 257.6692913385827 44.78740157480315 12.188976377952756 deux
151.08661417322836 257.6692913385827 72.85039370078741 12.188976377952756 dernières
206.9291338582677 257.6692913385827 61.511811023622045 12.188976377952756 années,
246.04724409448818 257.6692913385827 28.062992125984252 12.188976377952756 par

23.811023622047244 267.87401574803147 29.480314960629922 16.724409448818896 la
38.55118110236221 267.87401574803147 58.960629921259844 16.724409448818896 critique
82.77165354330708 267.87401574803147 44.22047244094488 16.724409448818896 ainsi
112.25196850393701 267.87401574803147 34.58267716535433 16.724409448818896 que
132.09448818897638 267.87401574803147 34.58267716535433 16.724409448818896 par
151.6535433070866 267.87401574803147 34.58267716535433 16.724409448818896 les
171.21259842519686 267.87401574803147 54.14173228346457 16.724409448818896 anciens
205.79527559055117 267.87401574803147 68.88188976377953 16.724409448818896 participants

22.677165354330707 279.7795275590551 26.929133858267715 13.039370078740157 à
33.44881889763779 279.7795275590551 32.31496062992126 13.039370078740157 la
44.22047244094488 279.7795275590551 59.52755905511811 13.039370078740157 Biennale.

39.118110236220474 292.251968503937 32.031496062992126 14.173228346456693 En
55.275590551181104 292.251968503937 48.188976377952756 14.173228346456693 dépit
87.30708661417323 292.251968503937 32.031496062992126 14.173228346456693 de
103.18110236220473 292.251968503937 42.803149606299215 14.173228346456693 leur
130.11023622047244 292.251968503937 74.83464566929133 14.173228346456693 diversité,
188.78740157480314 292.251968503937 37.41732283464567 14.173228346456693 ces
210.33070866141733 292.251968503937 64.06299212598425 14.173228346456693 artistes
253.13385826771653 292.251968503937 21.25984251968504 14.173228346456693 ne

21.826771653543307 305.00787401574803 64.62992125984252 14.456692913385826 peuvent
68.88188976377953 305.00787401574803 88.15748031496064 14.456692913385826 représenter
139.46456692913387 305.00787401574803 41.10236220472441 14.456692913385826 que
162.70866141732284 305.00787401574803 52.724409448818896 14.456692913385826 d’une
198.14173228346456 305.00787401574803 64.62992125984252 14.456692913385826 manière
239.24409448818898 305.00787401574803 35.1496062992126 14.456692913385826 très

22.11023622047244 317.4803149606299 85.88976377952756 12.188976377952756 approximative
92.69291338582677 317.4803149606299 35.43307086614173 12.188976377952756 les
113.10236220472441 317.4803149606299 65.48031496062993 12.188976377952756 tendances
163.2755905511811 317.4803149606299 75.68503937007874 12.188976377952756 artistiques
218.83464566929135 317.4803149606299 55.55905511811024 12.188976377952756 actuelles

22.393700787401574 329.6692913385827 33.732283464566926 12.472440944881889 de
39.40157480314961 329.6692913385827 61.79527559055118 12.472440944881889 l’Iran.
84.18897637795276 329.6692913385827 78.51968503937007 12.472440944881889 Néanmoins,
145.70078740157481 329.6692913385827 33.732283464566926 12.472440944881889 la
162.70866141732284 329.6692913385827 72.85039370078741 12.472440944881889 sélection
218.5511811023622 329.6692913385827 50.45669291338583 12.472440944881889 donne
246.61417322834646 329.6692913385827 28.062992125984252 12.472440944881889 une

23.244094488188978 340.15748031496065 41.95275590551181 11.905511811023622 idée
49.60629921259842 340.15748031496065 62.92913385826772 11.905511811023622 générale
96.94488188976378 340.15748031496065 31.46456692913386 11.905511811023622 de
112.53543307086615 340.15748031496065 73.41732283464567 11.905511811023622 l’ensemble
170.36220472440945 340.15748031496065 31.46456692913386 11.905511811023622 de
185.95275590551182 340.15748031496065 47.338582677165356 11.905511811023622 notre
217.41732283464566 340.15748031496065 47.338582677165356 11.905511811023622 jeune
243.7795275590551 340.15748031496065 31.46456692913386 11.905511811023622 mou-

21.826771653543307 349.79527559055117 54.425196850393704 16.724409448818896 vement
54.425196850393704 349.79527559055117 65.48031496062993 16.724409448818896 plastique.

11.905511811023622 647.1496062992126 23.244094488188978 14.456692913385826 72
