1030 2385
226 76 500 79 <b>REPUBLIQUE
608 76 411 79 FEDERALE</b>

537 129 483 81 <b>D'ALLEMAGNE</b>

120 474 265 86 Commissaire
332 474 194 86 général
473 474 88 86 :
509 474 229 86 <b>Thomas
668 474 282 86 Grochowiak</b>

122 537 264 61 Conservateur
337 537 99 61 en
387 537 132 61 chef
470 537 116 61 des
536 537 165 61 Musées
651 537 99 61 de
685 537 264 61 Recklinghausen

125 591 99 47 et
158 591 248 47 d’Oberhausen.

84 695 135 75 Les
161 695 251 75 nouvelles
354 695 309 75 dispositions
605 695 116 75 de
663 695 116 75 la
720 695 232 75 Biennale
875 695 77 75 de

30 748 192 70 Paris,
164 748 135 70 qui
241 748 231 70 poussent
414 748 115 70 au
472 748 212 70 premier
626 748 154 70 plan
722 748 135 70 les
780 748 173 70 projets

27 790 124 60 et
89 790 330 60 réalisations
358 790 248 60 d’œuvres
543 790 248 60 étudiées
729 790 124 60 en
770 790 186 60 commun,

31 835 236 60 reflètent
212 835 127 60 les
285 835 181 60 désirs
412 835 236 60 impétueux
593 835 109 60 de
648 835 218 60 certains
793 835 163 60 groupes

28 875 124 61 de
90 875 206 61 jeunes
235 875 227 61 engagés
400 875 392 61 idéologiquement
730 875 124 61 et
771 875 186 61 donnent

31 922 96 60 à
69 922 174 60 cette
185 922 328 60 manifestation
455 922 116 60 un
513 922 251 60 caractère
687 922 270 60 progressiste

31 976 137 53 qui
110 976 118 53 ne
169 976 157 53 peut
247 976 196 53 tromper.

88 1013 166 59 Pour
192 1013 145 59 les
275 1013 207 59 jeunes
420 1013 248 59 artistes
606 1013 124 59 de
668 1013 124 59 la
710 1013 248 59 République

32 1045 247 63 Fédérale
218 1045 330 63 d’Allemagne,
486 1045 186 63 cette
610 1045 268 63 évolution
816 1045 124 63 ne
857 1045 103 63 fut

32 1091 218 62 adoptée
191 1091 119 62 au
250 1091 178 62 début
369 1091 218 62 qu’avec
527 1091 277 62 hésitation
745 1091 119 62 et
785 1091 178 62 souvent

36 1131 161 59 même
136 1131 161 59 avec
237 1131 121 59 un
297 1131 221 59 certain
458 1131 321 59 scepticisme.
719 1131 121 59 La
759 1131 201 59 violence

34 1172 170 65 faite
148 1172 95 65 à
185 1172 189 65 chaque
318 1172 208 65 liberté
469 1172 322 65 individuelle,
734 1172 170 65 comme
829 1172 132 65 celle

36 1218 141 65 que
116 1218 201 65 connut
257 1218 121 65 ce
317 1218 161 65 pays
418 1218 161 65 dans
519 1218 121 65 le
579 1218 181 65 passé
700 1218 121 65 et
760 1218 141 65 qui
820 1218 141 65 reste

35 1259 220 61 encore
189 1259 287 61 imprégnée
410 1259 176 61 dans
520 1259 154 61 nos
608 1259 309 61 souvenirs,
829 1259 132 61 rend

39 1299 333 66 compréhensible
316 1299 166 66 cette
427 1299 222 66 réserve.
593 1299 129 66 Nos
667 1299 185 66 jeunes
778 1299 185 66 artistes

41 1347 231 53 savourent
219 1347 142 53 leur
307 1347 195 53 liberté
449 1347 213 53 regagnée
609 1347 106 53 et
662 1347 124 53 ils
733 1347 106 53 la
769 1347 195 53 savourent

38 1386 197 70 jusque
176 1386 158 70 dans
275 1386 138 70 les
353 1386 295 70 expériences
590 1386 138 70 les
669 1386 158 70 plus
747 1386 217 70 extrêmes.

95 1436 296 48 Aujourd’hui
332 1436 237 48 apparaît
509 1436 158 48 donc
608 1436 118 48 un
667 1436 197 48 nouvel
786 1436 177 48 horizon

41 1469 275 60 artistique
258 1469 98 60 —
297 1469 157 60 bien
395 1469 216 60 éloigné
552 1469 118 60 de
611 1469 236 60 l’esprit
768 1469 197 60 national

43 1511 160 60 buté
143 1511 120 60 et
203 1511 200 60 étroit
344 1511 100 60 —
384 1511 140 60 qui
464 1511 180 60 tient
584 1511 220 60 ouverte
745 1511 120 60 la
805 1511 180 60 porte
905 1511 60 60 à

42 1553 138 55 des
121 1553 315 55 intégrations
377 1553 118 55 et
436 1553 138 55 des
515 1553 276 55 expansions
732 1553 158 55 dans
810 1553 158 55 toutes

48 1608 122 52 les
100 1608 226 52 directions.

104 1639 241 68 Personne
285 1639 120 68 ne
345 1639 161 68 sera
445 1639 201 68 étonné
586 1639 141 68 si,
666 1639 120 68 en
726 1639 120 68 un
786 1639 181 68 temps
887 1639 80 68 où

47 1692 226 54 l’homme
211 1692 103 54 a
252 1692 205 54 réussi
395 1692 103 54 à
436 1692 123 54 se
498 1692 185 54 poser
621 1692 144 54 sur
703 1692 123 54 la
764 1692 185 54 lune,
867 1692 103 54 les

46 1738 231 51 projets
214 1738 147 51 qui
298 1738 231 51 hantent
466 1738 147 51 les
550 1738 231 51 membres
718 1738 147 51 des
781 1738 189 51 équipes

50 1782 150 51 pour
144 1782 338 51 l’architecture
426 1782 113 51 et
482 1782 169 51 l’art
595 1782 188 51 visent
726 1782 94 51 à
745 1782 225 51 subjuguer,

46 1815 172 49 dans
154 1815 129 49 un
219 1815 215 49 avenir
369 1815 280 49 prochain,
585 1815 151 49 les
671 1815 280 49 problèmes
864 1815 108 49 des

49 1863 205 52 grands
193 1863 246 52 espaces,
378 1863 123 52 de
439 1863 123 52 la
501 1863 349 52 surpopulation
788 1863 123 52 et
850 1863 123 52 de
891 1863 82 52 la

51 1909 273 40 structure
261 1909 126 40 du
324 1909 273 40 panorama.
533 1909 168 40 Bien
638 1909 252 40 entendu,
827 1909 126 40 il
890 1909 105 40 y
911 1909 63 40 a

52 1947 189 45 autant
184 1947 283 45 d’avantages
410 1947 132 45 que
486 1947 358 45 d’inconvénients
787 1947 94 45 à
806 1947 170 45 vouloir

50 1983 215 51 élever
201 1983 108 51 —
244 1983 129 51 au
309 1983 194 51 moyen
438 1983 258 51 d’images
632 1983 129 51 et
696 1983 280 51 d’objets,
890 1983 86 51 de

53 2027 180 45 films
173 2027 120 45 et
233 2027 120 45 de
293 2027 320 45 compositions
554 2027 240 45 diverses
734 2027 100 45 —
774 2027 120 45 au
814 2027 160 45 niveau

56 2063 111 53 de
111 2063 111 53 ce
166 2063 203 53 conflit
314 2063 166 53 d’une
425 2063 222 53 brûlante
591 2063 259 53 actualité,
794 2063 129 53 une
850 2063 129 53 géné-

55 2109 196 46 ration
193 2109 255 46 fortement
389 2109 275 46 pré-formée
605 2109 118 46 et
644 2109 334 46 non

114 2158 118 42 La
173 2158 275 42 découverte
389 2158 118 42 de
448 2158 314 42 possibilités
703 2158 118 42 et
762 2158 118 42 de
801 2158 177 42 moyens,

56 2200 235 43 toujours
233 2200 118 43 de
292 2200 157 43 plus
390 2200 118 43 en
449 2200 157 43 plus
547 2200 235 43 nombreux
723 2200 118 43 et
762 2200 216 43 nouveaux,

903 2279 80 60 21
