301.03937007874015 669.2598425196851
-0.8503937007874016 23.811023622047244 95.24409448818898 18.141732283464567 <b>URUGUAY</b>

53.85826771653543 132.09448818897638 67.74803149606299 21.543307086614174 Commissaire
108.0 132.09448818897638 49.60629921259842 21.543307086614174 général
144.28346456692913 132.09448818897638 22.677165354330707 21.543307086614174 :
153.35433070866142 132.09448818897638 63.21259842519685 21.543307086614174 <b>Gonzalo
202.96062992125985 132.09448818897638 45.07086614173228 21.543307086614174 Garcia
230.17322834645668 132.09448818897638 49.60629921259842 21.543307086614174 Lagos</b>

45.92125984251968 145.13385826771653 49.889763779527556 13.606299212598426 Turena

53.29133858267716 157.60629921259843 67.74803149606299 18.4251968503937 Secrétaire
106.2992125984252 157.60629921259843 38.55118110236221 18.4251968503937 près
130.6771653543307 157.60629921259843 72.56692913385827 18.4251968503937 l’Ambassade
188.50393700787401 157.60629921259843 62.92913385826772 18.4251968503937 d’Uruguay
236.9763779527559 157.60629921259843 24.094488188976378 18.4251968503937 à
241.79527559055117 157.60629921259843 38.55118110236221 18.4251968503937 Paris.

39.68503937007874 347.244094488189 67.46456692913385 13.039370078740157 L’Atelier
91.55905511811024 347.244094488189 31.181102362204726 13.039370078740157 de
107.14960629921259 347.244094488189 72.56692913385827 13.039370078740157 Montevideo
164.1259842519685 347.244094488189 26.078740157480315 13.039370078740157 a
174.61417322834646 347.244094488189 36.28346456692913 13.039370078740157 été
195.30708661417322 347.244094488189 77.95275590551181 13.039370078740157 sélectionné
252.28346456692913 347.244094488189 26.078740157480315 13.039370078740157 par

22.96062992125984 359.1496062992126 32.59842519685039 14.456692913385826 la
39.118110236220474 359.1496062992126 75.96850393700787 14.456692913385826 Commission
98.92913385826772 359.1496062992126 70.58267716535433 14.456692913385826 Nationale
153.0708661417323 359.1496062992126 37.98425196850393 14.456692913385826 des
174.89763779527559 359.1496062992126 43.37007874015748 14.456692913385826 Arts
201.82677165354332 359.1496062992126 75.96850393700787 14.456692913385826 Plastiques
255.96850393700788 359.1496062992126 21.826771653543307 14.456692913385826 de

22.96062992125984 370.48818897637796 67.46456692913385 13.606299212598426 l’Uruguay
74.83464566929133 370.48818897637796 41.669291338582674 13.606299212598426 pour
100.91338582677166 370.48818897637796 72.85039370078741 13.606299212598426 participer
157.88976377952756 370.48818897637796 26.078740157480315 13.606299212598426 à
168.3779527559055 370.48818897637796 31.181102362204726 13.606299212598426 la
183.96850393700788 370.48818897637796 62.36220472440945 13.606299212598426 Biennale
230.74015748031496 370.48818897637796 31.181102362204726 13.606299212598426 de
241.22834645669292 370.48818897637796 36.28346456692913 13.606299212598426 Paris

21.543307086614174 384.09448818897636 34.2992125984252 12.755905511811024 de
38.55118110236221 384.09448818897636 51.30708661417323 12.755905511811024 1969.
72.85039370078741 384.09448818897636 34.2992125984252 12.755905511811024 Il
89.85826771653544 384.09448818897636 28.62992125984252 12.755905511811024 a
101.19685039370079 384.09448818897636 39.968503937007874 12.755905511811024 été
124.15748031496064 384.09448818897636 51.30708661417323 12.755905511811024 fondé
158.45669291338584 384.09448818897636 28.62992125984252 12.755905511811024 à
169.79527559055117 384.09448818897636 79.93700787401575 12.755905511811024 Montevideo
232.44094488188978 384.09448818897636 34.2992125984252 12.755905511811024 en
243.7795275590551 384.09448818897636 34.2992125984252 12.755905511811024 1963

22.11023622047244 394.86614173228344 37.41732283464567 14.173228346456693 par
43.37007874015748 394.86614173228344 58.67716535433071 14.173228346456693 Armando
86.1732283464567 394.86614173228344 69.44881889763779 14.173228346456693 Bergallo,
139.46456692913387 394.86614173228344 47.90551181102362 14.173228346456693 Gorki
171.49606299212599 394.86614173228344 58.67716535433071 14.173228346456693 Bollar,
214.29921259842519 394.86614173228344 47.90551181102362 14.173228346456693 Clara
240.9448818897638 394.86614173228344 37.41732283464567 14.173228346456693 Scri-

22.11023622047244 409.03937007874015 42.51968503937008 11.905511811023622 mini
48.75590551181102 409.03937007874015 32.031496062992126 11.905511811023622 et
64.91338582677166 409.03937007874015 53.29133858267716 11.905511811023622 Hector
102.04724409448819 409.03937007874015 53.29133858267716 11.905511811023622 Vilche
139.46456692913387 409.03937007874015 26.64566929133858 11.905511811023622 —
149.95275590551182 409.03937007874015 32.031496062992126 11.905511811023622 en
165.82677165354332 409.03937007874015 42.51968503937008 11.905511811023622 1965
192.4724409448819 409.03937007874015 26.64566929133858 11.905511811023622 a
203.24409448818898 409.03937007874015 37.41732283464567 11.905511811023622 été
219.11811023622047 409.03937007874015 58.67716535433071 11.905511811023622 incorporé

21.543307086614174 418.3937007874016 31.46456692913386 15.307086614173228 au
37.13385826771653 418.3937007874016 52.44094488188976 15.307086614173228 groupe
73.98425196850394 418.3937007874016 57.826771653543304 15.307086614173228 Ernesto
115.93700787401575 418.3937007874016 47.338582677165356 15.307086614173228 Vila.
147.4015748031496 418.3937007874016 52.44094488188976 15.307086614173228 Depuis
183.96850393700788 418.3937007874016 47.338582677165356 15.307086614173228 1966,
215.43307086614172 418.3937007874016 31.46456692913386 15.307086614173228 il
231.30708661417322 418.3937007874016 26.362204724409448 15.307086614173228 a
236.40944881889763 418.3937007874016 41.95275590551181 15.307086614173228 quitté

21.25984251968504 430.86614173228344 81.35433070866142 13.039370078740157 l’Amérique
85.32283464566929 430.86614173228344 34.86614173228347 13.039370078740157 du
102.89763779527559 430.86614173228344 40.818897637795274 13.039370078740157 Sud
126.14173228346456 430.86614173228344 46.488188976377955 13.039370078740157 pour
155.33858267716536 430.86614173228344 64.06299212598425 13.039370078740157 exposer
201.82677165354332 430.86614173228344 40.818897637795274 13.039370078740157 son
225.0708661417323 430.86614173228344 52.44094488188976 13.039370078740157 œuvre
254.26771653543307 430.86614173228344 23.244094488188978 13.039370078740157 en

21.543307086614174 442.48818897637796 64.06299212598425 12.472440944881889 Europe,
68.31496062992126 442.48818897637796 75.68503937007874 12.472440944881889 notamment
126.4251968503937 442.48818897637796 34.86614173228347 12.472440944881889 en
144.0 442.48818897637796 75.68503937007874 12.472440944881889 Hollande,
202.11023622047244 442.48818897637796 34.86614173228347 12.472440944881889 en
219.68503937007873 442.48818897637796 58.110236220472444 12.472440944881889 France
254.5511811023622 442.48818897637796 23.244094488188978 12.472440944881889 et

21.826771653543307 454.3937007874016 31.46456692913386 13.039370078740157 en
37.41732283464567 454.3937007874016 62.92913385826772 13.039370078740157 Espagne.
84.4724409448819 454.3937007874016 41.95275590551181 13.039370078740157 Puis
110.55118110236221 454.3937007874016 31.46456692913386 13.039370078740157 le
126.4251968503937 454.3937007874016 52.44094488188976 13.039370078740157 groupe
162.99212598425197 454.3937007874016 26.078740157480315 13.039370078740157 a
173.48031496062993 454.3937007874016 52.44094488188976 13.039370078740157 décidé
210.04724409448818 454.3937007874016 31.46456692913386 13.039370078740157 de
220.53543307086613 454.3937007874016 57.54330708661417 13.039370078740157 s’instal-

21.543307086614174 466.86614173228344 37.41732283464567 11.05511811023622 ler
43.08661417322835 466.86614173228344 96.09448818897638 11.05511811023622 définitivement
123.02362204724409 466.86614173228344 26.64566929133858 11.05511811023622 à
133.79527559055117 466.86614173228344 64.06299212598425 11.05511811023622 Londres.
181.98425196850394 466.86614173228344 80.22047244094489 11.05511811023622 Différentes
240.66141732283464 466.86614173228344 37.41732283464567 11.05511811023622 expé-

21.25984251968504 477.9212598425197 60.09448818897638 15.590551181102363 riences
64.91338582677166 477.9212598425197 43.653543307086615 15.590551181102363 dans
92.1259842519685 477.9212598425197 32.881889763779526 15.590551181102363 le
108.56692913385827 477.9212598425197 60.09448818897638 15.590551181102363 domaine
152.50393700787401 477.9212598425197 32.881889763779526 15.590551181102363 de
168.66141732283464 477.9212598425197 49.32283464566929 15.590551181102363 l’art
201.54330708661416 477.9212598425197 71.14960629921259 15.590551181102363 cinétique
250.86614173228347 477.9212598425197 27.212598425196852 15.590551181102363 ont

20.409448818897637 492.66141732283467 47.338582677165356 13.039370078740157 alors
52.15748031496063 492.66141732283467 36.8503937007874 13.039370078740157 été
73.13385826771653 492.66141732283467 73.7007874015748 13.039370078740157 réalisées.
130.96062992125985 492.66141732283467 47.338582677165356 13.039370078740157 Cette
162.70866141732284 492.66141732283467 68.31496062992126 13.039370078740157 recherche
215.1496062992126 492.66141732283467 36.8503937007874 13.039370078740157 sur
236.40944881889763 492.66141732283467 31.46456692913386 13.039370078740157 le
246.89763779527559 492.66141732283467 31.46456692913386 13.039370078740157 pro-

19.84251968503937 502.2992125984252 55.275590551181104 13.039370078740157 blème
56.69291338582677 502.2992125984252 36.8503937007874 13.039370078740157 du
75.11811023622047 502.2992125984252 55.275590551181104 13.039370078740157 temps
111.96850393700787 502.2992125984252 36.8503937007874 13.039370078740157 et
130.39370078740157 502.2992125984252 36.8503937007874 13.039370078740157 du
148.8188976377953 502.2992125984252 79.65354330708661 13.039370078740157 mouvement
210.04724409448818 502.2992125984252 30.614173228346456 13.039370078740157 a
222.23622047244095 502.2992125984252 61.22834645669291 13.039370078740157 abouti
259.0866141732283 502.2992125984252 18.4251968503937 13.039370078740157 à

20.409448818897637 514.488188976378 98.07874015748031 12.472440944881889 l’incorporation
102.89763779527559 514.488188976378 41.38582677165354 12.472440944881889 d’un
128.69291338582678 514.488188976378 51.59055118110236 12.472440944881889 nouvel
164.9763779527559 514.488188976378 56.69291338582677 12.472440944881889 élément
201.25984251968504 514.488188976378 77.38582677165354 12.472440944881889 particulière-

19.275590551181104 525.5433070866142 47.05511811023622 14.173228346456693 ment
48.75590551181102 525.5433070866142 58.960629921259844 14.173228346456693 riche:
90.14173228346456 525.5433070866142 35.43307086614173 14.173228346456693 le
107.71653543307086 525.5433070866142 53.00787401574803 14.173228346456693 corps
143.1496062992126 525.5433070866142 64.91338582677166 14.173228346456693 humain.
190.20472440944883 525.5433070866142 53.00787401574803 14.173228346456693 Cette
219.68503937007873 525.5433070866142 58.960629921259844 14.173228346456693 nouvelle

19.559055118110237 537.7322834645669 76.25196850393701 14.173228346456693 orientation
80.50393700787401 537.7322834645669 25.511811023622048 14.173228346456693 a
90.70866141732283 537.7322834645669 30.614173228346456 14.173228346456693 pu
106.01574803149606 537.7322834645669 40.53543307086614 14.173228346456693 être
131.24409448818898 537.7322834645669 50.74015748031496 14.173228346456693 suivie
166.96062992125985 537.7322834645669 35.43307086614173 14.173228346456693 par
187.08661417322836 537.7322834645669 30.614173228346456 14.173228346456693 le
202.39370078740157 537.7322834645669 50.74015748031496 14.173228346456693 public
233.00787401574803 537.7322834645669 45.63779527559055 14.173228346456693 anglais

19.559055118110237 550.2047244094488 42.23622047244095 14.173228346456693 dans
45.92125984251968 550.2047244094488 68.5984251968504 14.173228346456693 l’atelier
98.64566929133858 550.2047244094488 42.23622047244095 14.173228346456693 même
125.00787401574803 550.2047244094488 36.8503937007874 14.173228346456693 des
146.26771653543307 550.2047244094488 63.21259842519685 14.173228346456693 artistes
193.60629921259843 550.2047244094488 31.748031496062993 14.173228346456693 et
209.48031496062993 550.2047244094488 26.362204724409448 14.173228346456693 a
219.96850393700788 550.2047244094488 47.338582677165356 14.173228346456693 donné
246.33070866141733 550.2047244094488 31.748031496062993 14.173228346456693 lieu

19.275590551181104 561.8267716535433 31.181102362204726 14.456692913385826 au
34.86614173228347 561.8267716535433 57.25984251968504 14.456692913385826 montage
76.25196850393701 561.8267716535433 41.669291338582674 14.456692913385826 d’un
102.33070866141732 561.8267716535433 72.85039370078741 14.456692913385826 spectacle,
159.30708661417322 561.8267716535433 57.25984251968504 14.456692913385826 Cronus,
200.9763779527559 561.8267716535433 36.28346456692913 14.456692913385826 qui
221.66929133858267 561.8267716535433 26.078740157480315 14.456692913385826 a
232.15748031496062 561.8267716535433 36.28346456692913 14.456692913385826 été
247.748031496063 561.8267716535433 31.181102362204726 14.456692913385826 pré-

19.84251968503937 573.7322834645669 48.75590551181102 13.32283464566929 senté
52.15748031496063 573.7322834645669 26.929133858267715 13.32283464566929 à
62.92913385826772 573.7322834645669 32.31496062992126 13.32283464566929 la
79.37007874015748 573.7322834645669 43.37007874015748 13.32283464566929 Tate
106.2992125984252 573.7322834645669 64.91338582677166 13.32283464566929 Gallery.
155.0551181102362 573.7322834645669 54.14173228346457 13.32283464566929 Cronus
192.75590551181102 573.7322834645669 37.7007874015748 13.32283464566929 est
214.29921259842519 573.7322834645669 32.31496062992126 13.32283464566929 la
225.0708661417323 573.7322834645669 54.14173228346457 13.32283464566929 confron-

18.992125984251967 585.6377952755905 56.40944881889764 12.755905511811024 tation
58.67716535433071 585.6377952755905 79.08661417322834 12.755905511811024 d’éléments
120.75590551181102 585.6377952755905 84.75590551181102 12.755905511811024 techniques,
188.50393700787401 585.6377952755905 34.01574803149607 12.755905511811024 de
205.51181102362204 585.6377952755905 73.41732283464567 12.755905511811024 personnes
256.251968503937 585.6377952755905 22.677165354330707 12.755905511811024 et

19.275590551181104 598.6771653543307 69.16535433070867 12.472440944881889 d’objets
71.14960629921259 598.6771653543307 40.53543307086614 12.472440944881889 mis
94.11023622047244 598.6771653543307 34.58267716535433 12.472440944881889 en
111.4015748031496 598.6771653543307 75.11811023622047 12.472440944881889 mouvement
169.22834645669292 598.6771653543307 40.53543307086614 12.472440944881889 par
192.4724409448819 598.6771653543307 40.53543307086614 12.472440944881889 ces
209.76377952755905 598.6771653543307 69.16535433070867 12.472440944881889 personnes.

18.992125984251967 610.0157480314961 54.14173228346457 11.622047244094489 Cronus
56.69291338582677 610.0157480314961 37.7007874015748 11.622047244094489 est
78.51968503937007 610.0157480314961 48.75590551181102 11.622047244094489 fondé
110.83464566929133 610.0157480314961 37.7007874015748 11.622047244094489 sur
132.3779527559055 610.0157480314961 113.38582677165354 11.622047244094489 l’indétermination
229.60629921259843 610.0157480314961 32.31496062992126 11.622047244094489 du
240.66141732283464 610.0157480314961 37.7007874015748 11.622047244094489 temps

18.992125984251967 621.3543307086615 31.181102362204726 15.307086614173228 et
34.58267716535433 621.3543307086615 31.181102362204726 15.307086614173228 de
44.78740157480315 621.3543307086615 57.25984251968504 15.307086614173228 l’espace.

13.88976377952756 647.4330708661417 26.362204724409448 13.039370078740157 128
