301.03937007874015 669.2598425196851
-7.653543307086614 22.11023622047244 189.0708661417323 20.69291338582677 <b>GRANDE

51.59055118110236 129.25984251968504 80.22047244094489 19.559055118110237 Commissaire
115.65354330708661 129.25984251968504 58.67716535433071 19.559055118110237 général
158.45669291338584 129.25984251968504 26.64566929133858 19.559055118110237 :
169.22834645669292 129.25984251968504 69.44881889763779 19.559055118110237 <b>Lilian
217.13385826771653 129.25984251968504 85.60629921259843 19.559055118110237 Somerville</b>

51.59055118110236 146.26771653543307 83.90551181102362 15.590551181102363 Directrice
117.35433070866142 146.26771653543307 36.0 15.590551181102363 du
135.49606299212599 146.26771653543307 89.85826771653544 15.590551181102363 Département
207.21259842519686 146.26771653543307 41.95275590551181 15.590551181102363 des
231.30708661417322 146.26771653543307 83.90551181102362 15.590551181102363 Beaux-Arts

48.75590551181102 158.45669291338584 49.039370078740156 14.456692913385826 du
73.41732283464567 158.45669291338584 90.14173228346456 14.456692913385826 British
138.89763779527559 158.45669291338584 90.14173228346456 14.456692913385826 Council
204.3779527559055 158.45669291338584 41.10236220472441 14.456692913385826 à
220.8188976377953 158.45669291338584 98.36220472440945 14.456692913385826 Londres.

39.68503937007874 193.03937007874015 55.84251968503937 14.456692913385826 Chacun
78.80314960629921 193.03937007874015 39.118110236220474 14.456692913385826 des
101.19685039370079 193.03937007874015 50.173228346456696 14.456692913385826 trois
134.64566929133858 193.03937007874015 67.18110236220473 14.456692913385826 artistes
185.10236220472441 193.03937007874015 39.118110236220474 14.456692913385826 qui
207.49606299212599 193.03937007874015 89.29133858267717 14.456692913385826 représentent
280.06299212598424 193.03937007874015 33.44881889763779 14.456692913385826 la

22.677165354330707 204.9448818897638 110.83464566929133 13.32283464566929 Grande-Bretagne
116.22047244094489 204.9448818897638 29.19685039370079 13.32283464566929 à
127.84251968503936 204.9448818897638 34.86614173228347 13.32283464566929 la
145.13385826771653 204.9448818897638 64.06299212598425 13.32283464566929 Sixième
191.90551181102362 204.9448818897638 70.01574803149606 13.32283464566929 Biennale
244.3464566929134 204.9448818897638 34.86614173228347 13.32283464566929 de
261.9212598425197 204.9448818897638 52.44094488188976 13.32283464566929 Paris

23.811023622047244 218.5511811023622 54.70866141732284 13.039370078740157 désire
62.07874015748032 218.5511811023622 60.09448818897638 13.039370078740157 attirer
105.73228346456693 218.5511811023622 82.20472440944881 13.039370078740157 l’attention
171.49606299212599 218.5511811023622 38.267716535433074 13.039370078740157 sur
193.3228346456693 218.5511811023622 32.881889763779526 13.039370078740157 la
209.76377952755905 218.5511811023622 54.70866141732284 13.039370078740157 nature
248.03149606299212 218.5511811023622 43.653543307086615 13.039370078740157 même
275.244094488189 218.5511811023622 38.267716535433074 13.039370078740157 des

22.393700787401574 229.88976377952756 78.23622047244095 12.188976377952756 éléments
81.07086614173228 229.88976377952756 84.75590551181102 12.188976377952756 physiques
146.26771653543307 229.88976377952756 45.63779527559055 12.188976377952756 qui
172.3464566929134 229.88976377952756 84.75590551181102 12.188976377952756 composent
237.54330708661416 229.88976377952756 45.63779527559055 12.188976377952756 son
257.1023622047244 229.88976377952756 45.63779527559055 12.188976377952756 œuve.

22.96062992125984 239.81102362204723 45.63779527559055 14.173228346456693 Tous
51.59055118110236 239.81102362204723 39.968503937007874 14.173228346456693 les
74.26771653543307 239.81102362204723 51.30708661417323 14.173228346456693 trois
108.56692913385827 239.81102362204723 39.968503937007874 14.173228346456693 ont
131.5275590551181 239.81102362204723 34.2992125984252 14.173228346456693 un
148.53543307086613 239.81102362204723 51.30708661417323 14.173228346456693 grand
182.83464566929135 239.81102362204723 51.30708661417323 14.173228346456693 souci
217.13385826771653 239.81102362204723 34.2992125984252 14.173228346456693 de
234.14173228346456 239.81102362204723 56.976377952755904 14.173228346456693 clarté
268.4409448818898 239.81102362204723 34.2992125984252 14.173228346456693 for-

23.52755905511811 252.8503937007874 52.44094488188976 11.622047244094489 melle
58.67716535433071 252.8503937007874 34.86614173228347 11.622047244094489 et
75.96850393700787 252.8503937007874 58.110236220472444 11.622047244094489 chacun
116.78740157480316 252.8503937007874 64.06299212598425 11.622047244094489 d’entre
163.2755905511811 252.8503937007874 40.818897637795274 11.622047244094489 eux
186.51968503937007 252.8503937007874 64.06299212598425 11.622047244094489 utilise
233.00787401574803 252.8503937007874 40.818897637795274 11.622047244094489 les
256.251968503937 252.8503937007874 58.110236220472444 11.622047244094489 lignes

22.677165354330707 264.18897637795277 58.67716535433071 14.456692913385826 comme
61.79527559055118 264.18897637795277 45.63779527559055 14.456692913385826 des
87.8740157480315 264.18897637795277 65.19685039370079 14.456692913385826 moyens
133.51181102362204 264.18897637795277 39.118110236220474 14.456692913385826 de
153.0708661417323 264.18897637795277 84.75590551181102 14.456692913385826 délimiter
217.98425196850394 264.18897637795277 78.23622047244095 14.456692913385826 l’espace
276.66141732283467 264.18897637795277 39.118110236220474 14.456692913385826 ou

7.086614173228346 276.9448818897638 136.62992125984252 12.472440944881889 la
75.4015748031496 276.9448818897638 272.9763779527559 12.472440944881889 surface.

39.118110236220474 287.7165354330709 45.92125984251968 15.023622047244094 John
67.74803149606299 287.7165354330709 57.25984251968504 15.023622047244094 Walker
107.71653543307086 287.7165354330709 74.55118110236221 15.023622047244094 travaille
165.25984251968504 287.7165354330709 40.25196850393701 15.023622047244094 sur
188.2204724409449 287.7165354330709 40.25196850393701 15.023622047244094 une
210.89763779527559 287.7165354330709 57.25984251968504 15.023622047244094 grande
251.1496062992126 287.7165354330709 62.92913385826772 15.023622047244094 échelle

23.244094488188978 300.755905511811 36.56692913385827 13.88976377952756 et
41.38582677165354 300.755905511811 66.89763779527559 13.88976377952756 chacune
89.85826771653544 300.755905511811 36.56692913385827 13.88976377952756 de
108.28346456692914 300.755905511811 42.51968503937008 13.88976377952756 ses
132.66141732283464 300.755905511811 79.08661417322834 13.88976377952756 peintures
193.3228346456693 300.755905511811 42.51968503937008 13.88976377952756 est
217.70078740157481 300.755905511811 97.22834645669292 13.88976377952756 expérimentée

22.96062992125984 312.09448818897636 35.1496062992126 14.456692913385826 en
40.53543307086614 312.09448818897636 46.77165354330709 14.456692913385826 tant
69.73228346456693 312.09448818897636 116.78740157480316 14.456692913385826 qu’environnement
169.22834645669292 312.09448818897636 29.19685039370079 14.456692913385826 :
180.8503937007874 312.09448818897636 35.1496062992126 14.456692913385826 un
198.4251968503937 312.09448818897636 58.39370078740158 14.456692913385826 simple
233.5748031496063 312.09448818897636 40.818897637795274 14.456692913385826 champ

23.52755905511811 325.7007874015748 42.803149606299215 13.039370078740157 dans
50.173228346456696 325.7007874015748 53.574803149606296 13.039370078740157 lequel
87.8740157480315 325.7007874015748 37.41732283464567 13.039370078740157 des
109.13385826771653 325.7007874015748 64.06299212598425 13.039370078740157 éléments
157.3228346456693 325.7007874015748 80.22047244094489 13.039370078740157 étrangement
221.38582677165354 325.7007874015748 53.574803149606296 13.039370078740157 formés
253.70078740157481 325.7007874015748 21.25984251968504 13.039370078740157 se

24.094488188976378 336.4724409448819 71.71653543307086 14.456692913385826 déploient,
80.50393700787401 336.4724409448819 56.40944881889764 14.456692913385826 parfois
121.60629921259843 336.4724409448819 30.89763779527559 14.456692913385826 de
136.91338582677164 336.4724409448819 46.20472440944882 14.456692913385826 façon
167.5275590551181 336.4724409448819 41.10236220472441 14.456692913385826 très
193.3228346456693 336.4724409448819 56.40944881889764 14.456692913385826 isolée,
229.03937007874015 336.4724409448819 46.20472440944882 14.456692913385826 parfois

23.811023622047244 349.2283464566929 32.881889763779526 12.188976377952756 en
40.25196850393701 349.2283464566929 32.881889763779526 12.188976377952756 se
56.69291338582677 349.2283464566929 87.59055118110236 12.188976377952756 chevauchant,
127.84251968503936 349.2283464566929 32.881889763779526 12.188976377952756 ou
144.28346456692913 349.2283464566929 43.653543307086615 12.188976377952756 même
171.49606299212599 349.2283464566929 32.881889763779526 12.188976377952756 en
182.5511811023622 349.2283464566929 92.97637795275591 12.188976377952756 s’obscurcissant

23.811023622047244 359.1496062992126 108.85039370078741 14.173228346456693 réciproquement.
115.37007874015748 359.1496062992126 34.2992125984252 14.173228346456693 Le
132.66141732283464 359.1496062992126 80.22047244094489 14.173228346456693 spectateur
195.59055118110237 359.1496062992126 34.2992125984252 14.173228346456693 en
212.88188976377953 359.1496062992126 57.25984251968504 14.173228346456693 reçoit
247.1811023622047 359.1496062992126 28.62992125984252 14.173228346456693 une

24.37795275590551 371.62204724409446 76.53543307086615 14.740157480314961 impression
84.4724409448819 371.62204724409446 32.881889763779526 14.740157480314961 de
100.91338582677166 371.62204724409446 65.48031496062993 14.740157480314961 distance
149.95275590551182 371.62204724409446 60.09448818897638 14.740157480314961 ambigué
193.88976377952756 371.62204724409446 38.267716535433074 14.740157480314961 ou,
215.71653543307087 371.62204724409446 27.212598425196852 14.740157480314961 à
221.10236220472441 371.62204724409446 54.70866141732284 14.740157480314961 certains

23.52755905511811 384.09448818897636 70.2992125984252 12.188976377952756 moments,
76.53543307086615 384.09448818897636 35.1496062992126 12.188976377952756 de
94.11023622047244 384.09448818897636 47.05511811023622 12.188976377952756 gros
123.30708661417323 384.09448818897636 47.05511811023622 12.188976377952756 plan
152.78740157480314 384.09448818897636 76.25196850393701 12.188976377952756 étonnant.
211.1811023622047 384.09448818897636 52.724409448818896 12.188976377952756 Comme
240.66141732283464 384.09448818897636 35.1496062992126 12.188976377952756 dans

24.094488188976378 395.43307086614175 36.0 13.32283464566929 le
41.95275590551181 395.43307086614175 66.04724409448819 13.32283464566929 cubisme
90.14173228346456 395.43307086614175 36.0 13.32283464566929 de
108.0 395.43307086614175 66.04724409448819 13.32283464566929 Picasso
156.18897637795277 395.43307086614175 36.0 13.32283464566929 et
174.04724409448818 395.43307086614175 36.0 13.32283464566929 de
192.18897637795277 395.43307086614175 60.09448818897638 13.32283464566929 Braque
234.14173228346456 395.43307086614175 36.0 13.32283464566929 ou
246.04724409448818 395.43307086614175 30.04724409448819 13.32283464566929 les

22.96062992125984 407.33858267716533 92.69291338582677 12.755905511811024 assemblages
97.22834645669292 407.33858267716533 37.13385826771653 12.755905511811024 de
115.65354330708661 407.33858267716533 55.55905511811024 12.755905511811024 Johns
152.78740157480314 407.33858267716533 37.13385826771653 12.755905511811024 et
171.21259842519686 407.33858267716533 104.88188976377953 12.755905511811024 Rauschenberg,
251.43307086614172 407.33858267716533 24.661417322834644 12.755905511811024 la

22.96062992125984 418.96062992125985 66.33070866141732 14.173228346456693 variété
71.14960629921259 418.96062992125985 42.23622047244095 14.173228346456693 des
95.24409448818898 418.96062992125985 84.4724409448819 14.173228346456693 techniques
161.85826771653544 418.96062992125985 42.23622047244095 14.173228346456693 que
185.95275590551182 418.96062992125985 60.37795275590551 14.173228346456693 Walker
222.23622047244095 418.96062992125985 54.425196850393704 14.173228346456693 emploie

23.811023622047244 432.0 76.81889763779527 13.039370078740157 renouvelle
84.18897637795276 432.0 54.99212598425197 13.039370078740157 chaque
122.45669291338582 432.0 60.37795275590551 13.039370078740157 élément
166.39370078740157 432.0 38.55118110236221 13.039370078740157 mis
188.50393700787401 432.0 32.881889763779526 13.039370078740157 en
204.9448818897638 432.0 54.99212598425197 13.039370078740157 relief
243.49606299212599 432.0 32.881889763779526 13.039370078740157 et
254.26771653543307 432.0 22.11023622047244 13.039370078740157 la

24.37795275590551 442.20472440944883 72.0 14.740157480314961 neutralité
80.78740157480316 442.20472440944883 30.89763779527559 14.740157480314961 de
96.37795275590551 442.20472440944883 30.89763779527559 14.740157480314961 la
111.68503937007874 442.20472440944883 56.69291338582677 14.740157480314961 surface
153.0708661417323 442.20472440944883 61.79527559055118 14.740157480314961 portante
199.2755905511811 442.20472440944883 30.89763779527559 14.740157480314961 du
214.58267716535434 442.20472440944883 61.79527559055118 14.740157480314961 tableau.
255.68503937007873 442.20472440944883 20.69291338582677 14.740157480314961 Il

23.811023622047244 458.3622047244094 66.04724409448819 9.921259842519685 applique
73.13385826771653 458.3622047244094 32.881889763779526 9.921259842519685 sa
89.5748031496063 458.3622047244094 66.04724409448819 9.921259842519685 peinture
139.1811023622047 458.3622047244094 32.881889763779526 9.921259842519685 de
155.6220472440945 458.3622047244094 82.48818897637796 9.921259842519685 différentes
216.28346456692913 458.3622047244094 60.37795275590551 9.921259842519685 manières,

24.094488188976378 467.43307086614175 40.53543307086614 13.039370078740157 soit
49.32283464566929 467.43307086614175 40.53543307086614 13.039370078740157 sous
74.83464566929133 467.43307086614175 45.63779527559055 13.039370078740157 forme
105.16535433070867 467.43307086614175 30.330708661417322 13.039370078740157 de
120.18897637795276 467.43307086614175 55.55905511811024 13.039370078740157 taches,
160.7244094488189 467.43307086614175 25.228346456692915 13.039370078740157 à
170.64566929133858 467.43307086614175 30.330708661417322 13.039370078740157 la
185.95275590551182 467.43307086614175 50.45669291338583 13.039370078740157 brosse
221.38582677165354 467.43307086614175 30.330708661417322 13.039370078740157 en
231.30708661417322 467.43307086614175 45.63779527559055 13.039370078740157 effleu-

24.094488188976378 478.7716535433071 42.23622047244095 14.740157480314961 rant
50.45669291338583 478.7716535433071 31.46456692913386 14.740157480314961 la
66.33070866141732 478.7716535433071 63.21259842519685 14.740157480314961 surface,
113.66929133858268 478.7716535433071 31.46456692913386 14.740157480314961 en
129.54330708661416 478.7716535433071 31.46456692913386 14.740157480314961 la
145.41732283464566 478.7716535433071 63.21259842519685 14.740157480314961 laissant
192.75590551181102 478.7716535433071 52.724409448818896 14.740157480314961 tomber
229.60629921259843 478.7716535433071 52.724409448818896 14.740157480314961 goutte
261.07086614173227 478.7716535433071 15.874015748031496 14.740157480314961 à

24.094488188976378 491.81102362204723 52.44094488188976 13.606299212598426 goutte,
62.36220472440945 491.81102362204723 38.267716535433074 13.606299212598426 soit
86.1732283464567 491.81102362204723 28.62992125984252 13.606299212598426 en
100.62992125984252 491.81102362204723 28.62992125984252 13.606299212598426 la
114.80314960629921 491.81102362204723 71.71653543307086 13.606299212598426 vaporisant.
172.06299212598427 491.81102362204723 28.62992125984252 13.606299212598426 Il
186.51968503937007 491.81102362204723 52.44094488188976 13.606299212598426 utilise
224.78740157480314 491.81102362204723 28.62992125984252 13.606299212598426 le
234.14173228346456 491.81102362204723 43.08661417322835 13.606299212598426 collage

23.811023622047244 501.1653543307087 32.31496062992126 14.740157480314961 et
39.968503937007874 501.1653543307087 43.08661417322835 14.740157480314961 même
66.89763779527559 501.1653543307087 64.91338582677166 14.740157480314961 l’imite,
115.65354330708661 501.1653543307087 43.08661417322835 14.740157480314961 mais
142.58267716535434 501.1653543307087 32.31496062992126 14.740157480314961 sa
158.74015748031496 501.1653543307087 59.24409448818898 14.740157480314961 couleur
201.82677165354332 501.1653543307087 37.7007874015748 14.740157480314961 est
218.26771653543307 501.1653543307087 59.24409448818898 14.740157480314961 tellement

24.661417322834644 513.9212598425197 72.28346456692914 14.173228346456693 inattendue
81.35433070866142 513.9212598425197 30.89763779527559 14.173228346456693 et
96.94488188976378 513.9212598425197 77.38582677165354 14.173228346456693 descriptive
159.0236220472441 513.9212598425197 36.28346456692913 14.173228346456693 que
179.71653543307087 513.9212598425197 30.89763779527559 14.173228346456693 la
195.0236220472441 513.9212598425197 72.28346456692914 14.173228346456693 révélation
246.89763779527559 513.9212598425197 30.89763779527559 14.173228346456693 phy-

23.811023622047244 526.6771653543307 47.62204724409449 14.456692913385826 sique
55.55905511811024 526.6771653543307 58.110236220472444 14.456692913385826 devient
98.07874015748031 526.6771653543307 31.748031496062993 14.456692913385826 le
113.95275590551181 526.6771653543307 63.496062992125985 14.456692913385826 véhicule
161.29133858267716 526.6771653543307 79.37007874015748 14.456692913385826 d’illusions
219.68503937007873 526.6771653543307 58.110236220472444 14.456692913385826 complexes

23.52755905511811 538.0157480314961 31.748031496062993 12.472440944881889 de
39.40157480314961 538.0157480314961 68.88188976377953 12.472440944881889 l’espace,
92.40944881889764 538.0157480314961 31.748031496062993 12.472440944881889 de
108.28346456692914 538.0157480314961 31.748031496062993 12.472440944881889 la
124.15748031496064 538.0157480314961 84.75590551181102 12.472440944881889 perspective,
193.03937007874015 538.0157480314961 31.748031496062993 12.472440944881889 du
208.91338582677164 538.0157480314961 53.00787401574803 12.472440944881889 volume
246.04724409448818 538.0157480314961 31.748031496062993 12.472440944881889 et
256.53543307086613 538.0157480314961 21.25984251968504 12.472440944881889 de

24.661417322834644 549.6377952755905 31.181102362204726 15.307086614173228 la
40.25196850393701 549.6377952755905 72.56692913385827 15.307086614173228 pesanteur.
97.22834645669292 549.6377952755905 31.181102362204726 15.307086614173228 Il
112.53543307086615 549.6377952755905 46.488188976377955 15.307086614173228 donne
143.71653543307087 549.6377952755905 56.976377952755904 15.307086614173228 souvent
185.10236220472441 549.6377952755905 25.79527559055118 15.307086614173228 à
195.59055118110237 549.6377952755905 31.181102362204726 15.307086614173228 la
210.89763779527559 549.6377952755905 51.874015748031496 15.307086614173228 partie
242.07874015748033 549.6377952755905 36.28346456692913 15.307086614173228 infé-

23.811023622047244 562.3937007874016 54.14173228346457 13.32283464566929 rieure
61.511811023622045 562.3937007874016 32.31496062992126 13.32283464566929 de
77.95275590551181 562.3937007874016 32.31496062992126 13.32283464566929 sa
94.11023622047244 562.3937007874016 48.75590551181102 13.32283464566929 toile
126.4251968503937 562.3937007874016 37.7007874015748 13.32283464566929 une
147.96850393700788 562.3937007874016 75.68503937007874 13.32283464566929 importance
207.49606299212599 562.3937007874016 37.7007874015748 13.32283464566929 peu
223.6535433070866 562.3937007874016 54.14173228346457 13.32283464566929 commune:

22.96062992125984 573.1653543307086 53.574803149606296 17.007874015748033 c’est
58.67716535433071 573.1653543307086 35.71653543307087 17.007874015748033 un
76.53543307086615 573.1653543307086 59.52755905511811 17.007874015748033 niveau
117.92125984251969 573.1653543307086 47.62204724409449 17.007874015748033 fixe
147.68503937007873 573.1653543307086 41.669291338582674 17.007874015748033 sur
171.49606299212599 573.1653543307086 59.52755905511811 17.007874015748033 lequel
213.16535433070865 573.1653543307086 41.669291338582674 17.007874015748033 les
230.74015748031496 573.1653543307086 47.62204724409449 17.007874015748033 formes

23.244094488188978 585.0708661417323 77.66929133858268 13.32283464566929 s’appuient
84.4724409448819 585.0708661417323 33.44881889763779 13.32283464566929 et
101.19685039370079 585.0708661417323 66.61417322834646 13.32283464566929 semblent
151.08661417322836 585.0708661417323 33.44881889763779 13.32283464566929 se
167.81102362204723 585.0708661417323 66.61417322834646 13.32283464566929 reposer,
212.31496062992127 585.0708661417323 66.61417322834646 13.32283464566929 accentuant

23.244094488188978 599.2440944881889 49.889763779527556 14.456692913385826 ainsi
56.69291338582677 599.2440944881889 38.83464566929134 14.456692913385826 une
78.80314960629921 599.2440944881889 72.28346456692914 14.456692913385826 sensation
134.36220472440945 599.2440944881889 60.94488188976378 14.456692913385826 intense
178.86614173228347 599.2440944881889 33.16535433070866 14.456692913385826 de
195.30708661417322 599.2440944881889 66.61417322834646 14.456692913385826 pression
245.48031496062993 599.2440944881889 33.16535433070866 14.456692913385826 et
256.53543307086613 599.2440944881889 22.11023622047244 14.456692913385826 de

17.858267716535433 610.5826771653543 50.74015748031496 15.874015748031496 gravité.

40.818897637795274 619.3700787401575 31.748031496062993 20.69291338582677 De
56.69291338582677 619.3700787401575 31.748031496062993 20.69291338582677 la
72.56692913385827 619.3700787401575 42.23622047244095 20.69291338582677 même
98.92913385826772 619.3700787401575 63.496062992125985 20.69291338582677 manière,
146.5511811023622 619.3700787401575 36.8503937007874 20.69291338582677 les
167.81102362204723 619.3700787401575 73.98425196850394 20.69291338582677 sculptures
225.92125984251967 619.3700787401575 31.748031496062993 20.69291338582677 de
236.40944881889763 619.3700787401575 42.23622047244095 20.69291338582677 Roland

16.440944881889763 649.9842519685039 24.944881889763778 13.88976377952756 62
