1101 2361
734 67 369 74 <b>PORTUGAL</b>

215 453 237 80 Commissaire
405 453 174 80 général
531 453 79 80 :
562 453 142 80 <b>Dr
657 453 205 80 Francisco
799 453 237 80 d’Avillez</b>

215 512 134 62 Chef
299 512 101 62 de
350 512 101 62 la
400 512 185 62 Section
534 512 118 62 des
601 512 134 62 Arts
685 512 235 62 plastiques
870 512 101 62 au
904 512 134 62 Secré-

216 548 158 58 tariat
327 548 190 58 National
469 548 79 58 à
501 548 285 58 l’Information,
738 548 79 58 à
770 548 95 58 la
817 548 174 58 Culture
928 548 111 58 Popu-

220 594 145 54 laire
317 594 97 54 et
365 594 97 54 au
413 594 194 54 Tourisme
559 594 81 54 à
575 594 177 54 Lisbonne.

213 638 281 64 Commissaire
438 638 206 64 général
588 638 225 64 adjoint:
756 638 168 64 Paulo
850 638 187 64 Ferreira

220 683 214 65 Directeur
384 683 99 65 du
433 683 181 65 Service
565 683 230 65 artistique
745 683 82 65 à
778 683 99 65 la
827 683 131 65 Casa
910 683 99 65 du
942 683 99 65 Por-

219 737 140 56 tugal
312 737 78 56 à
327 737 124 56 Paris.

178 852 181 68 Comme
298 852 161 68 tout
399 852 141 68 art
479 852 301 68 occidental,
720 852 181 68 l’art
821 852 221 68 portugais

128 912 311 49 d’aujourd’hui
383 912 128 49 est
457 912 219 49 muitiple
621 912 110 49 et
676 912 347 49 contradictoire.
950 912 91 49 Nos

129 943 229 60 artistes
301 943 248 60 cherchent
492 943 95 60 à
530 943 153 60 tout
625 943 115 60 le
682 943 172 60 moins
797 943 115 60 le
854 943 153 60 Beau
930 943 115 60 pour

128 988 261 55 affranchir
333 988 149 55 leur
426 988 186 55 œuvre,
557 988 112 55 si
613 988 112 55 ce
669 988 168 55 n’est
780 988 130 55 que
855 988 149 55 pour
929 988 112 55 eux,

130 1041 119 52 le
190 1041 159 52 Beau
289 1041 99 52 —
329 1041 219 52 d’après
488 1041 139 52 les
568 1041 179 52 Grecs
687 1041 119 52 ou
747 1041 219 52 d’après
906 1041 159 52 Kant
985 1041 60 52 —

128 1066 250 60 n’existe
316 1066 167 60 plus
420 1066 208 60 depuis
565 1066 146 60 que
649 1066 146 60 les
732 1066 312 60 défaitistes
961 1066 83 60 de

130 1113 239 55 l’Europe
309 1113 119 55 du
369 1113 219 55 premier
528 1113 179 55 quart
648 1113 119 55 de
708 1113 179 55 notre
827 1113 199 55 siècle
946 1113 100 55 ont

129 1154 168 59 voulu
242 1154 150 59 tout
335 1154 281 59 recommencer
560 1154 94 59 à
597 1154 168 59 zéro.
709 1154 243 59 L’artiste
878 1154 168 59 moderne

130 1195 142 53 est
211 1195 203 53 devenu
353 1195 122 53 le
414 1195 163 53 seul
516 1195 244 53 créateur
699 1195 122 53 de
760 1195 142 53 son
841 1195 203 53 œuvre:
963 1195 81 53 il

133 1236 214 56 n’obéit
288 1236 155 56 qu’à
385 1236 136 56 son
463 1236 194 56 propos
599 1236 272 56 esthétique
812 1236 116 56 et
851 1236 194 56 celui

132 1289 229 39 commence
303 1289 114 39 et
360 1289 171 39 finit
475 1289 381 39 irrémédiablement
798 1289 114 39 en
837 1289 209 39 lui

131 1328 175 49 Nous
240 1328 218 49 vivons
393 1328 153 49 une
480 1328 218 49 époque
633 1328 131 49 de
699 1328 284 49 diversité
917 1328 131 49 et
961 1328 87 49 de

131 1360 293 58 contrastes,
366 1360 117 58 et
425 1360 98 58 —
464 1360 117 58 on
522 1360 137 58 l’a
601 1360 215 58 souvent
757 1360 137 58 dit
835 1360 98 58 —
874 1360 176 58 c’est
972 1360 78 58 le

134 1405 208 60 propre
280 1405 125 60 de
342 1405 187 60 l’art
467 1405 125 60 de
529 1405 208 60 porter
675 1405 291 60 témoignage
903 1405 125 60 de
945 1405 104 60 son

133 1445 236 55 époque.
304 1445 236 55 Comment
475 1445 171 55 donc
583 1445 386 55 voudrions-nous
904 1445 129 55 un
947 1445 107 55 art

136 1483 239 54 moderne,
316 1483 140 54 qui
395 1483 120 54 ne
455 1483 140 54 fût
535 1483 120 54 ni
595 1483 239 54 multiple
775 1483 120 54 ni
815 1483 239 54 contradic-

136 1530 199 57 toire?
276 1530 120 57 Un
335 1530 140 57 art
415 1530 199 57 pareil
555 1530 120 57 ne
614 1530 199 57 serait
754 1530 140 57 pas
834 1530 219 57 moderne
973 1530 80 57 ou

140 1579 104 54 ne
192 1579 173 54 serait
313 1579 121 54 pas
365 1579 104 54 art.

187 1631 182 48 Aussi
308 1631 121 48 ne
369 1631 303 48 faudra-t-il
611 1631 141 48 pas
692 1631 262 48 s’étonner
893 1631 121 48 si
934 1631 121 48 deux

137 1668 205 57 jeunes
280 1668 246 57 artistes
464 1668 184 57 comme
587 1668 225 57 Justino
751 1668 184 57 Alves
874 1668 123 57 et
915 1668 143 57 Vitor

140 1709 219 53 Fortes,
299 1709 159 53 bien
399 1709 239 53 qu’ayant
578 1709 159 53 subi
678 1709 119 53 la
737 1709 159 53 même
817 1709 239 53 influence,

140 1756 243 51 différent
328 1756 112 51 en
384 1756 150 51 tout
477 1756 187 51 point.
609 1756 206 51 L’œuvre
758 1756 112 51 du
815 1756 206 51 peintre
946 1756 112 51 Jus-

139 1806 156 46 tino
237 1806 176 46 Alves
354 1806 234 46 perturbe
530 1806 273 46 l’harmonie
745 1806 176 46 entre
862 1806 137 46 une
920 1806 137 46 forme

143 1844 209 44 mentale
295 1844 114 44 et
352 1844 133 44 les
428 1844 209 44 données
580 1844 114 44 du
638 1844 171 44 monde
752 1844 171 44 réel,
866 1844 95 44 à
885 1844 171 44 travers

142 1878 344 55 l’organisation
428 1878 267 55 esthétique
638 1878 134 55 des
714 1878 191 55 masses
829 1878 229 55 statiques,

141 1929 239 42 soumises
320 1929 100 42 à
360 1929 120 42 un
420 1929 179 42 ordre
540 1929 319 42 intellectuel
799 1929 120 42 où
859 1929 120 42 la
899 1929 159 42 nature

142 1965 143 46 est
223 1965 224 46 réduite
386 1965 102 46 à
427 1965 122 46 la
488 1965 204 46 mesure
631 1965 245 46 physique
814 1965 122 46 de
855 1965 204 46 l’homme.

145 2005 214 47 L’œuvre
300 2005 117 47 du
359 2005 214 47 graveur
515 2005 175 47 Vitor
631 2005 214 47 Fortes,
787 2005 117 47 au
826 2005 234 47 contraire,

144 2052 136 49 est
221 2052 156 49 axée
319 2052 156 49 vers
416 2052 117 49 la
474 2052 214 49 liberté
630 2052 136 49 par
708 2052 136 49 une
766 2052 292 49 détermination

145 2094 267 43 organique,
355 2094 134 43 qui
431 2094 115 43 ne
489 2094 172 43 tient
603 2094 191 43 compte
737 2094 229 43 d’aucune
890 2094 172 43 mesure,

149 2133 186 47 hormis
279 2133 167 47 celle
391 2133 111 47 du
447 2133 167 47 geste
540 2133 204 47 créateur.

198 2186 181 53 Quant
318 2186 100 53 à
359 2186 221 53 Alberto
519 2186 261 53 Carneiro,
720 2186 121 53 on
781 2186 241 53 pourrait
941 2186 121 53 dire

974 2281 93 45 107
