312.09448818897636 669.2598425196851
187.93700787401573 24.37795275590551 125.85826771653544 19.84251968503937 <b>PHILIPPINES</b>

61.79527559055118 133.51181102362204 73.13385826771653 16.15748031496063 Commissaire
120.18897637795276 133.51181102362204 53.574803149606296 16.15748031496063 général
159.30708661417322 133.51181102362204 24.37795275590551 16.15748031496063 :
168.9448818897638 133.51181102362204 73.13385826771653 16.15748031496063 <b>Leonidas
227.6220472440945 133.51181102362204 29.19685039370079 16.15748031496063 V.
237.25984251968504 133.51181102362204 58.67716535433071 16.15748031496063 Benesa</b>

62.07874015748032 145.70078740157481 64.91338582677166 18.141732283464567 Président
111.96850393700787 145.70078740157481 30.04724409448819 18.141732283464567 de
126.99212598425197 145.70078740157481 84.75590551181102 18.141732283464567 l’Association
197.00787401574803 145.70078740157481 70.01574803149606 18.141732283464567 artistique
252.0 145.70078740157481 34.86614173228347 18.141732283464567 des
266.74015748031496 145.70078740157481 30.04724409448819 18.141732283464567 Phi

60.09448818897638 162.14173228346456 45.63779527559055 14.740157480314961 lippines.

51.023622047244096 193.03937007874015 34.2992125984252 17.007874015748033 Il
68.03149606299213 193.03937007874015 28.62992125984252 17.007874015748033 y
79.65354330708661 193.03937007874015 28.62992125984252 17.007874015748033 a
90.99212598425197 193.03937007874015 45.63779527559055 17.007874015748033 deux
119.62204724409449 193.03937007874015 45.63779527559055 17.007874015748033 ans,
147.96850393700788 193.03937007874015 28.62992125984252 17.007874015748033 à
159.59055118110237 193.03937007874015 34.2992125984252 17.007874015748033 la
176.5984251968504 193.03937007874015 79.93700787401575 17.007874015748033 précédente
233.5748031496063 193.03937007874015 62.92913385826772 17.007874015748033 Biennale,

35.71653543307087 206.64566929133858 45.354330708661415 15.874015748031496 l’Art
66.04724409448819 206.64566929133858 75.4015748031496 15.874015748031496 Association
126.14173228346456 206.64566929133858 30.04724409448819 15.874015748031496 of
141.4488188976378 206.64566929133858 35.1496062992126 15.874015748031496 the
161.29133858267716 206.64566929133858 75.4015748031496 15.874015748031496 Philippines
221.66929133858267 206.64566929133858 55.275590551181104 15.874015748031496 n’était
256.81889763779526 206.64566929133858 40.25196850393701 15.874015748031496 repré-

35.71653543307087 217.13385826771653 53.574803149606296 18.141732283464567 sentée
73.13385826771653 217.13385826771653 37.41732283464567 18.141732283464567 que
94.67716535433071 217.13385826771653 37.41732283464567 18.141732283464567 par
115.93700787401575 217.13385826771653 32.031496062992126 18.141732283464567 un
132.09448818897638 217.13385826771653 42.803149606299215 18.141732283464567 seul
158.74015748031496 217.13385826771653 64.06299212598425 18.141732283464567 artiste,
206.64566929133858 217.13385826771653 32.031496062992126 18.141732283464567 le
222.8031496062992 217.13385826771653 58.67716535433071 18.141732283464567 peintre
260.2204724409449 217.13385826771653 37.41732283464567 18.141732283464567 Fede-

35.1496062992126 229.03937007874015 47.62204724409449 17.5748031496063 rico
64.91338582677166 229.03937007874015 65.48031496062993 17.5748031496063 Aguilar
112.53543307086615 229.03937007874015 65.48031496062993 17.5748031496063 Alcuaz.
160.15748031496062 229.03937007874015 47.62204724409449 17.5748031496063 Nous
190.20472440944883 229.03937007874015 59.52755905511811 17.5748031496063 sommes
231.8740157480315 229.03937007874015 65.48031496062993 17.5748031496063 heureux
273.54330708661416 229.03937007874015 23.811023622047244 17.5748031496063 de

35.71653543307087 242.07874015748033 62.645669291338585 17.858267716535433 pouvoir
81.35433070866142 242.07874015748033 79.65354330708661 17.858267716535433 participer
144.0 242.07874015748033 28.346456692913385 17.858267716535433 à
155.33858267716536 242.07874015748033 34.2992125984252 17.858267716535433 la
172.3464566929134 242.07874015748033 62.645669291338585 17.858267716535433 Sixième
217.98425196850394 242.07874015748033 68.31496062992126 17.858267716535433 Biennale
263.33858267716533 242.07874015748033 34.2992125984252 17.858267716535433 avec

35.43307086614173 253.98425196850394 59.52755905511811 15.590551181102363 quatre
77.10236220472441 253.98425196850394 35.71653543307087 15.590551181102363 de
94.96062992125984 253.98425196850394 41.669291338582674 15.590551181102363 nos
118.77165354330708 253.98425196850394 71.43307086614173 15.590551181102363 membres:
172.62992125984252 253.98425196850394 35.71653543307087 15.590551181102363 le
190.48818897637796 253.98425196850394 65.48031496062993 15.590551181102363 peintre
232.15748031496062 253.98425196850394 65.48031496062993 15.590551181102363 Benedicto

35.71653543307087 263.90551181102364 70.01574803149606 16.724409448818896 Cabrera,
88.15748031496064 263.90551181102364 34.86614173228347 16.724409448818896 le
105.73228346456693 263.90551181102364 75.68503937007874 16.724409448818896 sculpteur
163.84251968503938 263.90551181102364 70.01574803149606 16.724409448818896 Lamberto
216.28346456692913 263.90551181102364 75.68503937007874 16.724409448818896 Hechanova
268.7244094488189 263.90551181102364 29.19685039370079 16.724409448818896 Jr,

37.13385826771653 279.7795275590551 30.614173228346456 13.32283464566929 le
52.44094488188976 279.7795275590551 56.125984251968504 13.32283464566929 graveur
93.25984251968504 279.7795275590551 61.22834645669291 13.32283464566929 Virgilio
139.46456692913387 279.7795275590551 51.023622047244096 13.32283464566929 Aviado
175.1811023622047 279.7795275590551 30.614173228346456 13.32283464566929 et
190.48818897637796 279.7795275590551 30.614173228346456 13.32283464566929 le
205.79527559055117 279.7795275590551 76.81889763779527 13.32283464566929 photographe
262.20472440944883 279.7795275590551 35.71653543307087 13.32283464566929 Romeo

35.43307086614173 288.2834645669291 58.39370078740158 16.15748031496063 Vitug.
76.53543307086615 288.2834645669291 75.96850393700787 16.15748031496063 Ensemble,
134.9291338582677 288.2834645669291 40.818897637795274 16.15748031496063 ils
158.17322834645668 288.2834645669291 93.54330708661418 16.15748031496063 représentent
234.14173228346456 288.2834645669291 40.818897637795274 16.15748031496063 les
251.71653543307087 288.2834645669291 46.77165354330709 16.15748031496063 jeunes

36.0 299.90551181102364 65.76377952755905 16.724409448818896 artistes
85.03937007874016 299.90551181102364 76.53543307086615 16.724409448818896 philippins
145.41732283464566 299.90551181102364 38.267716535433074 16.724409448818896 qui
167.24409448818898 299.90551181102364 38.267716535433074 16.724409448818896 ont
189.0708661417323 299.90551181102364 38.267716535433074 16.724409448818896 été
210.89763779527559 299.90551181102364 38.267716535433074 16.724409448818896 les
232.7244094488189 299.90551181102364 43.653543307086615 16.724409448818896 plus
254.83464566929135 299.90551181102364 43.653543307086615 16.724409448818896 actifs

36.56692913385827 312.37795275590554 43.653543307086615 15.590551181102363 dans
63.77952755905512 312.37795275590554 49.039370078740156 15.590551181102363 leurs
96.37795275590551 312.37795275590554 65.48031496062993 15.590551181102363 domaines
145.41732283464566 312.37795275590554 76.25196850393701 15.590551181102363 respectifs
205.22834645669292 312.37795275590554 54.425196850393704 15.590551181102363 depuis
243.49606299212599 312.37795275590554 43.653543307086615 15.590551181102363 cinq
265.3228346456693 312.37795275590554 32.59842519685039 15.590551181102363 ans.

52.44094488188976 330.23622047244095 36.28346456692913 12.472440944881889 La
70.58267716535433 330.23622047244095 78.23622047244095 12.472440944881889 sculpture
130.6771653543307 330.23622047244095 36.28346456692913 12.472440944881889 de
148.8188976377953 330.23622047244095 72.28346456692914 12.472440944881889 Lamberto
202.96062992125985 330.23622047244095 78.23622047244095 12.472440944881889 Hechanova
257.1023622047244 330.23622047244095 42.23622047244095 12.472440944881889 cris-

37.13385826771653 336.755905511811 55.275590551181104 18.4251968503937 tallise
77.38582677165354 336.755905511811 50.45669291338583 18.4251968503937 toutes
112.81889763779527 336.755905511811 35.1496062992126 18.4251968503937 les
132.9448818897638 336.755905511811 65.48031496062993 18.4251968503937 tendances
183.11811023622047 336.755905511811 85.60629921259843 18.4251968503937 progressistes
253.70078740157481 336.755905511811 30.330708661417322 18.4251968503937 de
263.90551181102364 336.755905511811 35.1496062992126 18.4251968503937 l’art

37.41732283464567 350.0787401574803 65.48031496062993 17.5748031496063 philippin
87.8740157480315 350.0787401574803 30.330708661417322 17.5748031496063 et
102.89763779527559 350.0787401574803 85.60629921259843 17.5748031496063 contemporain.
173.48031496062993 350.0787401574803 60.37795275590551 17.5748031496063 Disciple
218.83464566929135 350.0787401574803 30.330708661417322 17.5748031496063 de
228.75590551181102 350.0787401574803 70.58267716535433 17.5748031496063 l’esthétique

37.13385826771653 363.40157480314963 34.2992125984252 14.456692913385826 de
54.14173228346457 363.40157480314963 34.2992125984252 14.456692913385826 la
71.14960629921259 363.40157480314963 68.31496062992126 14.456692913385826 machine,
122.45669291338582 363.40157480314963 34.2992125984252 14.456692913385826 il
139.748031496063 363.40157480314963 73.98425196850394 14.456692913385826 incorpore
196.44094488188978 363.40157480314963 28.346456692913385 14.456692913385826 à
208.06299212598427 363.40157480314963 39.968503937007874 14.456692913385826 son
230.74015748031496 363.40157480314963 62.645669291338585 14.456692913385826 langage
270.70866141732284 363.40157480314963 28.346456692913385 14.456692913385826 des

37.41732283464567 376.7244094488189 68.31496062992126 12.755905511811024 éléments
88.7244094488189 376.7244094488189 79.65354330708661 12.755905511811024 organiques
151.37007874015748 376.7244094488189 34.2992125984252 12.755905511811024 et
168.3779527559055 376.7244094488189 90.99212598425197 12.755905511811024 symboliques,
242.36220472440945 376.7244094488189 51.30708661417323 12.755905511811024 ainsi
270.99212598425197 376.7244094488189 28.346456692913385 12.755905511811024 que

37.7007874015748 387.21259842519686 36.28346456692913 15.307086614173228 des
58.39370078740158 387.21259842519686 51.874015748031496 15.307086614173228 motifs
89.5748031496063 387.21259842519686 83.05511811023622 15.307086614173228 traditionnels.

52.724409448818896 403.0866141732283 57.54330708661417 11.622047244094489 Obsédé
92.97637795275591 403.0866141732283 40.25196850393701 11.622047244094489 par
115.93700787401575 403.0866141732283 63.21259842519685 11.622047244094489 l’homme
162.14173228346456 403.0866141732283 40.25196850393701 11.622047244094489 aux
185.10236220472441 403.0866141732283 57.54330708661417 11.622047244094489 prises
225.35433070866142 403.0866141732283 45.92125984251968 11.622047244094489 avec
254.26771653543307 403.0866141732283 34.58267716535433 11.622047244094489 la
265.6062992125984 403.0866141732283 34.58267716535433 11.622047244094489 pau-

37.7007874015748 411.0236220472441 48.188976377952756 15.023622047244094 vreté
69.73228346456693 411.0236220472441 32.031496062992126 15.023622047244094 et
85.88976377952756 411.0236220472441 32.031496062992126 15.023622047244094 le
101.76377952755905 411.0236220472441 69.44881889763779 15.023622047244094 désastre,
155.33858267716536 411.0236220472441 69.44881889763779 15.023622047244094 Benedicto
208.62992125984252 411.0236220472441 58.67716535433071 15.023622047244094 Cabrera
251.43307086614172 411.0236220472441 26.64566929133858 15.023622047244094 a
256.53543307086613 411.0236220472441 42.803149606299215 15.023622047244094 réussi

37.98425196850393 425.4803149606299 27.77952755905512 13.606299212598426 à
49.32283464566929 425.4803149606299 83.62204724409449 13.606299212598426 transcender
116.22047244094489 425.4803149606299 33.44881889763779 13.606299212598426 en
132.9448818897638 425.4803149606299 66.89763779527559 13.606299212598426 peinture
183.11811023622047 425.4803149606299 33.44881889763779 13.606299212598426 le
199.84251968503938 425.4803149606299 66.89763779527559 13.606299212598426 réalisme
244.3464566929134 425.4803149606299 55.84251968503937 13.606299212598426 purement

37.41732283464567 439.37007874015745 56.125984251968504 11.905511811023622 social
76.81889763779527 439.37007874015745 33.732283464566926 11.905511811023622 et
93.54330708661418 439.37007874015745 28.062992125984252 11.905511811023622 à
104.5984251968504 439.37007874015745 72.85039370078741 11.905511811023622 présenter
160.7244094488189 439.37007874015745 33.732283464566926 11.905511811023622 un
177.4488188976378 439.37007874015745 50.45669291338583 11.905511811023622 monde
211.1811023622047 439.37007874015745 61.511811023622045 11.905511811023622 nouveau
255.96850393700788 439.37007874015745 33.732283464566926 11.905511811023622 et
267.0236220472441 439.37007874015745 33.732283464566926 11.905511811023622 cou

33.732283464566926 451.2755905511811 46.77165354330709 13.32283464566929 rageux.

53.85826771653543 461.76377952755905 51.59055118110236 16.440944881889763 Quant
88.15748031496064 461.76377952755905 28.62992125984252 16.440944881889763 à
99.49606299212599 461.76377952755905 68.88188976377953 16.440944881889763 Virgilio
151.08661417322836 461.76377952755905 62.92913385826772 16.440944881889763 Aviado,
197.00787401574803 461.76377952755905 34.2992125984252 16.440944881889763 il
214.29921259842519 461.76377952755905 40.25196850393701 16.440944881889763 est
237.25984251968504 461.76377952755905 45.92125984251968 16.440944881889763 bien
260.2204724409449 461.76377952755905 40.25196850393701 16.440944881889763 connu

38.83464566929134 473.9527559055118 38.267716535433074 15.590551181102363 aux
60.661417322834644 473.9527559055118 81.92125984251969 15.590551181102363 Philippines
126.14173228346456 473.9527559055118 43.653543307086615 15.590551181102363 pour
153.35433070866142 473.9527559055118 38.267716535433074 15.590551181102363 ses
175.1811023622047 473.9527559055118 65.48031496062993 15.590551181102363 parodies
218.83464566929135 473.9527559055118 81.92125984251969 15.590551181102363 spirituelles,

38.83464566929134 485.29133858267716 32.881889763779526 14.456692913385826 au
55.275590551181104 485.29133858267716 49.039370078740156 14.456692913385826 moyen
87.8740157480315 485.29133858267716 32.881889763779526 14.456692913385826 de
104.31496062992126 485.29133858267716 32.881889763779526 14.456692913385826 la
120.75590551181102 485.29133858267716 65.48031496062993 14.456692913385826 gravure,
169.79527559055117 485.29133858267716 32.881889763779526 14.456692913385826 de
186.23622047244095 485.29133858267716 60.09448818897638 14.456692913385826 l’œuvre
229.88976377952756 485.29133858267716 38.267716535433074 14.456692913385826 des
246.33070866141733 485.29133858267716 54.70866141732284 14.456692913385826 maîtres.

39.68503937007874 498.8976377952756 54.425196850393704 13.606299212598426 Enfin,
77.66929133858268 498.8976377952756 32.59842519685039 13.606299212598426 le
94.11023622047244 498.8976377952756 87.02362204724409 13.606299212598426 photographe,
164.9763779527559 498.8976377952756 49.039370078740156 13.606299212598426 Romeo
197.5748031496063 498.8976377952756 54.425196850393704 13.606299212598426 Vitug,
235.55905511811022 498.8976377952756 32.59842519685039 13.606299212598426 en
252.0 498.8976377952756 49.039370078740156 13.606299212598426 dépit
279.21259842519686 498.8976377952756 21.826771653543307 13.606299212598426 de

39.118110236220474 508.53543307086613 39.968503937007874 16.15748031496063 son
61.79527559055118 508.53543307086613 90.99212598425197 16.15748031496063 abstraction,
135.7795275590551 508.53543307086613 45.63779527559055 16.15748031496063 nous
164.40944881889763 508.53543307086613 68.31496062992126 16.15748031496063 rappelle
215.71653543307087 508.53543307086613 39.968503937007874 16.15748031496063 que
238.39370078740157 508.53543307086613 62.645669291338585 16.15748031496063 l’objet
278.3622047244094 508.53543307086613 22.677165354330707 16.15748031496063 de

40.25196850393701 523.8425196850394 47.05511811023622 16.724409448818896 l’art
71.43307086614173 523.8425196850394 57.25984251968504 16.724409448818896 demeure
108.0 523.8425196850394 67.74803149606299 16.724409448818896 l’humanité.

185.95275590551182 619.0866141732283 70.01574803149606 15.590551181102363 Leonidas
238.6771653543307 619.0866141732283 34.86614173228347 15.590551181102363 V.
250.29921259842519 619.0866141732283 52.44094488188976 15.590551181102363 Benesa.

277.79527559055117 645.1653543307086 26.362204724409448 12.472440944881889 101
