302.1732283464567 669.2598425196851
179.1496062992126 16.724409448818896 95.81102362204724 20.125984251968504 <b>DANEMARK</b>

38.55118110236221 127.55905511811024 67.74803149606299 21.25984251968504 Commissaire
92.69291338582677 127.55905511811024 49.60629921259842 21.25984251968504 général
128.69291338582678 127.55905511811024 22.677165354330707 21.25984251968504 :
137.76377952755905 127.55905511811024 49.60629921259842 21.25984251968504 <b>Erik
169.22834645669292 127.55905511811024 54.14173228346457 21.25984251968504 Tjalve</b>

39.118110236220474 143.43307086614172 37.98425196850393 18.992125984251967 Chef
62.92913385826772 143.43307086614172 28.346456692913385 18.992125984251967 de
77.10236220472441 143.43307086614172 52.15748031496063 18.992125984251967 Section
115.08661417322834 143.43307086614172 28.346456692913385 18.992125984251967 au
129.25984251968504 143.43307086614172 61.511811023622045 18.992125984251967 Ministère
176.5984251968504 143.43307086614172 33.16535433070866 18.992125984251967 des
195.59055118110237 143.43307086614172 56.976377952755904 18.992125984251967 Affaires
233.29133858267716 143.43307086614172 37.98425196850393 18.992125984251967 Cultu

36.56692913385827 160.7244094488189 34.58267716535433 11.905511811023622 relles.

29.763779527559056 188.2204724409449 36.8503937007874 23.52755905511811 Les
51.023622047244096 188.2204724409449 52.724409448818896 23.52755905511811 jeunes
87.8740157480315 188.2204724409449 68.5984251968504 23.52755905511811 artistes,
140.5984251968504 188.2204724409449 36.8503937007874 23.52755905511811 que
161.85826771653544 188.2204724409449 63.21259842519685 23.52755905511811 présente
204.09448818897638 188.2204724409449 68.5984251968504 23.52755905511811 aujourd’hui

15.874015748031496 201.54330708661416 32.31496062992126 22.393700787401574 le
32.031496062992126 201.54330708661416 64.62992125984252 22.393700787401574 Danemark
80.50393700787401 201.54330708661416 26.929133858267715 22.393700787401574 à
91.2755905511811 201.54330708661416 32.31496062992126 22.393700787401574 la
107.43307086614173 201.54330708661416 70.01574803149606 22.393700787401574 Biennale,
161.00787401574803 201.54330708661416 86.1732283464567 22.393700787401574 maintiennent
231.0236220472441 201.54330708661416 32.31496062992126 22.393700787401574 la
241.79527559055117 201.54330708661416 32.31496062992126 22.393700787401574 tra-

15.874015748031496 213.4488188976378 50.45669291338583 23.244094488188978 dition
51.30708661417323 213.4488188976378 65.76377952755905 23.244094488188978 classique
101.76377952755905 213.4488188976378 40.53543307086614 23.244094488188978 dans
127.2755905511811 213.4488188976378 30.330708661417322 23.244094488188978 la
142.29921259842519 213.4488188976378 60.661417322834644 23.244094488188978 peinture
187.93700787401573 213.4488188976378 30.330708661417322 23.244094488188978 et
202.96062992125985 213.4488188976378 30.330708661417322 23.244094488188978 la
213.16535433070865 213.4488188976378 60.661417322834644 23.244094488188978 sculpture.

16.724409448818896 229.03937007874015 46.77165354330709 18.992125984251967 Cette
47.62204724409449 229.03937007874015 67.46456692913385 18.992125984251967 tradition
99.49606299212599 229.03937007874015 25.79527559055118 18.992125984251967 a
109.98425196850394 229.03937007874015 41.38582677165354 18.992125984251967 pour
135.7795275590551 229.03937007874015 51.874015748031496 18.992125984251967 centre
166.96062992125985 229.03937007874015 56.976377952755904 18.992125984251967 l’humain.

31.46456692913386 243.49606299212599 37.98425196850393 22.96062992125984 Les
53.00787401574803 243.49606299212599 86.74015748031496 22.96062992125984 participants
123.59055118110236 243.49606299212599 54.14173228346457 22.96062992125984 danois
161.5748031496063 243.49606299212599 37.98425196850393 22.96062992125984 ont
183.4015748031496 243.49606299212599 37.98425196850393 22.96062992125984 été
204.9448818897638 243.49606299212599 65.19685039370079 22.96062992125984 inspirés
248.31496062992127 243.49606299212599 27.212598425196852 22.96062992125984 par

17.007874015748033 258.8031496062992 38.55118110236221 18.4251968503937 des
38.83464566929134 258.8031496062992 54.99212598425197 18.4251968503937 hommes
77.38582677165354 258.8031496062992 66.04724409448819 18.4251968503937 porteurs
126.70866141732283 258.8031496062992 32.881889763779526 18.4251968503937 de
143.43307086614172 258.8031496062992 32.881889763779526 18.4251968503937 la
159.8740157480315 258.8031496062992 71.43307086614173 18.4251968503937 tradition
209.1968503937008 258.8031496062992 66.04724409448819 18.4251968503937 classique.

17.858267716535433 266.1732283464567 66.04724409448819 23.244094488188978 Kirsten
65.76377952755905 266.1732283464567 60.09448818897638 23.244094488188978 Dufour
108.0 266.1732283464567 36.0 23.244094488188978 et
125.85826771653544 266.1732283464567 48.188976377952756 23.244094488188978 John
155.90551181102362 266.1732283464567 54.14173228346457 23.244094488188978 Olsen
191.90551181102362 266.1732283464567 41.95275590551181 23.244094488188978 ont
216.0 266.1732283464567 66.04724409448819 23.244094488188978 étudié,
257.9527559055118 266.1732283464567 18.141732283464567 23.244094488188978 à

18.4251968503937 278.6456692913386 75.11811023622047 22.393700787401574 l’Académie
77.66929133858268 278.6456692913386 37.7007874015748 22.393700787401574 des
98.92913385826772 278.6456692913386 75.11811023622047 22.393700787401574 Beaux-Arts
158.17322834645668 278.6456692913386 32.31496062992126 22.393700787401574 de
174.33070866141733 278.6456692913386 80.50393700787401 22.393700787401574 Copenhague,
233.29133858267716 278.6456692913386 43.08661417322835 22.393700787401574 auprès

18.4251968503937 291.11811023622045 39.68503937007874 21.25984251968504 d’un
43.37007874015748 291.11811023622045 64.62992125984252 21.25984251968504 sculpteur
92.97637795275591 291.11811023622045 34.86614173228347 21.25984251968504 qui
112.81889763779527 291.11811023622045 34.86614173228347 21.25984251968504 fut
132.66141732283464 291.11811023622045 64.62992125984252 21.25984251968504 autrefois
182.26771653543307 291.11811023622045 54.70866141732284 21.25984251968504 l’élève
221.95275590551182 291.11811023622045 29.763779527559056 21.25984251968504 de
231.8740157480315 291.11811023622045 44.78740157480315 21.25984251968504 Charles

19.559055118110237 303.59055118110234 68.88188976377953 21.25984251968504 Despiau.
71.14960629921259 303.59055118110234 57.54330708661417 21.25984251968504 Durant
111.4015748031496 303.59055118110234 51.59055118110236 21.25984251968504 leurs
145.70078740157481 303.59055118110234 63.21259842519685 21.25984251968504 études,
191.6220472440945 303.59055118110234 63.21259842519685 21.25984251968504 Kirsten
231.8740157480315 303.59055118110234 45.92125984251968 21.25984251968504 Dufour

19.275590551181104 315.496062992126 32.31496062992126 20.409448818897637 et
35.43307086614173 315.496062992126 43.08661417322835 20.409448818897637 John
62.36220472440945 315.496062992126 48.47244094488189 20.409448818897637 Olsen
94.67716535433071 315.496062992126 37.7007874015748 20.409448818897637 ont
116.22047244094489 315.496062992126 70.01574803149606 20.409448818897637 travaillé
170.36220472440945 315.496062992126 26.929133858267715 20.409448818897637 à
181.13385826771653 315.496062992126 64.62992125984252 20.409448818897637 résoudre
229.60629921259843 315.496062992126 37.7007874015748 20.409448818897637 les
245.76377952755905 315.496062992126 32.31496062992126 20.409448818897637 pro-

20.125984251968504 327.9685039370079 54.99212598425197 19.84251968503937 blèmes
58.39370078740158 327.9685039370079 49.32283464566929 19.84251968503937 posés
91.2755905511811 327.9685039370079 38.55118110236221 19.84251968503937 par
113.38582677165354 327.9685039370079 38.55118110236221 19.84251968503937 les
135.21259842519686 327.9685039370079 76.81889763779527 19.84251968503937 sculptures
195.59055118110237 327.9685039370079 32.881889763779526 19.84251968503937 de
212.31496062992127 327.9685039370079 65.76377952755905 19.84251968503937 Despiau,
256.251968503937 327.9685039370079 21.826771653543307 19.84251968503937 de

21.25984251968504 338.74015748031496 59.24409448818898 20.409448818897637 Maillol,
65.76377952755905 338.74015748031496 29.763779527559056 20.409448818897637 et
80.50393700787401 338.74015748031496 34.58267716535433 20.409448818897637 ils
100.34645669291339 338.74015748031496 74.26771653543307 20.409448818897637 connaissent
159.59055118110237 338.74015748031496 34.58267716535433 20.409448818897637 les
179.43307086614172 338.74015748031496 64.34645669291339 20.409448818897637 attitudes
228.75590551181102 338.74015748031496 24.661417322834644 20.409448818897637 à
238.6771653543307 338.74015748031496 29.763779527559056 20.409448818897637 la
248.5984251968504 338.74015748031496 29.763779527559056 20.409448818897637 fois

21.25984251968504 352.62992125984255 75.68503937007874 18.708661417322833 romantiques
81.92125984251969 352.62992125984255 30.330708661417322 18.708661417322833 et
96.94488188976378 352.62992125984255 90.70866141732283 18.708661417322833 destructrices,
172.62992125984252 352.62992125984255 30.330708661417322 18.708661417322833 de
187.93700787401573 352.62992125984255 50.45669291338583 18.708661417322833 Moore,
223.08661417322836 352.62992125984255 30.330708661417322 18.708661417322833 de
233.29133858267716 352.62992125984255 45.354330708661415 18.708661417322833 Marini,

20.976377952755904 369.6377952755906 29.763779527559056 13.88976377952756 de
31.181102362204726 369.6377952755906 49.60629921259842 13.88976377952756 Richier.

36.0 381.25984251968504 34.86614173228347 20.409448818897637 Le
53.574803149606296 381.25984251968504 75.68503937007874 20.409448818897637 sculpteur
111.68503937007874 381.25984251968504 64.06299212598425 20.409448818897637 Kirsten
158.45669291338584 381.25984251968504 58.110236220472444 20.409448818897637 Dufour
198.99212598425197 381.25984251968504 29.19685039370079 20.409448818897637 a
210.89763779527559 381.25984251968504 34.86614173228347 20.409448818897637 su
228.18897637795277 381.25984251968504 34.86614173228347 20.409448818897637 le
239.81102362204723 381.25984251968504 40.818897637795274 20.409448818897637 mieux

22.11023622047244 394.5826771653543 60.94488188976378 20.125984251968504 défendre
67.74803149606299 394.5826771653543 30.330708661417322 20.125984251968504 la
83.05511811023622 394.5826771653543 65.76377952755905 20.125984251968504 tradition
133.51181102362204 394.5826771653543 75.96850393700787 20.125984251968504 sculpturale
194.45669291338584 394.5826771653543 40.53543307086614 20.125984251968504 avec
219.68503937007873 394.5826771653543 35.43307086614173 20.125984251968504 des
234.99212598425197 394.5826771653543 45.63779527559055 20.125984251968504 figures

21.826771653543307 405.6377952755906 39.40157480314961 21.826771653543307 qui
44.503937007874015 405.6377952755906 79.08661417322834 21.826771653543307 deviennent
106.58267716535433 405.6377952755906 67.74803149606299 21.826771653543307 toujours
157.3228346456693 405.6377952755906 33.732283464566926 21.826771653543307 de
174.33070866141733 405.6377952755906 45.07086614173228 21.826771653543307 plus
202.39370078740157 405.6377952755906 33.732283464566926 21.826771653543307 en
219.4015748031496 405.6377952755906 45.07086614173228 21.826771653543307 plus
242.07874015748033 405.6377952755906 39.40157480314961 21.826771653543307 frag-

23.244094488188978 419.244094488189 73.7007874015748 16.440944881889763 mentaires.
81.07086614173228 419.244094488189 31.46456692913386 16.440944881889763 Le
96.94488188976378 419.244094488189 57.826771653543304 16.440944881889763 graveur
138.89763779527559 419.244094488189 41.95275590551181 16.440944881889763 John
165.25984251968504 419.244094488189 47.338582677165356 16.440944881889763 Olsen
196.7244094488189 419.244094488189 26.362204724409448 16.440944881889763 a
207.21259842519686 419.244094488189 68.31496062992126 16.440944881889763 travaillé
254.5511811023622 419.244094488189 26.362204724409448 16.440944881889763 ces

23.244094488188978 433.13385826771656 67.18110236220473 16.724409448818896 dernières
74.83464566929133 433.13385826771656 51.59055118110236 16.724409448818896 années
111.11811023622047 433.13385826771656 25.79527559055118 16.724409448818896 à
121.32283464566929 433.13385826771656 30.89763779527559 16.724409448818896 la
136.91338582677164 433.13385826771656 56.976377952755904 16.724409448818896 gravure
178.29921259842519 433.13385826771656 30.89763779527559 16.724409448818896 et
193.88976377952756 433.13385826771656 30.89763779527559 16.724409448818896 au
209.48031496062993 433.13385826771656 51.59055118110236 16.724409448818896 dessin
240.3779527559055 433.13385826771656 41.38582677165354 16.724409448818896 litho-

22.677165354330707 442.48818897637796 80.78740157480316 19.275590551181104 graphique.
85.88976377952756 442.48818897637796 34.58267716535433 19.275590551181104 Le
103.18110236220473 442.48818897637796 57.54330708661417 19.275590551181104 rythme
143.71653543307087 442.48818897637796 34.58267716535433 19.275590551181104 de
161.00787401574803 442.48818897637796 40.25196850393701 19.275590551181104 ses
183.96850393700788 442.48818897637796 57.54330708661417 19.275590551181104 images
224.50393700787401 442.48818897637796 40.25196850393701 19.275590551181104 est
241.79527559055117 442.48818897637796 40.25196850393701 19.275590551181104 visi-

22.96062992125984 455.244094488189 66.33070866141732 17.5748031496063 blement
71.14960629921259 455.244094488189 54.425196850393704 17.5748031496063 dicté
107.43307086614173 455.244094488189 42.23622047244095 17.5748031496063 par
131.5275590551181 455.244094488189 36.28346456692913 17.5748031496063 le
149.66929133858267 455.244094488189 60.37795275590551 17.5748031496063 besoin
191.90551181102362 455.244094488189 36.28346456692913 17.5748031496063 de
210.04724409448818 455.244094488189 72.28346456692914 17.5748031496063 raconter
258.23622047244095 455.244094488189 24.094488188976378 17.5748031496063 ce

24.661417322834644 470.5511811023622 39.40157480314961 15.023622047244094 qu’il
46.488188976377955 470.5511811023622 30.614173228346456 15.023622047244094 voit.

39.68503937007874 483.59055118110234 31.181102362204726 18.992125984251967 Le
55.275590551181104 483.59055118110234 56.976377952755904 18.992125984251967 peintre
96.66141732283465 483.59055118110234 41.38582677165354 18.992125984251967 Hans
122.45669291338582 483.59055118110234 67.46456692913385 18.992125984251967 Christian
174.33070866141733 483.59055118110234 62.07874015748032 18.992125984251967 Rylander
221.10236220472441 483.59055118110234 46.77165354330709 18.992125984251967 s’est
246.89763779527559 483.59055118110234 36.28346456692913 18.992125984251967 servi

24.37795275590551 497.4803149606299 33.732283464566926 16.724409448818896 de
41.38582677165354 497.4803149606299 62.07874015748032 16.724409448818896 reliefs
86.45669291338582 497.4803149606299 33.732283464566926 16.724409448818896 et
103.46456692913385 497.4803149606299 33.732283464566926 16.724409448818896 de
120.18897637795276 497.4803149606299 84.4724409448819 16.724409448818896 silhouettes
187.93700787401573 497.4803149606299 45.07086614173228 16.724409448818896 dans
216.0 497.4803149606299 39.40157480314961 16.724409448818896 ses
233.00787401574803 497.4803149606299 50.74015748031496 16.724409448818896 œuvres.

25.79527559055118 512.503937007874 36.0 14.173228346456693 Son
46.488188976377955 512.503937007874 61.79527559055118 14.173228346456693 attitude
92.69291338582677 512.503937007874 30.89763779527559 14.173228346456693 de
108.28346456692914 512.503937007874 82.48818897637796 14.173228346456693 protestation
175.46456692913387 512.503937007874 51.59055118110236 14.173228346456693 contre
211.46456692913387 512.503937007874 36.0 14.173228346456693 une
227.0551181102362 512.503937007874 56.69291338582677 14.173228346456693 existence

25.511811023622048 521.2913385826772 62.36220472440945 18.992125984251967 tragique
72.0 521.2913385826772 36.28346456692913 18.992125984251967 est
92.97637795275591 521.2913385826772 41.38582677165354 18.992125984251967 d’un
118.77165354330708 521.2913385826772 67.46456692913385 18.992125984251967 caractère
170.64566929133858 521.2913385826772 77.95275590551181 18.992125984251967 démoniaque.
233.00787401574803 521.2913385826772 36.28346456692913 18.992125984251967 Ses
248.5984251968504 521.2913385826772 36.28346456692913 18.992125984251967 trou-

25.511811023622048 534.0472440944882 62.07874015748032 17.007874015748033 vailles
70.86614173228347 534.0472440944882 90.4251968503937 17.007874015748033 anecdotiques
144.28346456692913 534.0472440944882 34.01574803149607 17.007874015748033 ou
161.00787401574803 534.0472440944882 84.75590551181102 17.007874015748033 imaginaires
229.03937007874015 534.0472440944882 34.01574803149607 17.007874015748033 ne
240.3779527559055 534.0472440944882 45.07086614173228 17.007874015748033 mènent

26.929133858267715 545.1023622047244 35.43307086614173 18.141732283464567 pas
47.338582677165356 545.1023622047244 25.228346456692915 18.141732283464567 à
57.25984251968504 545.1023622047244 35.43307086614173 18.141732283464567 une
77.66929133858268 545.1023622047244 60.661417322834644 18.141732283464567 nouvelle
123.02362204724409 545.1023622047244 70.86614173228347 18.141732283464567 expérience
178.58267716535434 545.1023622047244 30.330708661417322 18.141732283464567 de
193.88976377952756 545.1023622047244 30.330708661417322 18.141732283464567 la
208.91338582677164 545.1023622047244 60.661417322834644 18.141732283464567 réalité;
249.4488188976378 545.1023622047244 35.43307086614173 18.141732283464567 elles

27.212598425196852 560.4094488188977 31.748031496062993 13.88976377952756 ne
43.08661417322835 560.4094488188977 42.23622047244095 13.88976377952756 sont
69.73228346456693 560.4094488188977 37.13385826771653 13.88976377952756 que
90.70866141732283 560.4094488188977 89.85826771653544 13.88976377952756 l’observation
164.69291338582678 560.4094488188977 79.37007874015748 13.88976377952756 fantaisiste
228.18897637795277 560.4094488188977 31.748031496062993 13.88976377952756 de
244.06299212598427 560.4094488188977 31.748031496062993 13.88976377952756 la
254.5511811023622 560.4094488188977 31.748031496062993 13.88976377952756 des-

27.212598425196852 571.7480314960629 60.661417322834644 17.291338582677167 truction
72.85039370078741 571.7480314960629 35.43307086614173 17.291338582677167 qui
92.97637795275591 571.7480314960629 25.228346456692915 17.291338582677167 a
103.18110236220473 571.7480314960629 30.330708661417322 17.291338582677167 eu
113.38582677165354 571.7480314960629 35.43307086614173 17.291338582677167 lieu.

198.70866141732284 618.2362204724409 35.43307086614173 17.007874015748033 N.
210.61417322834646 618.2362204724409 76.81889763779527 17.007874015748033 Guttormsen.

263.62204724409446 644.5984251968504 25.511811023622048 13.88976377952756 49
