301.03937007874015 669.2598425196851
-0.28346456692913385 21.826771653543307 88.7244094488189 20.976377952755904 <b>HONGRIE</b>

52.724409448818896 133.79527559055117 72.56692913385827 14.173228346456693 Commissaire
110.83464566929133 133.79527559055117 53.29133858267716 14.173228346456693 général
149.38582677165354 133.79527559055117 24.094488188976378 14.173228346456693 :
159.0236220472441 133.79527559055117 62.92913385826772 14.173228346456693 <b>Sandor
202.39370078740157 133.79527559055117 67.74803149606299 14.173228346456693 Hemberge</b>

53.29133858267716 146.83464566929135 58.39370078740158 13.039370078740157 Directeur
98.36220472440945 146.83464566929135 26.929133858267715 13.039370078740157 de
111.68503937007874 146.83464566929135 26.929133858267715 13.039370078740157 la
125.29133858267717 146.83464566929135 49.32283464566929 13.039370078740157 Section
156.75590551181102 146.83464566929135 53.85826771653543 13.039370078740157 artistique

53.29133858267716 158.74015748031496 26.64566929133858 11.338582677165354 de
66.61417322834646 158.74015748031496 62.36220472440945 11.338582677165354 l’Institut
115.65354330708661 158.74015748031496 31.181102362204726 11.338582677165354 des
133.51181102362204 158.74015748031496 57.826771653543304 11.338582677165354 Relations
173.76377952755905 158.74015748031496 62.36220472440945 11.338582677165354 Culturelles.

40.818897637795274 194.17322834645668 26.078740157480315 14.740157480314961 A
51.023622047244096 194.17322834645668 31.46456692913386 14.740157480314961 la
66.89763779527559 194.17322834645668 52.44094488188976 14.740157480314961 sortie
103.46456692913385 194.17322834645668 31.46456692913386 14.740157480314961 de
119.33858267716535 194.17322834645668 57.54330708661417 14.740157480314961 l’Ecole
161.00787401574803 194.17322834645668 73.41732283464567 14.740157480314961 Supérieure
218.5511811023622 194.17322834645668 36.56692913385827 14.740157480314961 des
234.4251968503937 194.17322834645668 36.56692913385827 14.740157480314961 Beaux

24.944881889763778 208.06299212598427 44.22047244094488 13.606299212598426 Arts,
54.425196850393704 208.06299212598427 29.480314960629922 13.606299212598426 la
69.16535433070867 208.06299212598427 54.14173228346457 13.606299212598426 plupart
108.56692913385827 208.06299212598427 34.58267716535433 13.606299212598426 des
128.1259842519685 208.06299212598427 49.32283464566929 13.606299212598426 élèves
162.70866141732284 208.06299212598427 29.480314960629922 13.606299212598426 se
177.4488188976378 208.06299212598427 58.960629921259844 13.606299212598426 retrouve
221.66929133858267 208.06299212598427 29.480314960629922 13.606299212598426 au
231.59055118110237 208.06299212598427 39.40157480314961 13.606299212598426 Studio

24.661417322834644 220.53543307086613 39.118110236220474 12.472440944881889 des
47.05511811023622 220.53543307086613 56.125984251968504 12.472440944881889 Jeunes
86.45669291338582 220.53543307086613 67.18110236220473 12.472440944881889 Artistes
136.91338582677164 220.53543307086613 39.118110236220474 12.472440944881889 que
159.30708661417322 220.53543307086613 89.5748031496063 12.472440944881889 subventionne
226.48818897637796 220.53543307086613 44.78740157480315 12.472440944881889 lEtat.

24.661417322834644 232.15748031496062 54.99212598425197 14.173228346456693 Chaque
62.92913385826772 232.15748031496062 54.99212598425197 14.173228346456693 année,
101.48031496062993 232.15748031496062 32.881889763779526 14.173228346456693 la
117.92125984251969 232.15748031496062 54.99212598425197 14.173228346456693 grande
156.18897637795277 232.15748031496062 76.81889763779527 14.173228346456693 exposition
216.56692913385828 232.15748031496062 32.881889763779526 14.173228346456693 du
227.6220472440945 232.15748031496062 43.93700787401575 14.173228346456693 Studio

25.228346456692915 243.49606299212599 49.32283464566929 14.173228346456693 permet
59.52755905511811 243.49606299212599 29.480314960629922 14.173228346456693 de
74.55118110236221 243.49606299212599 49.32283464566929 14.173228346456693 passer
109.13385826771653 243.49606299212599 29.480314960629922 14.173228346456693 en
123.8740157480315 243.49606299212599 44.503937007874015 14.173228346456693 revue
153.35433070866142 243.49606299212599 69.16535433070867 14.173228346456693 l’activité
207.7795275590551 243.49606299212599 29.480314960629922 14.173228346456693 de
222.51968503937007 243.49606299212599 34.58267716535433 14.173228346456693 ses
237.25984251968504 243.49606299212599 34.58267716535433 14.173228346456693 adhé-

24.944881889763778 257.38582677165357 45.354330708661415 13.039370078740157 rents
55.275590551181104 257.38582677165357 30.330708661417322 13.039370078740157 et
70.2992125984252 257.38582677165357 35.1496062992126 13.039370078740157 les
90.4251968503937 257.38582677165357 40.25196850393701 13.039370078740157 plus
115.65354330708661 257.38582677165357 45.354330708661415 13.039370078740157 doués
145.98425196850394 257.38582677165357 75.68503937007874 13.039370078740157 bénéficient
206.36220472440945 257.38582677165357 45.354330708661415 13.039370078740157 d’une
231.59055118110237 257.38582677165357 40.25196850393701 13.039370078740157 bourse

24.37795275590551 267.0236220472441 30.89763779527559 14.740157480314961 de
39.68503937007874 267.0236220472441 46.488188976377955 14.740157480314961 trois
70.58267716535433 267.0236220472441 41.10236220472441 14.740157480314961 ans.
96.37795275590551 267.0236220472441 36.0 14.740157480314961 Les
117.07086614173228 267.0236220472441 46.488188976377955 14.740157480314961 trois
147.96850393700788 267.0236220472441 61.79527559055118 14.740157480314961 artistes
194.17322834645668 267.0236220472441 66.89763779527559 14.740157480314961 présentés
245.76377952755905 267.0236220472441 25.79527559055118 14.740157480314961 à
250.86614173228347 267.0236220472441 20.69291338582677 14.740157480314961 la

24.661417322834644 278.92913385826773 66.04724409448819 15.590551181102363 Biennale
73.98425196850394 278.92913385826773 32.881889763779526 15.590551181102363 de
90.4251968503937 278.92913385826773 49.32283464566929 15.590551181102363 Paris
123.59055118110236 278.92913385826773 43.93700787401575 15.590551181102363 sont
151.08661417322836 278.92913385826773 60.37795275590551 15.590551181102363 membres
195.0236220472441 278.92913385826773 32.881889763779526 15.590551181102363 du
211.46456692913387 278.92913385826773 60.37795275590551 15.590551181102363 Studio;
249.73228346456693 278.92913385826773 22.11023622047244 15.590551181102363 is

24.944881889763778 293.9527559055118 33.732283464566926 12.755905511811024 ont
44.22047244094488 293.9527559055118 62.92913385826772 12.755905511811024 participé
92.69291338582677 293.9527559055118 24.094488188976378 12.755905511811024 à
102.33070866141732 293.9527559055118 77.38582677165354 12.755905511811024 l’exposition
165.25984251968504 293.9527559055118 28.913385826771652 12.755905511811024 de
179.71653543307087 293.9527559055118 38.55118110236221 12.755905511811024 1969
203.81102362204723 293.9527559055118 28.913385826771652 12.755905511811024 et
218.26771653543307 293.9527559055118 33.732283464566926 12.755905511811024 ont
233.00787401574803 293.9527559055118 38.55118110236221 12.755905511811024 obtent

24.661417322834644 302.45669291338584 46.77165354330709 14.173228346456693 cette
50.74015748031496 302.45669291338584 46.77165354330709 14.173228346456693 bourse.

40.818897637795274 315.496062992126 40.53543307086614 11.905511811023622 Par
63.77952755905512 315.496062992126 40.53543307086614 11.905511811023622 son
87.02362204724409 315.496062992126 80.78740157480316 11.905511811023622 romantisme
150.51968503937007 315.496062992126 51.874015748031496 11.905511811023622 sobre
185.10236220472441 315.496062992126 34.58267716535433 11.905511811023622 et
202.39370078740157 315.496062992126 40.53543307086614 11.905511811023622 son
225.63779527559055 315.496062992126 46.20472440944882 11.905511811023622 sens
248.5984251968504 315.496062992126 23.244094488188978 11.905511811023622 du

24.37795275590551 327.68503937007875 53.85826771653543 13.039370078740157 décor,
62.07874015748032 327.68503937007875 48.47244094488189 13.039370078740157 Gabor
94.39370078740157 327.68503937007875 48.47244094488189 13.039370078740157 Bencs
126.70866141732283 327.68503937007875 75.4015748031496 13.039370078740157 représente
185.95275590551182 327.68503937007875 32.31496062992126 13.039370078740157 un
202.11023622047244 327.68503937007875 59.24409448818898 13.039370078740157 courant
239.81102362204723 327.68503937007875 32.31496062992126 13.039370078740157 par-

24.661417322834644 339.3070866141732 59.52755905511811 13.039370078740157 ticulier
69.16535433070867 339.3070866141732 29.763779527559056 13.039370078740157 de
83.90551181102362 339.3070866141732 29.763779527559056 13.039370078740157 la
98.92913385826772 339.3070866141732 59.52755905511811 13.039370078740157 peinture
143.43307086614172 339.3070866141732 64.34645669291339 13.039370078740157 hongroise
192.75590551181102 339.3070866141732 64.34645669291339 13.039370078740157 actuelle.
237.54330708661416 339.3070866141732 34.58267716535433 13.039370078740157 Fran-

24.094488188976378 351.21259842519686 62.07874015748032 13.606299212598426 chement
69.16535433070867 351.21259842519686 78.80314960629921 13.606299212598426 figuratif,
131.24409448818898 351.21259842519686 39.40157480314961 13.606299212598426 son
153.63779527559055 351.21259842519686 56.40944881889764 13.606299212598426 espace
193.3228346456693 351.21259842519686 62.07874015748032 13.606299212598426 découpé
232.7244094488189 351.21259842519686 39.40157480314961 13.606299212598426 comme

25.228346456692915 364.251968503937 29.763779527559056 10.771653543307087 un
39.968503937007874 364.251968503937 54.425196850393704 10.771653543307087 collage
79.37007874015748 364.251968503937 44.503937007874015 10.771653543307087 peint
109.13385826771653 364.251968503937 64.34645669291339 10.771653543307087 transpose
158.74015748031496 364.251968503937 29.763779527559056 10.771653543307087 la
173.48031496062993 364.251968503937 54.425196850393704 10.771653543307087 réalité
213.16535433070865 364.251968503937 39.68503937007874 10.771653543307087 sans
232.7244094488189 364.251968503937 39.68503937007874 10.771653543307087 renon-

24.37795275590551 376.7244094488189 36.8503937007874 12.755905511811024 cer
45.63779527559055 376.7244094488189 36.8503937007874 12.755905511811024 aux
66.61417322834646 376.7244094488189 68.5984251968504 12.755905511811024 conquêtes
119.33858267716535 376.7244094488189 31.748031496062993 12.755905511811024 de
135.21259842519686 376.7244094488189 47.338582677165356 12.755905511811024 l’art
166.96062992125985 376.7244094488189 63.21259842519685 12.755905511811024 abstrait
214.29921259842519 376.7244094488189 58.110236220472444 12.755905511811024 donnant
251.43307086614172 376.7244094488189 20.976377952755904 12.755905511811024 la

24.094488188976378 386.92913385826773 64.62992125984252 13.606299212598426 primauté
72.56692913385827 386.92913385826773 26.929133858267715 13.606299212598426 à
83.33858267716535 386.92913385826773 86.1732283464567 13.606299212598426 l’expression
153.0708661417323 386.92913385826773 37.7007874015748 13.606299212598426 des
169.22834645669292 386.92913385826773 59.24409448818898 13.606299212598426 couleurs.

40.25196850393701 397.98425196850394 42.23622047244095 13.039370078740157 Huba
66.89763779527559 397.98425196850394 73.98425196850394 13.039370078740157 Balvanyos,
125.00787401574803 397.98425196850394 73.98425196850394 13.039370078740157 pratiquant
183.11811023622047 397.98425196850394 37.13385826771653 13.039370078740157 les
204.3779527559055 397.98425196850394 58.110236220472444 13.039370078740157 grandes
241.22834645669292 397.98425196850394 31.748031496062993 13.039370078740157 tra-

23.52755905511811 409.8897637795276 56.976377952755904 12.188976377952756 ditions
64.91338582677166 409.8897637795276 31.181102362204726 12.188976377952756 de
80.50393700787401 409.8897637795276 31.181102362204726 12.188976377952756 la
96.09448818897638 409.8897637795276 62.07874015748032 12.188976377952756 gravure,
142.58267716535434 409.8897637795276 56.976377952755904 12.188976377952756 intègre
183.96850393700788 409.8897637795276 25.79527559055118 12.188976377952756 à
194.45669291338584 409.8897637795276 36.28346456692913 12.188976377952756 son
210.04724409448818 409.8897637795276 62.07874015748032 12.188976377952756 expression

22.677165354330707 422.6456692913386 41.669291338582674 11.05511811023622 des
46.488188976377955 422.6456692913386 71.43307086614173 11.05511811023622 procédés
100.06299212598425 422.6456692913386 35.71653543307087 11.05511811023622 et
117.92125984251969 422.6456692913386 35.71653543307087 11.05511811023622 un
135.7795275590551 422.6456692913386 65.48031496062993 11.05511811023622 langage
183.11811023622047 422.6456692913386 77.38582677165354 11.05511811023622 conformes
242.64566929133858 422.6456692913386 29.763779527559056 11.05511811023622 à
248.5984251968504 422.6456692913386 23.811023622047244 11.05511811023622 un

23.244094488188978 434.8346456692913 55.55905511811024 10.771653543307087 esprit
62.36220472440945 434.8346456692913 66.61417322834646 10.771653543307087 moderne.
112.25196850393701 434.8346456692913 38.83464566929134 10.771653543307087 Ses
134.36220472440945 434.8346456692913 94.39370078740157 10.771653543307087 lithographies
206.64566929133858 434.8346456692913 66.61417322834646 10.771653543307087 témoignent

22.677165354330707 446.74015748031496 50.173228346456696 11.905511811023622 d’une
56.125984251968504 446.74015748031496 72.28346456692914 11.905511811023622 technique
111.68503937007874 446.74015748031496 61.22834645669291 11.905511811023622 solide,
156.18897637795277 446.74015748031496 50.173228346456696 11.905511811023622 aussi
189.63779527559055 446.74015748031496 44.503937007874015 11.905511811023622 bien
217.41732283464566 446.74015748031496 38.83464566929134 11.905511811023622 que
234.14173228346456 446.74015748031496 38.83464566929134 11.905511811023622 d’une

22.96062992125984 458.0787401574803 49.039370078740156 12.755905511811024 veine
55.55905511811024 458.0787401574803 70.86614173228347 12.755905511811024 satirique
109.98425196850394 458.0787401574803 32.59842519685039 12.755905511811024 et
126.4251968503937 458.0787401574803 76.25196850393701 12.755905511811024 moraliste.
186.23622047244095 458.0787401574803 81.63779527559055 12.755905511811024 L’épuration
246.04724409448818 458.0787401574803 27.212598425196852 12.755905511811024 des

23.52755905511811 469.7007874015748 57.25984251968504 11.622047244094489 moyens,
65.19685039370079 469.7007874015748 31.181102362204726 11.622047244094489 la
80.78740157480316 469.7007874015748 72.85039370078741 11.622047244094489 simplicité
138.04724409448818 469.7007874015748 31.181102362204726 11.622047244094489 de
153.63779527559055 469.7007874015748 31.181102362204726 11.622047244094489 la
169.22834645669292 469.7007874015748 77.95275590551181 11.622047244094489 réalisation
231.59055118110237 469.7007874015748 41.669291338582674 11.622047244094489 vont
252.56692913385828 469.7007874015748 20.69291338582677 11.622047244094489 de

22.96062992125984 482.1732283464567 43.37007874015748 13.606299212598426 pair
50.173228346456696 482.1732283464567 43.37007874015748 13.606299212598426 avec
77.10236220472441 482.1732283464567 32.59842519685039 13.606299212598426 la
93.54330708661418 482.1732283464567 54.425196850393704 13.606299212598426 clarté
131.5275590551181 482.1732283464567 65.19685039370079 13.606299212598426 toujours
180.28346456692913 482.1732283464567 75.96850393700787 13.606299212598426 croissante
240.09448818897638 482.1732283464567 32.59842519685039 13.606299212598426 de
250.86614173228347 482.1732283464567 21.826771653543307 13.606299212598426 la

22.677165354330707 493.2283464566929 57.826771653543304 15.874015748031496 pensée
57.25984251968504 493.2283464566929 63.77952755905512 15.874015748031496 exprimée.

38.83464566929134 504.8503937007874 34.2992125984252 13.88976377952756 Le
55.84251968503937 504.8503937007874 39.968503937007874 13.88976377952756 nom
78.80314960629921 504.8503937007874 34.2992125984252 13.88976377952756 du
95.81102362204724 504.8503937007874 74.26771653543307 13.88976377952756 sculpteur
153.0708661417323 504.8503937007874 62.92913385826772 13.88976377952756 Andreas
193.03937007874015 504.8503937007874 79.93700787401575 13.88976377952756 Papachristos

21.25984251968504 517.8897637795276 29.480314960629922 16.15748031496063 —
33.16535433070866 517.8897637795276 41.10236220472441 16.15748031496063 qui
56.69291338582677 517.8897637795276 58.67716535433071 16.15748031496063 depuis
97.79527559055119 517.8897637795276 70.58267716535433 16.15748031496063 dix-neuf
150.51968503937007 517.8897637795276 41.10236220472441 16.15748031496063 ans
174.04724409448818 517.8897637795276 41.10236220472441 16.15748031496063 vit
197.5748031496063 517.8897637795276 35.1496062992126 16.15748031496063 en
215.1496062992126 517.8897637795276 64.62992125984252 16.15748031496063 Hongrie
256.251968503937 517.8897637795276 17.5748031496063 16.15748031496063 —

23.52755905511811 528.9448818897638 47.90551181102362 16.724409448818896 laisse
57.25984251968504 528.9448818897638 52.724409448818896 16.724409448818896 deviner
95.5275590551181 528.9448818897638 33.732283464566926 16.724409448818896 son
114.80314960629921 528.9448818897638 52.724409448818896 16.724409448818896 origine
153.0708661417323 528.9448818897638 57.54330708661417 16.724409448818896 grecque.
196.44094488188978 528.9448818897638 28.913385826771652 16.724409448818896 La
206.07874015748033 528.9448818897638 67.18110236220473 16.724409448818896 civilisation

22.393700787401574 540.5669291338583 71.71653543307086 12.472440944881889 hellénique
78.80314960629921 540.5669291338583 51.30708661417323 12.472440944881889 s’unit
114.80314960629921 540.5669291338583 41.10236220472441 12.472440944881889 dans
140.31496062992127 540.5669291338583 36.0 12.472440944881889 son
161.00787401574803 540.5669291338583 36.0 12.472440944881889 art
181.41732283464566 540.5669291338583 36.0 12.472440944881889 aux
202.11023622047244 540.5669291338583 71.71653543307086 12.472440944881889 traditions
253.41732283464566 540.5669291338583 20.409448818897637 12.472440944881889 de

22.11023622047244 553.0393700787401 30.89763779527559 13.039370078740157 sa
37.41732283464567 553.0393700787401 61.511811023622045 13.039370078740157 nouvelle
83.62204724409449 553.0393700787401 56.40944881889764 13.039370078740157 patrie,
124.7244094488189 553.0393700787401 56.40944881889764 13.039370078740157 surtout
165.54330708661416 553.0393700787401 51.30708661417323 13.039370078740157 celles
201.54330708661416 553.0393700787401 30.89763779527559 13.039370078740157 de
211.748031496063 553.0393700787401 61.511811023622045 13.039370078740157 l’ancienne

22.393700787401574 565.7952755905512 70.86614173228347 12.188976377952756 Pannonie.
76.81889763779527 565.7952755905512 38.267716535433074 12.188976377952756 Ses
98.64566929133858 565.7952755905512 76.53543307086615 12.188976377952756 sculptures
158.74015748031496 565.7952755905512 32.881889763779526 12.188976377952756 se
175.1811023622047 565.7952755905512 92.97637795275591 12.188976377952756 caractérisent
246.33070866141733 565.7952755905512 27.212598425196852 12.188976377952756 par

21.826771653543307 577.4173228346457 32.881889763779526 15.307086614173228 de
38.267716535433074 577.4173228346457 60.37795275590551 15.307086614173228 grandes
81.92125984251969 577.4173228346457 54.70866141732284 15.307086614173228 formes
120.4724409448819 577.4173228346457 54.70866141732284 15.307086614173228 lisses
158.74015748031496 577.4173228346457 32.881889763779526 15.307086614173228 et
175.1811023622047 577.4173228346457 65.76377952755905 15.307086614173228 bombées.
224.50393700787401 577.4173228346457 43.93700787401575 15.307086614173228 Mais
246.33070866141733 577.4173228346457 27.496062992125985 15.307086614173228 les

22.11023622047244 588.1889763779527 39.40157480314961 15.023622047244094 deux
46.77165354330709 588.1889763779527 44.503937007874015 15.023622047244094 têtes
76.25196850393701 588.1889763779527 69.16535433070867 15.023622047244094 présentées
130.39370078740157 588.1889763779527 59.24409448818898 15.023622047244094 laissent
174.89763779527559 588.1889763779527 59.24409448818898 15.023622047244094 pourtant
219.4015748031496 588.1889763779527 39.40157480314961 15.023622047244094 voir
238.96062992125985 588.1889763779527 34.58267716535433 15.023622047244094 qu’il

21.826771653543307 601.2283464566929 41.10236220472441 15.590551181102363 aime
47.62204724409449 601.2283464566929 82.20472440944881 15.590551181102363 l’expression
114.23622047244095 601.2283464566929 61.79527559055118 15.590551181102363 rustique
160.7244094488189 601.2283464566929 30.89763779527559 15.590551181102363 de
176.03149606299212 601.2283464566929 66.89763779527559 15.590551181102363 certaines
222.51968503937007 601.2283464566929 51.30708661417323 15.590551181102363 surfaces

15.590551181102363 612.2834645669292 66.89763779527559 15.590551181102363 façonnées.

195.30708661417322 624.4724409448819 52.15748031496063 15.590551181102363 Sandor
226.48818897637796 624.4724409448819 47.05511811023622 15.590551181102363 Kontha.

15.023622047244094 648.0 23.811023622047244 13.88976377952756 68
