302.1732283464567 669.2598425196851
225.92125984251967 18.992125984251967 60.94488188976378 19.275590551181104 ISRAEL

46.488188976377955 129.82677165354332 74.55118110236221 19.275590551181104 Commissaire
106.2992125984252 129.82677165354332 54.70866141732284 19.275590551181104 général
145.98425196850394 129.82677165354332 24.944881889763778 19.275590551181104 :
156.18897637795277 129.82677165354332 64.62992125984252 19.275590551181104 Reuven
200.69291338582678 129.82677165354332 59.811023622047244 19.275590551181104 Berman

36.56692913385827 169.79527559055117 90.4251968503937 19.275590551181104 Aquaville
113.38582677165354 169.79527559055117 31.748031496062993 19.275590551181104 est
131.5275590551181 169.79527559055117 27.212598425196852 19.275590551181104 un
145.13385826771653 169.79527559055117 45.07086614173228 19.275590551181104 projet
176.5984251968504 169.79527559055117 76.81889763779527 19.275590551181104 architectural
240.09448818897638 169.79527559055117 31.748031496062993 19.275590551181104 qui
253.41732283464566 169.79527559055117 27.212598425196852 19.275590551181104 étu-

21.543307086614174 183.11811023622047 39.40157480314961 18.708661417322833 die
44.22047244094488 183.11811023622047 39.40157480314961 18.708661417322833 les
66.61417322834646 183.11811023622047 78.80314960629921 18.708661417322833 conditions
128.69291338582678 183.11811023622047 39.40157480314961 18.708661417322833 les
151.08661417322836 183.11811023622047 45.07086614173228 18.708661417322833 plus
179.1496062992126 183.11811023622047 90.14173228346456 18.708661417322833 avantageuses
246.89763779527559 183.11811023622047 33.732283464566926 18.708661417322833 pour

22.677165354330707 196.44094488188978 31.46456692913386 17.007874015748033 le
38.55118110236221 196.44094488188978 89.29133858267717 17.007874015748033 développement
111.96850393700787 196.44094488188978 47.338582677165356 17.007874015748033 d’une
143.43307086614172 196.44094488188978 83.90551181102362 17.007874015748033 civilisation
206.64566929133858 196.44094488188978 73.41732283464567 17.007874015748033 sous

23.244094488188978 204.9448818897638 31.46456692913386 18.992125984251967 Il
39.118110236220474 204.9448818897638 36.8503937007874 18.992125984251967 est
60.09448818897638 204.9448818897638 31.46456692913386 18.992125984251967 la
75.96850393700787 204.9448818897638 63.21259842519685 18.992125984251967 création
123.30708661417323 204.9448818897638 47.338582677165356 18.992125984251967 d’une
155.0551181102362 204.9448818897638 52.724409448818896 18.992125984251967 équipe
191.6220472440945 204.9448818897638 89.5748031496063 18.992125984251967 d’architectes
260.2204724409449 204.9448818897638 20.976377952755904 18.992125984251967 et

22.11023622047244 216.8503937007874 88.44094488188976 20.125984251968504 d’étudiants
92.69291338582677 216.8503937007874 35.43307086614173 20.125984251968504 de
110.55118110236221 216.8503937007874 70.58267716535433 20.125984251968504 dernière
163.55905511811022 216.8503937007874 53.00787401574803 20.125984251968504 année
198.70866141732284 216.8503937007874 35.43307086614173 20.125984251968504 de
216.56692913385828 216.8503937007874 35.43307086614173 20.125984251968504 la
228.18897637795277 216.8503937007874 53.00787401574803 20.125984251968504 Faculté

23.244094488188978 229.03937007874015 84.4724409448819 19.275590551181104 d’Architecture
93.8267716535433 229.03937007874015 28.062992125984252 19.275590551181104 et
108.0 229.03937007874015 70.58267716535433 19.275590551181104 d’Urbanisme
164.40944881889763 229.03937007874015 28.062992125984252 19.275590551181104 du
178.29921259842519 229.03937007874015 89.29133858267717 19.275590551181104 Technion
248.88188976377953 229.03937007874015 32.881889763779526 19.275590551181104 (Ins-

23.811023622047244 241.51181102362204 44.503937007874015 18.708661417322833 titut
53.29133858267716 241.51181102362204 64.34645669291339 18.708661417322833 lsraélien
102.89763779527559 241.51181102362204 29.763779527559056 18.708661417322833 de
117.92125984251969 241.51181102362204 84.18897637795276 18.708661417322833 Technologie).
187.37007874015748 241.51181102362204 54.425196850393704 18.708661417322833 Partant
227.0551181102362 241.51181102362204 29.763779527559056 18.708661417322833 de
236.9763779527559 241.51181102362204 44.503937007874015 18.708661417322833 l’étude

23.244094488188978 252.8503937007874 37.13385826771653 18.141732283464567 des
44.503937007874015 252.8503937007874 68.5984251968504 18.141732283464567 problèmes
97.22834645669292 252.8503937007874 84.4724409448819 18.141732283464567 structuraux,
166.11023622047244 252.8503937007874 79.37007874015748 18.141732283464567 économiques
229.60629921259843 252.8503937007874 31.748031496062993 18.141732283464567 et
240.09448818897638 252.8503937007874 42.23622047244095 18.141732283464567 socio-

23.52755905511811 265.03937007874015 74.55118110236221 19.275590551181104 logiques,
80.78740157480316 265.03937007874015 68.88188976377953 19.275590551181104 l’équipe
132.3779527559055 265.03937007874015 28.62992125984252 19.275590551181104 a
144.0 265.03937007874015 63.21259842519685 19.275590551181104 réalisé
189.63779527559055 265.03937007874015 34.2992125984252 19.275590551181104 un
206.9291338582677 265.03937007874015 74.55118110236221 19.275590551181104 prototype
258.5196850393701 265.03937007874015 22.96062992125984 19.275590551181104 de

24.094488188976378 279.7795275590551 86.1732283464567 14.740157480314961 construction
94.11023622047244 279.7795275590551 70.01574803149606 14.740157480314961 modulaire
147.96850393700788 279.7795275590551 91.55905511811024 14.740157480314961 préfabriquée,
223.08661417322836 279.7795275590551 53.85826771653543 14.740157480314961 unique
255.4015748031496 279.7795275590551 26.929133858267715 14.740157480314961 par

24.094488188976378 293.38582677165357 35.1496062992126 15.023622047244094 ses
44.22047244094488 293.38582677165357 60.37795275590551 15.023622047244094 qualités
84.4724409448819 293.38582677165357 60.37795275590551 15.023622047244094 formelles.

39.118110236220474 304.7244094488189 49.889763779527556 16.724409448818896 Raffi
72.56692913385827 304.7244094488189 49.889763779527556 16.724409448818896 Lavie
105.73228346456693 304.7244094488189 72.0 16.724409448818896 développe
161.00787401574803 304.7244094488189 33.16535433070866 16.724409448818896 un
177.73228346456693 304.7244094488189 60.94488188976378 16.724409448818896 langage
221.95275590551182 304.7244094488189 38.83464566929134 16.724409448818896 qui
238.6771653543307 304.7244094488189 44.22047244094488 16.724409448818896 dérive

24.37795275590551 317.1968503937008 28.062992125984252 17.291338582677167 à
35.71653543307087 317.1968503937008 73.13385826771653 17.291338582677167 l’origine
91.84251968503936 317.1968503937008 33.732283464566926 17.291338582677167 de
108.85039370078741 317.1968503937008 50.45669291338583 17.291338582677167 l’art
142.29921259842519 317.1968503937008 73.13385826771653 17.291338582677167 enfantin.
198.70866141732284 317.1968503937008 50.45669291338583 17.291338582677167 Après
232.44094488188978 317.1968503937008 33.732283464566926 17.291338582677167 de
243.49606299212599 317.1968503937008 39.40157480314961 17.291338582677167 longs

24.661417322834644 328.53543307086613 91.84251968503936 16.440944881889763 tâtonnements,
100.34645669291339 328.53543307086613 32.31496062992126 16.440944881889763 il
116.50393700787401 328.53543307086613 26.929133858267715 16.440944881889763 a
127.2755905511811 328.53543307086613 53.85826771653543 16.440944881889763 réussi
164.9763779527559 328.53543307086613 26.929133858267715 16.440944881889763 à
175.748031496063 328.53543307086613 75.68503937007874 16.440944881889763 affranchir
235.2755905511811 328.53543307086613 32.31496062992126 16.440944881889763 sa
246.04724409448818 328.53543307086613 37.7007874015748 16.440944881889763 pein-

24.944881889763778 341.29133858267716 44.78740157480315 16.440944881889763 ture
53.00787401574803 341.29133858267716 33.732283464566926 16.440944881889763 de
70.01574803149606 341.29133858267716 50.45669291338583 16.440944881889763 toute
103.46456692913385 341.29133858267716 50.45669291338583 16.440944881889763 trace
137.1968503937008 341.29133858267716 33.732283464566926 16.440944881889763 de
154.20472440944883 341.29133858267716 61.79527559055118 16.440944881889763 charme,
198.99212598425197 341.29133858267716 84.18897637795276 16.440944881889763 d’élégance,
260.78740157480314 341.29133858267716 22.393700787401574 16.440944881889763 de

24.944881889763778 353.1968503937008 53.85826771653543 17.291338582677167 grâce,
62.645669291338585 353.1968503937008 32.31496062992126 17.291338582677167 de
78.80314960629921 353.1968503937008 97.22834645669292 17.291338582677167 gesticulation,
159.8740157480315 353.1968503937008 32.31496062992126 17.291338582677167 de
176.03149606299212 353.1968503937008 81.07086614173228 17.291338582677167 coquetterie
235.55905511811022 353.1968503937008 48.47244094488189 17.291338582677167 profes-

25.511811023622048 363.9685039370079 75.4015748031496 18.141732283464567 sionnelle,
84.75590551181102 363.9685039370079 75.4015748031496 18.141732283464567 d’harmonie
144.0 363.9685039370079 75.4015748031496 18.141732283464567 séductrice
203.5275590551181 363.9685039370079 32.31496062992126 18.141732283464567 et
219.68503937007873 363.9685039370079 32.31496062992126 18.141732283464567 de
230.45669291338584 363.9685039370079 53.85826771653543 18.141732283464567 signifi-

25.511811023622048 377.00787401574803 56.125984251968504 15.874015748031496 cation
64.91338582677166 377.00787401574803 95.5275590551181 15.874015748031496 sous-jacente.
143.71653543307087 377.00787401574803 50.74015748031496 15.874015748031496 Lavie
177.4488188976378 377.00787401574803 33.732283464566926 15.874015748031496 ne
194.17322834645668 377.00787401574803 84.4724409448819 15.874015748031496 s’abandonne
256.251968503937 377.00787401574803 28.062992125984252 15.874015748031496 pas

26.362204724409448 387.496062992126 24.944881889763778 16.15748031496063 à
36.56692913385827 387.496062992126 74.55118110236221 16.15748031496063 l’anarchie;
96.09448818897638 387.496062992126 29.763779527559056 16.15748031496063 il
110.83464566929133 387.496062992126 44.78740157480315 16.15748031496063 feint
140.5984251968504 387.496062992126 29.763779527559056 16.15748031496063 la
155.6220472440945 387.496062992126 74.55118110236221 16.15748031496063 complicité,
215.1496062992126 387.496062992126 39.68503937007874 16.15748031496063 mais
234.99212598425197 387.496062992126 49.60629921259842 16.15748031496063 manipule

26.362204724409448 400.81889763779526 26.929133858267715 15.023622047244094 à
37.13385826771653 400.81889763779526 32.31496062992126 15.023622047244094 la
53.29133858267716 400.81889763779526 59.24409448818898 15.023622047244094 dérobée
96.37795275590551 400.81889763779526 37.7007874015748 15.023622047244094 son
117.92125984251969 400.81889763779526 43.08661417322835 15.023622047244094 mode
144.8503937007874 400.81889763779526 86.1732283464567 15.023622047244094 d’expression
214.86614173228347 400.81889763779526 32.31496062992126 15.023622047244094 en
225.63779527559055 400.81889763779526 59.24409448818898 15.023622047244094 cherchant

26.362204724409448 411.87401574803147 37.7007874015748 14.740157480314961 des
47.90551181102362 411.87401574803147 81.07086614173228 14.740157480314961 définitions
112.81889763779527 411.87401574803147 129.54330708661416 14.740157480314961 anticonventionnelles
226.20472440944883 411.87401574803147 32.31496062992126 14.740157480314961 du
236.9763779527559 411.87401574803147 48.47244094488189 14.740157480314961 concept

22.96062992125984 426.8976377952756 46.20472440944882 14.173228346456693 d’ordre.

41.38582677165354 437.6692913385827 64.06299212598425 15.874015748031496 D’abord
88.15748031496064 437.6692913385827 69.73228346456693 15.874015748031496 peintre,
140.5984251968504 437.6692913385827 52.44094488188976 15.874015748031496 Benni
175.46456692913387 437.6692913385827 52.44094488188976 15.874015748031496 Efrat
210.33070866141733 437.6692913385827 69.73228346456693 15.874015748031496 commença
256.81889763779526 437.6692913385827 29.19685039370079 15.874015748031496 par

27.496062992125985 452.9763779527559 37.13385826771653 11.338582677165354 des
48.75590551181102 452.9763779527559 63.496062992125985 11.338582677165354 reliefs,
96.37795275590551 452.9763779527559 42.23622047244095 11.338582677165354 puis
122.74015748031496 452.9763779527559 52.724409448818896 11.338582677165354 évolua
159.8740157480315 452.9763779527559 42.23622047244095 11.338582677165354 vers
186.23622047244095 452.9763779527559 37.13385826771653 11.338582677165354 une
207.21259842519686 452.9763779527559 68.5984251968504 11.338582677165354 sculpture
254.83464566929135 452.9763779527559 31.748031496062993 11.338582677165354 éri-

27.496062992125985 461.76377952755905 39.40157480314961 15.874015748031496 gée
49.889763779527556 461.76377952755905 39.40157480314961 15.874015748031496 qui
72.56692913385827 461.76377952755905 50.45669291338583 15.874015748031496 donne
106.2992125984252 461.76377952755905 61.79527559055118 15.874015748031496 souvent
151.08661417322836 461.76377952755905 89.85826771653544 15.874015748031496 l’impression
224.2204724409449 461.76377952755905 33.732283464566926 15.874015748031496 de
235.55905511811022 461.76377952755905 50.45669291338583 15.874015748031496 planer,

28.062992125984252 477.9212598425197 33.16535433070866 12.188976377952756 de
44.503937007874015 477.9212598425197 33.16535433070866 12.188976377952756 se
60.94488188976378 477.9212598425197 66.04724409448819 12.188976377952756 dérouler
110.55118110236221 477.9212598425197 33.16535433070866 12.188976377952756 et
126.99212598425197 477.9212598425197 71.71653543307086 12.188976377952756 d’onduler
182.26771653543307 477.9212598425197 71.71653543307086 12.188976377952756 au-dessus
237.25984251968504 477.9212598425197 33.16535433070866 12.188976377952756 du
248.31496062992127 477.9212598425197 38.55118110236221 12.188976377952756 plan-

27.77952755905512 488.40944881889766 51.874015748031496 11.622047244094489 cher.
62.07874015748032 488.40944881889766 40.25196850393701 11.622047244094489 Ses
85.32283464566929 488.40944881889766 97.79527559055119 11.622047244094489 constructions
165.82677165354332 488.40944881889766 51.874015748031496 11.622047244094489 n’ont
200.40944881889763 488.40944881889766 40.25196850393701 11.622047244094489 pas
223.37007874015748 488.40944881889766 34.58267716535433 11.622047244094489 de
234.70866141732284 488.40944881889766 51.874015748031496 11.622047244094489 parties

28.62992125984252 499.18110236220474 68.88188976377953 12.755905511811024 mobiles,
80.22047244094489 499.18110236220474 45.92125984251968 12.755905511811024 mais
108.85039370078741 499.18110236220474 74.55118110236221 12.755905511811024 procèdent
166.39370078740157 499.18110236220474 40.25196850393701 12.755905511811024 par
189.35433070866142 499.18110236220474 57.54330708661417 12.755905511811024 unités
223.6535433070866 499.18110236220474 63.21259842519685 12.755905511811024 d’énergie

29.19685039370079 509.38582677165357 26.362204724409448 12.188976377952756 «
39.968503937007874 509.38582677165357 78.80314960629921 12.188976377952756 incorporées
102.89763779527559 509.38582677165357 31.46456692913386 12.188976377952756 ».
118.48818897637796 509.38582677165357 47.338582677165356 12.188976377952756 Comme
149.95275590551182 509.38582677165357 31.46456692913386 12.188976377952756 il
165.82677165354332 509.38582677165357 31.46456692913386 12.188976377952756 le
181.70078740157481 509.38582677165357 36.8503937007874 12.188976377952756 dit
202.6771653543307 509.38582677165357 62.92913385826772 12.188976377952756 lui-même
249.73228346456693 509.38582677165357 26.362204724409448 12.188976377952756 :
260.2204724409449 509.38582677165357 26.362204724409448 12.188976377952756 «
265.6062992125984 509.38582677165357 20.976377952755904 12.188976377952756 Il

29.480314960629922 522.1417322834645 48.75590551181102 14.740157480314961 s’agit
63.496062992125985 522.1417322834645 68.03149606299213 14.740157480314961 d’injecter
117.07086614173228 522.1417322834645 29.19685039370079 14.740157480314961 de
131.5275590551181 522.1417322834645 63.21259842519685 14.740157480314961 l’énergie
180.28346456692913 522.1417322834645 58.39370078740158 14.740157480314961 visuelle
223.93700787401573 522.1417322834645 38.83464566929134 14.740157480314961 dans
243.49606299212599 522.1417322834645 43.653543307086615 14.740157480314961 l’ordre

29.763779527559056 534.0472440944882 70.86614173228347 14.173228346456693 discipliné
85.60629921259843 534.0472440944882 35.43307086614173 14.173228346456693 qui
105.73228346456693 534.0472440944882 25.228346456692915 14.173228346456693 a
115.93700787401575 534.0472440944882 30.330708661417322 14.173228346456693 la
131.24409448818898 534.0472440944882 45.63779527559055 14.173228346456693 forme
161.5748031496063 534.0472440944882 40.53543307086614 14.173228346456693 d’un
186.8031496062992 534.0472440944882 45.63779527559055 14.173228346456693 cube.
217.41732283464566 534.0472440944882 25.228346456692915 14.173228346456693 A
222.51968503937007 534.0472440944882 65.76377952755905 14.173228346456693 l’intérieur

29.763779527559056 545.1023622047244 30.89763779527559 15.023622047244094 de
45.07086614173228 545.1023622047244 46.488188976377955 15.023622047244094 cette
76.25196850393701 545.1023622047244 61.79527559055118 15.023622047244094 énergie,
122.45669291338582 545.1023622047244 30.89763779527559 15.023622047244094 il
138.04724409448818 545.1023622047244 51.59055118110236 15.023622047244094 existe
174.33070866141733 545.1023622047244 36.0 15.023622047244094 une
194.74015748031496 545.1023622047244 46.488188976377955 15.023622047244094 autre
225.92125984251967 545.1023622047244 56.69291338582677 15.023622047244094 énergie
261.9212598425197 545.1023622047244 25.79527559055118 15.023622047244094 qui

29.763779527559056 558.1417322834645 32.31496062992126 15.307086614173228 se
45.92125984251968 558.1417322834645 59.52755905511811 15.307086614173228 déplace
83.62204724409449 558.1417322834645 70.2992125984252 15.307086614173228 librement.»

44.78740157480315 571.1811023622047 54.70866141732284 13.88976377952756 L’union
84.75590551181102 571.1811023622047 34.86614173228347 13.88976377952756 des
104.5984251968504 571.1811023622047 74.55118110236221 13.88976377952756 contraires,
164.40944881889763 571.1811023622047 29.763779527559056 13.88976377952756 en
179.43307086614172 571.1811023622047 74.55118110236221 13.88976377952756 particulier
238.96062992125985 571.1811023622047 29.763779527559056 13.88976377952756 de
249.16535433070865 571.1811023622047 39.968503937007874 13.88976377952756 l’abs-

30.330708661417322 583.0866141732283 46.488188976377955 13.88976377952756 trait
61.22834645669291 583.0866141732283 31.181102362204726 13.88976377952756 et
76.81889763779527 583.0866141732283 31.181102362204726 13.88976377952756 du
92.40944881889764 583.0866141732283 72.56692913385827 13.88976377952756 figuratif,
149.38582677165354 583.0866141732283 36.28346456692913 13.88976377952756 est
170.07874015748033 583.0866141732283 56.976377952755904 13.88976377952756 devenue
211.46456692913387 583.0866141732283 31.181102362204726 13.88976377952756 un
227.0551181102362 583.0866141732283 46.488188976377955 13.88976377952756 trait
252.8503937007874 583.0866141732283 36.28346456692913 13.88976377952756 domi-

30.89763779527559 595.8425196850394 45.92125984251968 13.32283464566929 nant
59.52755905511811 595.8425196850394 45.92125984251968 13.32283464566929 dans
88.15748031496064 595.8425196850394 34.58267716535433 13.32283464566929 la
105.44881889763779 595.8425196850394 63.21259842519685 13.32283464566929 plupart
151.37007874015748 595.8425196850394 40.25196850393701 13.32283464566929 des
174.33070866141733 595.8425196850394 57.54330708661417 13.32283464566929 œuvres
214.58267716535434 595.8425196850394 68.88188976377953 13.32283464566929 récentes
260.503937007874 595.8425196850394 28.62992125984252 13.32283464566929 des

30.614173228346456 607.7480314960629 53.85826771653543 14.173228346456693 jeunes
68.31496062992126 607.7480314960629 64.62992125984252 14.173228346456693 artistes
116.78740157480316 607.7480314960629 70.01574803149606 14.173228346456693 d’Israël,
170.9291338582677 607.7480314960629 48.47244094488189 14.173228346456693 comme
203.24409448818898 607.7480314960629 32.31496062992126 14.173228346456693 on
219.4015748031496 607.7480314960629 43.08661417322835 14.173228346456693 peut
246.33070866141733 607.7480314960629 32.31496062992126 14.173228346456693 le
257.1023622047244 607.7480314960629 32.31496062992126 14.173228346456693 voir

30.89763779527559 619.0866141732283 45.92125984251968 14.173228346456693 dans
59.52755905511811 619.0866141732283 40.25196850393701 14.173228346456693 les
82.48818897637796 619.0866141732283 68.88188976377953 14.173228346456693 gravures
134.07874015748033 619.0866141732283 28.62992125984252 14.173228346456693 à
145.70078740157481 619.0866141732283 74.55118110236221 14.173228346456693 technique
202.96062992125985 619.0866141732283 51.59055118110236 14.173228346456693 mixte
237.54330708661416 619.0866141732283 34.58267716535433 14.173228346456693 de
248.88188976377953 619.0866141732283 40.25196850393701 14.173228346456693 Micha

267.0236220472441 646.0157480314961 23.244094488188978 13.039370078740157 77
