301.03937007874015 669.2598425196851
9.637795275590552 29.480314960629922 53.574803149606296 18.992125984251967 SUEDE

96.09448818897638 65.76377952755905 103.74803149606299 17.858267716535433 PHOTOGRAPHE

34.01574803149607 88.15748031496064 55.55905511811024 18.4251968503937 Anders
76.81889763779527 88.15748031496064 72.56692913385827 18.4251968503937 PETERSEN
136.62992125984252 88.15748031496064 25.511811023622048 18.4251968503937 né
149.38582677165354 88.15748031496064 25.511811023622048 18.4251968503937 en
162.14173228346456 88.15748031496064 34.2992125984252 18.4251968503937 1944
183.4015748031496 88.15748031496064 21.25984251968504 18.4251968503937 à
192.18897637795277 88.15748031496064 55.55905511811024 18.4251968503937 Stockholm
230.45669291338584 88.15748031496064 42.803149606299215 18.4251968503937 (Suède).

25.511811023622048 102.61417322834646 46.77165354330709 15.874015748031496 1
60.661417322834644 102.61417322834646 31.181102362204726 15.874015748031496 D’un
80.22047244094489 102.61417322834646 46.77165354330709 15.874015748031496 quartier
115.37007874015748 102.61417322834646 23.52755905511811 15.874015748031496 de
126.99212598425197 102.61417322834646 54.70866141732284 15.874015748031496 Reperbahn,
170.07874015748033 102.61417322834646 31.181102362204726 15.874015748031496 1968
189.63779527559055 102.61417322834646 35.1496062992126 15.874015748031496 (noir
212.88188976377953 102.61417322834646 23.52755905511811 15.874015748031496 et
220.8188976377953 102.61417322834646 35.1496062992126 15.874015748031496 blanc).

25.511811023622048 113.95275590551181 47.05511811023622 12.755905511811024 2
60.661417322834644 113.95275590551181 31.181102362204726 12.755905511811024 D’un
80.22047244094489 113.95275590551181 47.05511811023622 12.755905511811024 quartier
115.37007874015748 113.95275590551181 23.52755905511811 12.755905511811024 de
127.2755905511811 113.95275590551181 54.70866141732284 12.755905511811024 Reperbahn,
170.36220472440945 113.95275590551181 31.181102362204726 12.755905511811024 1968
189.92125984251967 113.95275590551181 35.1496062992126 12.755905511811024 (noir
213.16535433070865 113.95275590551181 23.52755905511811 12.755905511811024 et
221.10236220472441 113.95275590551181 35.1496062992126 12.755905511811024 blanc).

25.511811023622048 123.59055118110236 46.77165354330709 13.606299212598426 3
60.661417322834644 123.59055118110236 31.181102362204726 13.606299212598426 D’un
80.22047244094489 123.59055118110236 46.77165354330709 13.606299212598426 quartier
115.37007874015748 123.59055118110236 23.52755905511811 13.606299212598426 de
126.99212598425197 123.59055118110236 54.70866141732284 13.606299212598426 Reperbahn,
169.79527559055117 123.59055118110236 31.181102362204726 13.606299212598426 1968
189.35433070866142 123.59055118110236 35.1496062992126 13.606299212598426 (noir
212.88188976377953 123.59055118110236 23.52755905511811 13.606299212598426 et
220.53543307086613 123.59055118110236 35.1496062992126 13.606299212598426 blanc).

25.511811023622048 132.09448818897638 47.05511811023622 13.606299212598426 4
60.661417322834644 132.09448818897638 31.181102362204726 13.606299212598426 D’un
80.22047244094489 132.09448818897638 47.05511811023622 13.606299212598426 quartier
115.37007874015748 132.09448818897638 23.52755905511811 13.606299212598426 de
127.2755905511811 132.09448818897638 54.70866141732284 13.606299212598426 Reperbahn,
170.36220472440945 132.09448818897638 31.181102362204726 13.606299212598426 1968
189.92125984251967 132.09448818897638 35.1496062992126 13.606299212598426 (noir
213.16535433070865 132.09448818897638 23.52755905511811 13.606299212598426 et
221.10236220472441 132.09448818897638 35.1496062992126 13.606299212598426 blanc).

24.944881889763778 141.73228346456693 47.05511811023622 13.88976377952756 5
60.09448818897638 141.73228346456693 31.181102362204726 13.88976377952756 D’un
79.65354330708661 141.73228346456693 47.05511811023622 13.88976377952756 quartier
114.80314960629921 141.73228346456693 23.52755905511811 13.88976377952756 de
126.70866141732283 141.73228346456693 54.70866141732284 13.88976377952756 Reperbahn,
169.79527559055117 141.73228346456693 31.181102362204726 13.88976377952756 1968
189.35433070866142 141.73228346456693 35.1496062992126 13.88976377952756 (noir
212.5984251968504 141.73228346456693 23.52755905511811 13.88976377952756 et
220.53543307086613 141.73228346456693 35.1496062992126 13.88976377952756 blanc).

25.228346456692915 151.6535433070866 46.77165354330709 14.456692913385826 6
60.37795275590551 151.6535433070866 31.181102362204726 14.456692913385826 D’un
79.93700787401575 151.6535433070866 46.77165354330709 14.456692913385826 quartier
115.08661417322834 151.6535433070866 23.52755905511811 14.456692913385826 de
126.70866141732283 151.6535433070866 54.70866141732284 14.456692913385826 Reperbahn,
169.79527559055117 151.6535433070866 31.181102362204726 14.456692913385826 1968
189.35433070866142 151.6535433070866 35.1496062992126 14.456692913385826 (noir
212.5984251968504 151.6535433070866 23.52755905511811 14.456692913385826 et
220.53543307086613 151.6535433070866 35.1496062992126 14.456692913385826 blanc).

88.15748031496064 180.28346456692913 68.88188976377953 16.724409448818896 GROUPE
129.25984251968504 180.28346456692913 82.77165354330708 16.724409448818896 D’ARTISTES

24.37795275590551 203.5275590551181 33.732283464566926 17.5748031496063 7
45.354330708661415 203.5275590551181 33.732283464566926 17.5748031496063 PUSS
66.61417322834646 203.5275590551181 58.960629921259844 17.5748031496063 (BISE
112.81889763779527 203.5275590551181 33.732283464566926 17.5748031496063 1969
134.07874015748033 203.5275590551181 25.228346456692915 17.5748031496063 (4
146.5511811023622 203.5275590551181 46.20472440944882 17.5748031496063 écrans,
180.28346456692913 203.5275590551181 29.480314960629922 17.5748031496063 225
197.00787401574803 203.5275590551181 20.976377952755904 17.5748031496063 x
205.51181102362204 203.5275590551181 33.732283464566926 17.5748031496063 325,
226.77165354330708 203.5275590551181 46.20472440944882 17.5748031496063 montage
256.251968503937 203.5275590551181 16.724409448818896 17.5748031496063 de

33.16535433070866 214.29921259842519 49.32283464566929 13.32283464566929 dessins
68.88188976377953 214.29921259842519 26.929133858267715 13.32283464566929 et
82.48818897637796 214.29921259842519 26.929133858267715 13.32283464566929 de
91.2755905511811 214.29921259842519 44.78740157480315 13.32283464566929 textes).

27.77952755905512 227.6220472440945 71.43307086614173 13.32283464566929 Responsable:

33.44881889763779 239.5275590551181 45.354330708661415 17.291338582677167 Lena
66.61417322834646 239.5275590551181 70.01574803149606 17.291338582677167 SVEDBERG
124.15748031496064 239.5275590551181 28.913385826771652 17.291338582677167 née
140.88188976377953 239.5275590551181 24.661417322834644 17.291338582677167 en
153.0708661417323 239.5275590551181 32.881889763779526 17.291338582677167 1946
173.76377952755905 239.5275590551181 20.69291338582677 17.291338582677167 à
181.98425196850394 239.5275590551181 49.60629921259842 17.291338582677167 Göteborg
215.1496062992126 239.5275590551181 41.10236220472441 17.291338582677167 (Suède).

33.44881889763779 250.01574803149606 69.16535433070867 17.007874015748033 Carl-Johan
90.14173228346456 250.01574803149606 24.37795275590551 17.007874015748033 DE
102.33070866141732 250.01574803149606 52.724409448818896 17.007874015748033 GEER
143.1496062992126 250.01574803149606 24.37795275590551 17.007874015748033 né
155.33858267716536 250.01574803149606 24.37795275590551 17.007874015748033 en
167.24409448818898 250.01574803149606 32.59842519685039 17.007874015748033 1938
187.6535433070866 250.01574803149606 20.409448818897637 17.007874015748033 à
195.8740157480315 250.01574803149606 48.75590551181102 17.007874015748033 Montréal
228.18897637795277 250.01574803149606 44.78740157480315 17.007874015748033 (Canada).

28.346456692913385 261.9212598425197 107.71653543307086 12.755905511811024 Dessinateur

33.16535433070866 273.54330708661416 46.77165354330709 13.88976377952756 Lars
67.18110236220473 273.54330708661416 85.03937007874016 13.88976377952756 HILLERSBERG
139.46456692913387 273.54330708661416 25.511811023622048 13.88976377952756 né
151.93700787401573 273.54330708661416 25.511811023622048 13.88976377952756 en
164.69291338582678 273.54330708661416 34.01574803149607 13.88976377952756 1937
185.95275590551182 273.54330708661416 21.25984251968504 13.88976377952756 à
194.45669291338584 273.54330708661416 42.51968503937008 13.88976377952756 Gnesta
219.96850393700788 273.54330708661416 42.51968503937008 13.88976377952756 (Suède).

28.346456692913385 283.748031496063 107.71653543307086 11.905511811023622 Dessinateur

33.44881889763779 294.5196850393701 41.38582677165354 14.740157480314961 Ulf
62.36220472440945 294.5196850393701 70.2992125984252 14.740157480314961 RAHMBERG
120.4724409448819 294.5196850393701 24.661417322834644 14.740157480314961 né
132.66141732283464 294.5196850393701 24.661417322834644 14.740157480314961 en
145.13385826771653 294.5196850393701 33.16535433070866 14.740157480314961 1935
165.82677165354332 294.5196850393701 20.69291338582677 14.740157480314961 à
174.04724409448818 294.5196850393701 37.13385826771653 14.740157480314961 Boras
198.99212598425197 294.5196850393701 49.60629921259842 14.740157480314961 (Suède).
231.8740157480315 294.5196850393701 41.38582677165354 14.740157480314961 Dessina

28.062992125984252 304.7244094488189 74.26771653543307 11.05511811023622 teur

33.16535433070866 311.244094488189 48.75590551181102 18.4251968503937 Peter
69.73228346456693 311.244094488189 60.94488188976378 18.4251968503937 WANGER
118.48818897637796 311.244094488189 24.37795275590551 18.4251968503937 né
130.6771653543307 311.244094488189 24.37795275590551 18.4251968503937 en
142.86614173228347 311.244094488189 32.59842519685039 18.4251968503937 1940
163.2755905511811 311.244094488189 20.409448818897637 18.4251968503937 à
171.49606299212599 311.244094488189 48.75590551181102 18.4251968503937 Göteborg
208.06299212598427 311.244094488189 48.75590551181102 18.4251968503937 (Suède).
240.66141732283464 311.244094488189 32.59842519685039 18.4251968503937 Rédac

27.77952755905512 325.7007874015748 30.614173228346456 13.039370078740157 teur.

124.44094488188976 349.79527559055117 42.51968503937008 14.740157480314961 FILM

32.59842519685039 371.90551181102364 54.99212598425197 12.472440944881889 Erling
74.83464566929133 371.90551181102364 75.96850393700787 12.472440944881889 JOHANSSON
138.33070866141733 371.90551181102364 25.228346456692915 12.472440944881889 né
151.08661417322836 371.90551181102364 25.228346456692915 12.472440944881889 en
163.55905511811022 371.90551181102364 33.732283464566926 12.472440944881889 1935
184.8188976377953 371.90551181102364 21.25984251968504 12.472440944881889 à
193.3228346456693 371.90551181102364 54.99212598425197 12.472440944881889 Stockholm
231.30708661417322 371.90551181102364 42.23622047244095 12.472440944881889 (Suède).

24.094488188976378 385.51181102362204 46.20472440944882 14.740157480314961 8
58.960629921259844 385.51181102362204 34.58267716535433 14.740157480314961 Anima
81.92125984251969 385.51181102362204 38.55118110236221 14.740157480314961 mundi,
108.85039370078741 385.51181102362204 30.89763779527559 14.740157480314961 1967
128.1259842519685 385.51181102362204 34.58267716535433 14.740157480314961 (noir
151.08661417322836 385.51181102362204 22.96062992125984 14.740157480314961 et
162.70866141732284 385.51181102362204 42.23622047244095 14.740157480314961 blanc).
193.3228346456693 385.51181102362204 46.20472440944882 14.740157480314961 Fri-film
224.2204724409449 385.51181102362204 49.889763779527556 14.740157480314961 produktion,

26.929133858267715 396.56692913385825 59.811023622047244 13.88976377952756 Stockholm.

10.204724409448819 652.5354330708661 26.929133858267715 12.472440944881889 116
