1132 2385
746 55 319 72 <b>PREFACE</b>

136 451 118 72 En
195 451 217 72 plaçant
353 451 177 72 cette
472 451 217 72 sixième
629 451 335 72 manifestation
886 451 118 72 sous

83 492 126 85 le
146 492 189 85 signe
272 492 147 85 des
356 492 231 85 travaux
524 492 252 85 d’équipe
712 492 126 85 et
775 492 147 85 des
838 492 168 85 œuvres

84 538 296 69 collectives,
324 538 148 69 nous
416 538 203 69 pensons
564 538 148 69 être
657 538 203 69 fidèles
805 538 92 69 à
842 538 111 69 la
879 538 129 69 voca-

84 575 177 71 tion,
203 575 158 71 déjà
301 575 237 71 affirmée
479 575 118 71 en
538 575 118 71 ce
597 575 217 71 domaine
755 575 138 71 par
834 575 118 71 la
873 575 138 71 Bien-

84 618 160 76 nale
184 618 120 76 de
244 618 180 76 Paris
365 618 120 76 et
425 618 241 76 répondre
605 618 100 76 à
645 618 140 76 une
725 618 261 76 nécessité
906 618 100 76 qui

87 661 212 75 devient
241 661 231 75 générale
414 661 154 75 chez
510 661 135 75 les
587 661 192 75 jeunes
721 661 231 75 artistes
895 661 115 75 et
933 661 77 75 le

70 730 158 56 public.

142 764 228 80 Lorsque
308 764 228 80 Raymond
473 764 228 80 Cogniat
639 764 165 80 prit
742 764 124 80 la
783 764 228 80 décision,

91 809 118 73 il
150 809 98 73 y
189 809 98 73 a
229 809 235 73 quelques
405 809 215 73 années,
562 809 255 73 d’exposer
757 809 137 73 les
816 809 196 73 premiers

92 852 203 73 travaux
239 852 240 73 d’équipe,
424 852 111 73 il
479 852 129 73 fut
553 852 148 73 aidé
645 852 129 73 par
719 852 221 73 quelques
866 852 148 73 grands

91 895 256 75 artistes,
288 895 157 75 dont
386 895 177 75 Adam,
504 895 138 75 qui
583 895 315 75 n’hésitèrent
839 895 138 75 pas
918 895 98 75 à
937 895 79 75 se

95 938 184 67 mettre
223 938 92 67 à
260 938 110 67 la
315 938 147 67 tête
407 938 110 67 de
462 938 129 67 ces
536 938 294 67 entreprises.
757 938 257 67 Aujourd’hui,

93 991 170 59 c’est
206 991 113 59 un
263 991 245 59 mouvement
452 991 208 59 naturel
603 991 132 59 qui
678 991 189 59 pousse
810 991 132 59 les
867 991 151 59 artis-

93 1028 140 69 tes
173 1028 100 69 à
213 1028 120 69 se
274 1028 221 69 grouper
434 1028 181 69 entre
554 1028 161 69 eux,
655 1028 100 69 à
695 1028 120 69 se
755 1028 261 69 compléter
936 1028 80 69 ou

97 1063 113 72 se
154 1063 264 72 contredire
361 1063 151 72 pour
456 1063 227 72 dépasser
626 1063 302 72 l’expression
871 1063 113 72 de
909 1063 113 72 sen-

97 1108 212 67 timents
251 1108 289 67 individuels
482 1108 116 67 et
540 1108 270 67 rencontrer
752 1108 135 67 les
810 1108 212 67 exigences

99 1152 283 68 collectives
325 1152 170 68 d’une
438 1152 226 68 nouvelle
608 1152 207 68 société
758 1152 132 68 qui
834 1152 113 68 se
871 1152 151 68 forge.

102 1192 129 68 Ces
175 1192 203 68 travaux
323 1192 221 68 revêtent
489 1192 129 68 les
562 1192 184 68 formes
691 1192 129 68 les
765 1192 147 68 plus
839 1192 184 68 variées.

103 1233 137 68 Les
182 1233 137 68 uns
260 1233 118 68 ne
319 1233 157 68 sont
417 1233 196 68 encore
554 1233 137 68 que
633 1233 137 68 des
711 1233 196 68 rêves,
829 1233 196 68 auxquels

107 1276 110 71 il
162 1276 110 71 ne
217 1276 184 71 manque
346 1276 202 71 parfois
493 1276 129 71 que
566 1276 257 71 l’occasion
769 1276 110 71 de
824 1276 110 71 se
861 1276 165 71 concré-

104 1318 189 64 tiser.
236 1318 151 64 Nous
331 1318 151 64 nous
425 1318 189 64 sommes
557 1318 227 64 efforcés
727 1318 151 64 d’en
803 1318 227 64 accueillir

106 1369 118 57 le
165 1369 157 57 plus
263 1369 176 57 grand
381 1369 196 57 nombre
518 1369 118 57 et
577 1369 215 57 d’aider
733 1369 157 57 dans
831 1369 118 57 la
870 1369 157 57 mesure

106 1416 123 56 de
167 1416 143 56 nos
249 1416 205 56 moyens
392 1416 102 56 —
433 1416 184 56 hélas
556 1416 164 56 bien
658 1416 225 56 faibles
822 1416 102 56 —
863 1416 102 56 à
884 1416 143 56 cette

107 1451 287 61 nécessaire
332 1451 389 61 concrétisation.
659 1451 123 61 Le
721 1451 225 61 C.NA.C.
885 1451 102 61 a
905 1451 123 61 bien

107 1501 170 60 voulu
221 1501 95 60 y
259 1501 265 60 contribuer
448 1501 227 60 également.

162 1546 124 80 On
224 1546 187 80 verra
349 1546 166 80 donc
453 1546 145 80 non
535 1546 270 80 seulement
743 1546 145 80 des
805 1546 228 80 maquettes

111 1607 230 54 exposées
284 1607 115 54 ou
341 1607 249 54 projetées
533 1607 154 54 dans
629 1607 134 54 les
706 1607 288 54 cyclotones,
917 1607 115 54 mais

113 1654 129 58 des
186 1654 184 58 œuvres
315 1654 239 58 réalisées
499 1654 202 58 parfois
646 1654 147 58 dans
738 1654 110 58 de
794 1654 147 58 très
867 1654 166 58 grandes

114 1686 277 64 dimensions,
335 1686 166 64 d’une
446 1686 166 64 façon
556 1686 258 64 provisoire
759 1686 111 64 ou
796 1686 240 64 définitive.

116 1733 129 54 Cet
189 1733 184 54 effort
318 1733 295 54 systématique
558 1733 148 54 pour
651 1733 166 54 aider
761 1733 129 54 les
835 1733 203 54 groupes
964 1733 74 54 et

117 1779 134 48 les
194 1779 211 48 équipes
347 1779 96 48 à
385 1779 211 48 prendre
539 1779 268 48 conscience
749 1779 115 48 de
807 1779 153 48 leur
884 1779 153 48 impor-

116 1828 163 42 tance
225 1828 109 42 et
279 1828 109 42 de
333 1828 163 42 leurs
442 1828 308 42 possibilités,
696 1828 109 42 ne
750 1828 145 42 doit
841 1828 127 42 pas
895 1828 145 42 cepen-

119 1862 144 58 dant
209 1862 144 58 nous
300 1862 163 58 faire
408 1862 199 58 oublier
552 1862 108 58 la
607 1862 181 58 valeur
733 1862 126 58 des
805 1862 199 58 efforts
932 1862 108 58 per-

118 1905 236 49 sonnels
289 1905 129 49 de
354 1905 279 49 création.
568 1905 300 49 Toutefois,
804 1905 172 49 nous
890 1905 150 49 avons

119 1950 231 46 demandé
287 1950 147 46 aux
371 1950 294 46 différents
601 1950 168 46 pays
706 1950 126 46 de
769 1950 231 46 limiter
916 1950 126 46 leur

124 1983 312 60 participation
381 1983 92 60 à
418 1983 110 60 un
473 1983 202 60 artiste
620 1983 147 60 dans
711 1983 184 60 chaque
822 1983 220 60 discipline

127 2035 300 47 individuelle,
374 2035 141 47 afin
462 2035 106 47 de
515 2035 194 47 pouvoir
656 2035 212 47 réaliser
815 2035 123 47 une
868 2035 176 47 confron-

124 2070 192 56 tation
258 2070 326 56 significative
527 2070 173 56 entre
642 2070 134 56 les
719 2070 249 56 meilleurs
891 2070 154 56 repré-

128 2114 208 58 sentants
283 2114 121 58 des
353 2114 173 58 jeunes
474 2114 277 58 générations.
699 2114 173 58 Ainsi,
820 2114 104 58 je
855 2114 190 58 l’espère,

129 2162 108 45 se
183 2162 216 45 trouvera
345 2162 234 45 justifiée
525 2162 108 45 la
579 2162 216 45 nouvelle
740 2162 288 45 présentation
956 2162 90 45 que

131 2200 147 45 nous
223 2200 184 45 allons
351 2200 202 45 tenter:
498 2200 129 45 des
572 2200 184 45 œuvres
701 2200 276 45 confrontées
903 2200 147 45 direc

968 2285 86 66 11
