312.09448818897636 669.2598425196851
232.15748031496062 17.858267716535433 78.23622047244095 20.409448818897637 FRANCE

39.968503937007874 62.645669291338585 68.5984251968504 16.724409448818896 Responsable:

46.20472440944882 70.01574803149606 64.62992125984252 19.559055118110237 Philippe
97.79527559055119 70.01574803149606 60.37795275590551 19.559055118110237 GAREL
145.13385826771653 70.01574803149606 25.79527559055118 19.559055118110237 né
157.88976377952756 70.01574803149606 25.79527559055118 19.559055118110237 en
170.9291338582677 70.01574803149606 34.2992125984252 19.559055118110237 1945
192.4724409448819 70.01574803149606 21.543307086614174 19.559055118110237 à
200.9763779527559 70.01574803149606 60.37795275590551 19.559055118110237 Trébeurden
244.06299212598427 70.01574803149606 47.338582677165356 19.559055118110237 (France).

47.05511811023622 86.1732283464567 51.59055118110236 20.125984251968504 Hervé
85.60629921259843 86.1732283464567 73.13385826771653 20.125984251968504 BERREHAR
145.98425196850394 86.1732283464567 25.79527559055118 20.125984251968504 né
158.74015748031496 86.1732283464567 25.79527559055118 20.125984251968504 en
171.7795275590551 86.1732283464567 34.2992125984252 20.125984251968504 1942
193.03937007874015 86.1732283464567 21.543307086614174 20.125984251968504 à
201.82677165354332 86.1732283464567 60.09448818897638 20.125984251968504 Plomodiern
244.62992125984252 86.1732283464567 47.338582677165356 20.125984251968504 (France).

46.20472440944882 101.19685039370079 80.50393700787401 20.125984251968504 JEAN-PIERRE
113.38582677165354 101.19685039370079 67.18110236220473 20.125984251968504 SALAUN
166.96062992125985 101.19685039370079 26.929133858267715 20.125984251968504 né
180.56692913385828 101.19685039370079 26.929133858267715 20.125984251968504 en
193.88976377952756 101.19685039370079 35.71653543307087 20.125984251968504 1942
216.28346456692913 101.19685039370079 22.393700787401574 20.125984251968504 à
220.8188976377953 101.19685039370079 71.43307086614173 20.125984251968504 Cagnes

42.803149606299215 118.77165354330708 47.338582677165356 13.606299212598426 (France).

34.01574803149607 136.91338582677164 57.826771653543304 17.858267716535433 27
78.80314960629921 136.91338582677164 35.71653543307087 17.858267716535433 MIND
100.91338582677166 136.91338582677164 71.43307086614173 17.858267716535433 EMANCIPATION
159.0236220472441 136.91338582677164 35.71653543307087 17.858267716535433 CELL
176.88188976377953 136.91338582677164 57.826771653543304 17.858267716535433 (maquette).

47.05511811023622 148.53543307086613 43.37007874015748 15.307086614173228 Ecole
75.96850393700787 148.53543307086613 33.732283464566926 15.307086614173228 des
95.24409448818898 148.53543307086613 67.46456692913385 15.307086614173228 Beaux-Arts
148.251968503937 148.53543307086613 28.913385826771652 15.307086614173228 de
157.88976377952756 148.53543307086613 53.00787401574803 15.307086614173228 Besançon.

48.188976377952756 159.0236220472441 28.913385826771652 19.84251968503937 La
62.645669291338585 159.0236220472441 53.00787401574803 19.84251968503937 cellule
101.19685039370079 159.0236220472441 28.913385826771652 19.84251968503937 de
115.93700787401575 159.0236220472441 72.56692913385827 19.84251968503937 défoulement
173.76377952755905 159.0236220472441 33.732283464566926 19.84251968503937 est
193.03937007874015 159.0236220472441 28.913385826771652 19.84251968503937 un
207.49606299212599 159.0236220472441 43.37007874015748 19.84251968503937 moyen
236.69291338582678 159.0236220472441 28.913385826771652 19.84251968503937 de
246.33070866141733 159.0236220472441 48.188976377952756 19.84251968503937 s’expri-

48.47244094488189 173.76377952755905 31.748031496062993 14.740157480314961 mer
66.61417322834646 173.76377952755905 59.24409448818898 14.740157480314961 librement
112.25196850393701 173.76377952755905 22.677165354330707 14.740157480314961 à
121.32283464566929 173.76377952755905 45.354330708661415 14.740157480314961 partir
153.0708661417323 173.76377952755905 36.28346456692913 14.740157480314961 d’un
175.748031496063 173.76377952755905 49.889763779527556 14.740157480314961 élément
207.7795275590551 173.76377952755905 49.889763779527556 14.740157480314961 matériel.

48.75590551181102 180.0 38.83464566929134 17.5748031496063 Dans
72.85039370078741 180.0 43.653543307086615 17.5748031496063 notre
102.04724409448819 180.0 38.83464566929134 17.5748031496063 idée
126.14173228346456 180.0 28.913385826771652 17.5748031496063 de
140.5984251968504 180.0 77.38582677165354 17.5748031496063 défoulement,
203.5275590551181 180.0 53.29133858267716 17.5748031496063 l’homme
242.36220472440945 180.0 38.83464566929134 17.5748031496063 doit
261.6377952755906 180.0 34.01574803149607 17.5748031496063 avoir

48.75590551181102 190.77165354330708 28.346456692913385 17.5748031496063 la
62.92913385826772 190.77165354330708 71.14960629921259 17.5748031496063 possibilité
119.90551181102362 190.77165354330708 28.346456692913385 17.5748031496063 de
134.07874015748033 190.77165354330708 52.15748031496063 17.5748031496063 réduire
172.06299212598427 190.77165354330708 28.346456692913385 17.5748031496063 ou
186.23622047244095 190.77165354330708 61.511811023622045 17.5748031496063 augmenter
229.03937007874015 190.77165354330708 66.33070866141732 17.5748031496063 perceptible-

49.039370078740156 200.9763779527559 37.13385826771653 15.590551181102363 ment
72.28346456692914 200.9763779527559 32.59842519685039 15.590551181102363 son
90.70866141732283 200.9763779527559 46.488188976377955 15.590551181102363 espace
123.30708661417323 200.9763779527559 46.488188976377955 15.590551181102363 vital,
155.90551181102362 200.9763779527559 41.95275590551181 15.590551181102363 créer
183.68503937007873 200.9763779527559 32.59842519685039 15.590551181102363 des
202.39370078740157 200.9763779527559 46.488188976377955 15.590551181102363 formes
234.99212598425197 200.9763779527559 51.023622047244096 15.590551181102363 variées
267.59055118110234 200.9763779527559 27.77952755905512 15.590551181102363 avec

49.039370078740156 209.76377952755905 28.913385826771652 17.007874015748033 le
63.496062992125985 209.76377952755905 57.826771653543304 17.007874015748033 matériau
106.86614173228347 209.76377952755905 33.732283464566926 17.007874015748033 des
126.14173228346456 209.76377952755905 48.188976377952756 17.007874015748033 parois
159.8740157480315 209.76377952755905 28.913385826771652 17.007874015748033 de
174.61417322834646 209.76377952755905 43.37007874015748 17.007874015748033 notre
203.5275590551181 209.76377952755905 43.37007874015748 17.007874015748033 «mind
227.6220472440945 209.76377952755905 67.46456692913385 17.007874015748033 emancipation

49.32283464566929 219.68503937007873 50.173228346456696 17.007874015748033 cell»,
84.4724409448819 219.68503937007873 30.04724409448819 17.007874015748033 et
99.49606299212599 219.68503937007873 30.04724409448819 17.007874015748033 de
114.80314960629921 219.68503937007873 30.04724409448819 17.007874015748033 se
129.82677165354332 219.68503937007873 55.275590551181104 17.007874015748033 trouver
169.79527559055117 219.68503937007873 45.07086614173228 17.007874015748033 ainsi
200.1259842519685 219.68503937007873 40.25196850393701 17.007874015748033 dans
225.0708661417323 219.68503937007873 30.04724409448819 17.007874015748033 le
240.09448818897638 219.68503937007873 50.173228346456696 17.007874015748033 milieu
270.1417322834646 219.68503937007873 25.228346456692915 17.007874015748033 qui

49.60629921259842 231.0236220472441 64.91338582677166 15.874015748031496 correspond
100.34645669291339 231.0236220472441 23.244094488188978 15.874015748031496 à
109.7007874015748 231.0236220472441 32.31496062992126 15.874015748031496 son
128.1259842519685 231.0236220472441 37.13385826771653 15.874015748031496 état
146.5511811023622 231.0236220472441 51.023622047244096 15.874015748031496 d’esprit.

49.60629921259842 233.85826771653544 38.83464566929134 20.409448818897637 Pour
73.7007874015748 233.85826771653544 34.01574803149607 20.409448818897637 des
93.25984251968504 233.85826771653544 53.29133858267716 20.409448818897637 raisons
132.09448818897638 233.85826771653544 72.85039370078741 20.409448818897637 techniques,
190.20472440944883 233.85826771653544 29.19685039370079 20.409448818897637 la
204.66141732283464 233.85826771653544 53.29133858267716 20.409448818897637 cellule
243.49606299212599 233.85826771653544 34.01574803149607 20.409448818897637 est
257.9527559055118 233.85826771653544 38.83464566929134 20.409448818897637 placée

49.60629921259842 247.46456692913387 23.811023622047244 17.858267716535433 à
59.24409448818898 247.46456692913387 71.14960629921259 17.858267716535433 l’intérieur
116.22047244094489 247.46456692913387 37.98425196850393 17.858267716535433 d’un
140.03149606299212 247.46456692913387 47.62204724409449 17.858267716535433 volume
173.1968503937008 247.46456692913387 75.96850393700787 17.858267716535433 sphéroïdique
230.17322834645668 247.46456692913387 66.61417322834646 17.858267716535433 transparent.

45.07086614173228 267.3070866141732 69.44881889763779 15.590551181102363 Responsable:

51.30708661417323 274.96062992125985 59.52755905511811 18.4251968503937 Jean-Luc
98.07874015748031 274.96062992125985 63.77952755905512 18.4251968503937 JOANNE
149.10236220472441 274.96062992125985 25.511811023622048 18.4251968503937 né
161.85826771653544 274.96062992125985 25.511811023622048 18.4251968503937 en
174.61417322834646 274.96062992125985 34.01574803149607 18.4251968503937 1945
195.59055118110237 274.96062992125985 21.25984251968504 18.4251968503937 à
204.09448818897638 274.96062992125985 63.77952755905512 18.4251968503937 Chevanceaux
250.86614173228347 274.96062992125985 46.77165354330709 18.4251968503937 (France).

46.77165354330709 291.9685039370079 41.95275590551181 13.039370078740157 Design.

52.15748031496063 301.8897637795276 65.76377952755905 16.440944881889763 Catherine
105.44881889763779 301.8897637795276 65.76377952755905 16.440944881889763 BOIGEOL
158.74015748031496 301.8897637795276 28.62992125984252 16.440944881889763 née
175.1811023622047 301.8897637795276 24.661417322834644 16.440944881889763 en
187.37007874015748 301.8897637795276 32.881889763779526 16.440944881889763 1949
208.06299212598427 301.8897637795276 20.409448818897637 16.440944881889763 à
216.28346456692913 301.8897637795276 53.29133858267716 16.440944881889763 Giromagny
253.13385826771653 301.8897637795276 45.07086614173228 16.440944881889763 (France).

47.338582677165356 318.8976377952756 45.07086614173228 11.905511811023622 Gravure.

52.724409448818896 326.5511811023622 75.11811023622047 18.4251968503937 Jean-Pierre
115.37007874015748 326.5511811023622 70.86614173228347 18.4251968503937 BRETECHE
173.76377952755905 326.5511811023622 24.944881889763778 18.4251968503937 né
186.23622047244095 326.5511811023622 24.944881889763778 18.4251968503937 en
198.99212598425197 326.5511811023622 33.44881889763779 18.4251968503937 1946
219.68503937007873 326.5511811023622 20.976377952755904 18.4251968503937 à
228.18897637795277 326.5511811023622 41.669291338582674 18.4251968503937 Nantes
253.13385826771653 326.5511811023622 45.92125984251968 18.4251968503937 (France).

48.188976377952756 342.70866141732284 68.31496062992126 14.173228346456693 Photographie.

53.29133858267716 356.88188976377955 58.110236220472444 13.32283464566929 Sonia
96.66141732283465 356.88188976377955 91.84251968503936 13.32283464566929 CHATAIGNER
174.04724409448818 356.88188976377955 33.732283464566926 13.32283464566929 née
193.60629921259843 356.88188976377955 28.913385826771652 13.32283464566929 en
208.06299212598427 356.88188976377955 38.55118110236221 13.32283464566929 1946
232.15748031496062 356.88188976377955 24.094488188976378 13.32283464566929 à
236.9763779527559 356.88188976377955 62.92913385826772 13.32283464566929 Fouquebrune

53.574803149606296 369.07086614173227 56.976377952755904 15.307086614173228 (France).
92.97637795275591 369.07086614173227 39.40157480314961 15.307086614173228 Design.

54.425196850393704 379.5590551181102 58.110236220472444 17.5748031496063 Pierre
99.21259842519684 379.5590551181102 67.18110236220473 17.5748031496063 VIELLET
152.78740157480314 379.5590551181102 26.929133858267715 17.5748031496063 né
166.39370078740157 379.5590551181102 26.929133858267715 17.5748031496063 en
179.71653543307087 379.5590551181102 35.71653543307087 17.5748031496063 1947
202.11023622047244 379.5590551181102 22.393700787401574 17.5748031496063 à
210.89763779527559 379.5590551181102 35.71653543307087 17.5748031496063 Lahr
233.29133858267716 379.5590551181102 26.929133858267715 17.5748031496063 en
246.89763779527559 379.5590551181102 35.71653543307087 17.5748031496063 Bade
264.755905511811 379.5590551181102 35.71653543307087 17.5748031496063 (Alle-

54.14173228346457 394.5826771653543 53.00787401574803 15.023622047244094 magne).
87.8740157480315 394.5826771653543 57.826771653543304 15.023622047244094 Graphisme.

40.818897637795274 416.40944881889766 41.95275590551181 13.88976377952756 29
68.5984251968504 416.40944881889766 56.125984251968504 13.88976377952756 MONUMENT
110.83464566929133 416.40944881889766 28.062992125984252 13.88976377952756 AU
124.7244094488189 416.40944881889766 46.77165354330709 13.88976377952756 SOLDAT
157.3228346456693 416.40944881889766 60.661417322834644 13.88976377952756 CONNU
204.09448818897638 416.40944881889766 74.83464566929133 13.88976377952756 (réalisation
264.755905511811 416.40944881889766 23.244094488188978 13.88976377952756 à
269.5748031496063 416.40944881889766 32.59842519685039 13.88976377952756 gran

50.45669291338583 428.88188976377955 34.2992125984252 14.456692913385826 deur).

54.425196850393704 443.33858267716533 30.89763779527559 11.338582677165354 Ce
69.73228346456693 443.33858267716533 61.79527559055118 11.338582677165354 monument
116.22047244094489 443.33858267716533 66.89763779527559 11.338582677165354 incorpore
167.81102362204723 443.33858267716533 36.0 11.338582677165354 les
188.50393700787401 443.33858267716533 61.79527559055118 11.338582677165354 éléments
234.99212598425197 443.33858267716533 36.0 11.338582677165354 que
250.29921259842519 443.33858267716533 51.59055118110236 11.338582677165354 pourrait

55.84251968503937 453.25984251968504 50.173228346456696 11.05511811023622 utiliser
93.54330708661418 453.25984251968504 62.645669291338585 11.05511811023622 aujourd’hui
143.43307086614172 453.25984251968504 54.14173228346457 11.05511811023622 l’artiste
185.38582677165354 453.25984251968504 58.39370078740158 11.05511811023622 populaire,
231.30708661417322 453.25984251968504 66.89763779527559 11.05511811023622 c’est-à-dire
281.1968503937008 453.25984251968504 20.976377952755904 11.05511811023622 des

55.275590551181104 460.62992125984255 58.110236220472444 12.755905511811024 symboles
98.92913385826772 460.62992125984255 29.19685039370079 12.755905511811024 et
113.38582677165354 460.62992125984255 48.47244094488189 12.755905511811024 objets
147.4015748031496 460.62992125984255 53.29133858267716 12.755905511811024 prenant
186.23622047244095 460.62992125984255 34.01574803149607 12.755905511811024 une
205.79527559055117 460.62992125984255 48.47244094488189 12.755905511811024 valeur
239.5275590551181 460.62992125984255 58.110236220472444 12.755905511811024 mythique
278.3622047244094 460.62992125984255 24.37795275590551 12.755905511811024 par

55.275590551181104 470.26771653543307 33.16535433070866 12.755905511811024 les
74.26771653543307 470.26771653543307 90.4251968503937 12.755905511811024 représentations
150.51968503937007 470.26771653543307 33.16535433070866 12.755905511811024 qui
169.51181102362204 470.26771653543307 28.62992125984252 12.755905511811024 en
183.68503937007873 470.26771653543307 37.98425196850393 12.755905511811024 sont
207.49606299212599 470.26771653543307 52.44094488188976 12.755905511811024 faites,
245.76377952755905 470.26771653543307 33.16535433070866 12.755905511811024 par
259.93700787401576 470.26771653543307 42.803149606299215 12.755905511811024 exemple

54.99212598425197 480.4724409448819 35.43307086614173 13.606299212598426 par
75.4015748031496 480.4724409448819 96.09448818897638 13.606299212598426 l’intermédiaire
156.18897637795277 480.4724409448819 35.43307086614173 13.606299212598426 des
176.31496062992127 480.4724409448819 90.99212598425197 13.606299212598426 communications
252.28346456692913 480.4724409448819 30.330708661417322 13.606299212598426 de
262.20472440944883 480.4724409448819 40.53543307086614 13.606299212598426 masses

55.84251968503937 490.3937007874016 64.06299212598425 14.456692913385826 (journaux,
106.2992125984252 490.3937007874016 73.13385826771653 14.456692913385826 télévisions,
165.54330708661416 490.3937007874016 45.92125984251968 14.456692913385826 etc.),
197.85826771653544 490.3937007874016 36.56692913385827 14.456692913385826 puis
220.53543307086613 490.3937007874016 27.496062992125985 14.456692913385826 un
234.4251968503937 490.3937007874016 36.56692913385827 14.456692913385826 sens
252.56692913385828 490.3937007874016 50.45669291338583 14.456692913385826 différent

55.84251968503937 498.8976377952756 48.47244094488189 12.755905511811024 encore
89.5748031496063 498.8976377952756 67.74803149606299 12.755905511811024 lorsqu’ils
142.86614173228347 498.8976377952756 38.83464566929134 12.755905511811024 sont
167.24409448818898 498.8976377952756 48.47244094488189 12.755905511811024 inclus
200.9763779527559 498.8976377952756 38.83464566929134 12.755905511811024 dans
225.35433070866142 498.8976377952756 28.913385826771652 12.755905511811024 un
239.81102362204723 498.8976377952756 58.110236220472444 12.755905511811024 ensemble
278.6456692913386 498.8976377952756 24.094488188976378 12.755905511811024 tel

55.55905511811024 509.1023622047244 31.181102362204726 12.755905511811024 que
73.41732283464567 509.1023622047244 53.29133858267716 12.755905511811024 celui-ci
113.38582677165354 509.1023622047244 31.181102362204726 12.755905511811024 par
130.96062992125985 509.1023622047244 39.968503937007874 12.755905511811024 l’art
157.60629921259843 509.1023622047244 62.07874015748032 12.755905511811024 populaire.
206.64566929133858 509.1023622047244 44.503937007874015 12.755905511811024 Ainsi,
237.54330708661416 509.1023622047244 26.64566929133858 12.755905511811024 la
250.86614173228347 509.1023622047244 39.968503937007874 12.755905511811024 forme
272.9763779527559 509.1023622047244 31.181102362204726 12.755905511811024 géné-

56.40944881889764 518.4566929133858 38.83464566929134 11.338582677165354 rale
80.50393700787401 518.4566929133858 28.913385826771652 11.338582677165354 du
95.24409448818898 518.4566929133858 58.110236220472444 11.338582677165354 monument
138.61417322834646 518.4566929133858 38.83464566929134 11.338582677165354 peut
162.99212598425197 518.4566929133858 53.29133858267716 11.338582677165354 évoquer
201.54330708661416 518.4566929133858 43.653543307086615 11.338582677165354 aussi
230.74015748031496 518.4566929133858 38.83464566929134 11.338582677165354 bien
254.83464566929135 518.4566929133858 34.01574803149607 11.338582677165354 une
269.29133858267716 518.4566929133858 34.01574803149607 11.338582677165354 fusée

56.976377952755904 526.6771653543307 24.37795275590551 13.039370078740157 —
66.61417322834646 526.6771653543307 87.59055118110236 13.039370078740157 représentation
139.748031496063 526.6771653543307 58.39370078740158 13.039370078740157 actuelle
183.4015748031496 526.6771653543307 24.37795275590551 13.039370078740157 —
193.03937007874015 526.6771653543307 43.653543307086615 13.039370078740157 qu’un
222.23622047244095 526.6771653543307 53.574803149606296 13.039370078740157 phallus
261.3543307086614 526.6771653543307 24.37795275590551 13.039370078740157 —
266.1732283464567 526.6771653543307 38.83464566929134 13.039370078740157 repré-

56.69291338582677 534.6141732283464 65.76377952755905 13.88976377952756 sentation
107.14960629921259 534.6141732283464 65.76377952755905 13.88976377952756 mythique.
157.60629921259843 534.6141732283464 30.330708661417322 13.88976377952756 De
172.91338582677164 534.6141732283464 45.354330708661415 13.88976377952756 même,
203.24409448818898 534.6141732283464 30.330708661417322 13.88976377952756 un
218.26771653543307 534.6141732283464 55.55905511811024 13.88976377952756 élément
253.70078740157481 534.6141732283464 50.45669291338583 13.88976377952756 emprunté

56.40944881889764 546.2362204724409 26.929133858267715 12.472440944881889 à
67.18110236220473 546.2362204724409 32.31496062992126 12.472440944881889 la
83.33858267716535 546.2362204724409 59.24409448818898 12.472440944881889 science
126.4251968503937 546.2362204724409 59.24409448818898 12.472440944881889 moderne
169.51181102362204 546.2362204724409 26.929133858267715 12.472440944881889 —
180.28346456692913 546.2362204724409 32.31496062992126 12.472440944881889 un
196.15748031496062 546.2362204724409 43.08661417322835 12.472440944881889 cœur
223.08661417322836 546.2362204724409 53.85826771653543 12.472440944881889 greffé
260.78740157480314 546.2362204724409 26.929133858267715 12.472440944881889 —
266.1732283464567 546.2362204724409 37.7007874015748 12.472440944881889 prend

58.960629921259844 555.3070866141733 30.614173228346456 13.606299212598426 une
76.25196850393701 555.3070866141733 52.44094488188976 13.606299212598426 nouvelle
115.65354330708661 555.3070866141733 48.188976377952756 13.606299212598426 valeur,
150.8031496062992 555.3070866141733 65.76377952755905 13.606299212598426 folklorique
203.5275590551181 555.3070866141733 26.362204724409448 13.606299212598426 et
216.56692913385828 555.3070866141733 56.976377952755904 13.606299212598426 poétique,
255.96850393700788 555.3070866141733 48.188976377952756 13.606299212598426 lorsqu’il

58.110236220472444 566.9291338582677 30.330708661417322 11.622047244094489 est
75.4015748031496 566.9291338582677 56.40944881889764 11.622047244094489 confronté
118.77165354330708 566.9291338582677 21.543307086614174 11.622047244094489 à
127.2755905511811 566.9291338582677 60.661417322834644 11.622047244094489 l’ensemble
174.89763779527559 566.9291338582677 30.330708661417322 11.622047244094489 des
192.4724409448819 566.9291338582677 43.37007874015748 11.622047244094489 autres
222.8031496062992 566.9291338582677 51.874015748031496 11.622047244094489 éléments
257.38582677165357 566.9291338582677 47.62204724409449 11.622047244094489 utilisés.

57.826771653543304 581.9527559055118 72.56692913385827 14.456692913385826 Responsable
115.65354330708661 581.9527559055118 28.913385826771652 14.456692913385826 de
125.5748031496063 581.9527559055118 53.00787401574803 14.456692913385826 l’équipe:

57.826771653543304 590.7401574803149 62.92913385826772 15.590551181102363 Alberto
107.43307086614173 590.7401574803149 89.85826771653544 15.590551181102363 QUINTANILLA
183.68503937007873 590.7401574803149 26.929133858267715 15.590551181102363 né
197.29133858267716 590.7401574803149 26.929133858267715 15.590551181102363 en
210.61417322834646 590.7401574803149 36.0 15.590551181102363 1934
233.00787401574803 590.7401574803149 22.393700787401574 15.590551181102363 à
242.07874015748033 590.7401574803149 36.0 15.590551181102363 Lima
259.93700787401576 590.7401574803149 45.07086614173228 15.590551181102363 (Pérou).

53.85826771653543 605.1968503937007 86.74015748031496 15.023622047244094 Sculpteur

58.960629921259844 619.9370078740158 47.62204724409449 12.472440944881889 Paul
93.54330708661418 619.9370078740158 56.40944881889764 12.472440944881889 BAUD
136.91338582677164 619.9370078740158 26.078740157480315 12.472440944881889 né
149.95275590551182 619.9370078740158 26.078740157480315 12.472440944881889 en
162.99212598425197 619.9370078740158 34.58267716535433 12.472440944881889 1943
184.53543307086613 619.9370078740158 21.543307086614174 12.472440944881889 à
193.3228346456693 619.9370078740158 39.118110236220474 12.472440944881889 Paris
219.11811023622047 619.9370078740158 56.40944881889764 12.472440944881889 (France).
258.23622047244095 619.9370078740158 47.62204724409449 12.472440944881889 Musicien.

280.34645669291336 640.9133858267717 26.078740157480315 13.32283464566929 147
