301.03937007874015 676.0629921259842
-10.204724409448819 25.228346456692915 111.68503937007874 19.84251968503937 ALLEMAGNE

18.141732283464567 58.960629921259844 33.44881889763779 19.275590551181104 mis
37.41732283464567 58.960629921259844 24.094488188976378 19.275590551181104 à
47.05511811023622 58.960629921259844 43.08661417322835 19.275590551181104 notre
75.68503937007874 58.960629921259844 72.0 19.275590551181104 disposition
133.22834645669292 58.960629921259844 38.267716535433074 19.275590551181104 pour
157.3228346456693 58.960629921259844 28.913385826771652 19.275590551181104 la
171.7795275590551 58.960629921259844 72.0 19.275590551181104 réalisation
224.50393700787401 58.960629921259844 43.08661417322835 19.275590551181104 d’idées

16.440944881889763 75.96850393700787 32.031496062992126 11.905511811023622 et
32.59842519685039 75.96850393700787 32.031496062992126 11.905511811023622 de
48.47244094488189 75.96850393700787 58.67716535433071 11.905511811023622 projets
91.2755905511811 75.96850393700787 42.803149606299215 11.905511811023622 est,
117.92125984251969 75.96850393700787 26.64566929133858 11.905511811023622 à
128.69291338582678 75.96850393700787 32.031496062992126 11.905511811023622 ce
144.56692913385828 75.96850393700787 47.90551181102362 11.905511811023622 point
176.5984251968504 75.96850393700787 32.031496062992126 11.905511811023622 de
192.4724409448819 75.96850393700787 42.803149606299215 11.905511811023622 vue,
214.01574803149606 75.96850393700787 53.29133858267716 11.905511811023622 vraiment

16.440944881889763 88.44094488188976 76.25196850393701 12.472440944881889 étonnante.
76.25196850393701 88.44094488188976 49.039370078740156 12.472440944881889 C’est
109.13385826771653 88.44094488188976 49.039370078740156 12.472440944881889 ainsi
141.73228346456693 88.44094488188976 43.653543307086615 12.472440944881889 qu’à
168.9448818897638 88.44094488188976 43.653543307086615 12.472440944881889 côté
196.15748031496062 88.44094488188976 38.267716535433074 12.472440944881889 des
212.5984251968504 88.44094488188976 54.425196850393704 12.472440944881889 éléments

17.291338582677167 98.64566929133858 81.63779527559055 13.606299212598426 traditionnels
84.4724409448819 98.64566929133858 28.913385826771652 13.606299212598426 du
98.92913385826772 98.64566929133858 43.08661417322835 13.606299212598426 passé
127.84251968503936 98.64566929133858 38.55118110236221 13.606299212598426 tels
151.6535433070866 98.64566929133858 33.732283464566926 13.606299212598426 que
170.9291338582677 98.64566929133858 47.90551181102362 13.606299212598426 toiles
204.66141732283464 98.64566929133858 28.913385826771652 13.606299212598426 et
214.29921259842519 98.64566929133858 52.724409448818896 13.606299212598426 couleurs,

17.5748031496063 109.13385826771653 57.25984251968504 15.590551181102363 plaques
59.24409448818898 109.13385826771653 31.181102362204726 15.590551181102363 de
74.83464566929133 109.13385826771653 52.15748031496063 15.590551181102363 cuivre
111.4015748031496 109.13385826771653 26.078740157480315 15.590551181102363 à
121.60629921259843 109.13385826771653 52.15748031496063 15.590551181102363 graver
158.17322834645668 109.13385826771653 31.181102362204726 15.590551181102363 et
173.76377952755905 109.13385826771653 57.25984251968504 15.590551181102363 pierres
210.33070866141733 109.13385826771653 57.25984251968504 15.590551181102363 lithogra-

17.007874015748033 119.05511811023622 65.19685039370079 18.141732283464567 phiques,
66.04724409448819 119.05511811023622 32.59842519685039 18.141732283464567 où
82.20472440944881 119.05511811023622 54.425196850393704 18.141732283464567 trouve
120.4724409448819 119.05511811023622 81.63779527559055 18.141732283464567 aujourd’hui
185.66929133858267 119.05511811023622 37.98425196850393 18.141732283464567 des
202.11023622047244 119.05511811023622 65.19685039370079 18.141732283464567 mix

17.007874015748033 136.06299212598427 75.96850393700787 11.905511811023622 ustensiles
76.81889763779527 136.06299212598427 32.59842519685039 11.905511811023622 de
92.97637795275591 136.06299212598427 48.75590551181102 11.905511811023622 série
125.5748031496063 136.06299212598427 32.59842519685039 11.905511811023622 de
141.73228346456693 136.06299212598427 54.425196850393704 11.905511811023622 toutes
180.0 136.06299212598427 54.425196850393704 11.905511811023622 sortes
217.98425196850394 136.06299212598427 37.98425196850393 11.905511811023622 que
234.14173228346456 136.06299212598427 32.59842519685039 11.905511811023622 l’on

17.007874015748033 145.13385826771653 44.503937007874015 14.456692913385826 peut
44.78740157480315 145.13385826771653 33.44881889763779 14.456692913385826 se
61.511811023622045 145.13385826771653 66.61417322834646 14.456692913385826 procurer
111.4015748031496 145.13385826771653 44.503937007874015 14.456692913385826 dans
139.1811023622047 145.13385826771653 38.83464566929134 14.456692913385826 les
161.5748031496063 145.13385826771653 55.55905511811024 14.456692913385826 grands
200.40944881889763 145.13385826771653 66.61417322834646 14.456692913385826 magasins
244.91338582677164 145.13385826771653 22.11023622047244 14.456692913385826 et

17.291338582677167 156.75590551181102 37.13385826771653 13.606299212598426 les
38.55118110236221 156.75590551181102 95.5275590551181 13.606299212598426 super-marchés,
118.20472440944881 156.75590551181102 31.748031496062993 13.606299212598426 ou
134.36220472440945 156.75590551181102 53.00787401574803 13.606299212598426 encore
171.49606299212599 156.75590551181102 42.51968503937008 13.606299212598426 dans
197.85826771653544 156.75590551181102 69.16535433070867 13.606299212598426 l’arsenal
245.76377952755905 156.75590551181102 21.25984251968504 13.606299212598426 de

18.141732283464567 169.79527559055117 29.19685039370079 12.755905511811024 la
32.59842519685039 169.79527559055117 68.31496062992126 12.755905511811024 technique,
86.45669291338582 169.79527559055117 29.19685039370079 12.755905511811024 de
101.19685039370079 169.79527559055117 83.05511811023622 12.755905511811024 l’acoustique,
169.51181102362204 169.79527559055117 39.118110236220474 12.755905511811024 dans
193.88976377952756 169.79527559055117 73.13385826771653 12.755905511811024 l’industrie
247.46456692913387 169.79527559055117 19.559055118110237 12.755905511811024 de

18.141732283464567 179.71653543307087 82.77165354330708 13.88976377952756 l’éclairage,
85.32283464566929 179.71653543307087 31.181102362204726 13.88976377952756 et
100.91338582677166 179.71653543307087 36.28346456692913 13.88976377952756 que
121.60629921259843 179.71653543307087 41.38582677165354 13.88976377952756 l’on
147.68503937007873 179.71653543307087 56.976377952755904 13.88976377952756 dispose
189.0708661417323 179.71653543307087 31.181102362204726 13.88976377952756 de
199.2755905511811 179.71653543307087 67.46456692913385 13.88976377952756 différentes

17.291338582677167 191.6220472440945 52.15748031496063 14.173228346456693 façons
53.574803149606296 191.6220472440945 46.77165354330709 14.173228346456693 selon
85.03937007874016 191.6220472440945 31.181102362204726 14.173228346456693 un
100.62992125984252 191.6220472440945 67.74803149606299 14.173228346456693 bricolage
152.78740157480314 191.6220472440945 83.33858267716535 14.173228346456693 intelligent.
220.53543307086613 191.6220472440945 41.669291338582674 14.173228346456693 Tout
241.22834645669292 191.6220472440945 26.078740157480315 14.173228346456693 est

18.141732283464567 203.81102362204723 62.07874015748032 14.456692913385826 possible
64.62992125984252 203.81102362204723 77.66929133858268 14.456692913385826 aujourd’hui
126.99212598425197 203.81102362204723 31.181102362204726 14.456692913385826 et
142.29921259842519 203.81102362204723 31.181102362204726 14.456692913385826 en
157.88976377952756 203.81102362204723 41.38582677165354 14.456692913385826 même
183.96850393700788 203.81102362204723 46.488188976377955 14.456692913385826 temps
214.86614173228347 203.81102362204723 41.38582677165354 14.456692913385826 tout
235.55905511811022 203.81102362204723 31.181102362204726 14.456692913385826 pose

17.858267716535433 216.56692913385828 36.56692913385827 15.023622047244094 une
33.44881889763779 216.56692913385828 57.25984251968504 15.023622047244094 question.

33.44881889763779 228.75590551181102 40.53543307086614 16.440944881889763 Bien
58.960629921259844 228.75590551181102 35.43307086614173 16.440944881889763 que
79.08661417322834 228.75590551181102 55.84251968503937 16.440944881889763 choisis
119.62204724409449 228.75590551181102 45.63779527559055 16.440944881889763 parmi
150.23622047244095 228.75590551181102 35.43307086614173 16.440944881889763 les
170.36220472440945 228.75590551181102 40.53543307086614 16.440944881889763 plus
190.77165354330708 228.75590551181102 75.96850393700787 16.440944881889763 remarquables,

17.5748031496063 243.7795275590551 29.763779527559056 12.472440944881889 on
32.59842519685039 243.7795275590551 29.763779527559056 12.472440944881889 ne
47.62204724409449 243.7795275590551 44.78740157480315 12.472440944881889 peut,
77.38582677165354 243.7795275590551 39.68503937007874 12.472440944881889 avec
102.33070866141732 243.7795275590551 34.86614173228347 12.472440944881889 les
122.1732283464567 243.7795275590551 54.70866141732284 12.472440944881889 projets
161.85826771653544 243.7795275590551 29.763779527559056 12.472440944881889 et
176.88188976377953 243.7795275590551 54.70866141732284 12.472440944881889 travaux
211.748031496063 243.7795275590551 54.70866141732284 12.472440944881889 présentés

17.5748031496063 254.83464566929135 25.511811023622048 12.755905511811024 à
27.77952755905512 254.83464566929135 30.614173228346456 12.755905511811024 la
43.08661417322835 254.83464566929135 60.94488188976378 12.755905511811024 Biennale
88.7244094488189 254.83464566929135 35.43307086614173 12.755905511811024 par
109.13385826771653 254.83464566929135 30.614173228346456 12.755905511811024 la
124.15748031496064 254.83464566929135 71.14960629921259 12.755905511811024 République
180.0 254.83464566929135 60.94488188976378 12.755905511811024 Fédérale
220.8188976377953 254.83464566929135 45.63779527559055 12.755905511811024 d’Alle-

18.141732283464567 267.87401574803147 50.74015748031496 13.606299212598426 magne,
53.574803149606296 267.87401574803147 55.84251968503937 13.606299212598426 montrer
94.11023622047244 267.87401574803147 45.63779527559055 13.606299212598426 qu’un
124.7244094488189 267.87401574803147 50.74015748031496 13.606299212598426 aspect
160.15748031496062 267.87401574803147 50.74015748031496 13.606299212598426 infime
195.59055118110237 267.87401574803147 30.330708661417322 13.606299212598426 de
205.79527559055117 267.87401574803147 60.94488188976378 13.606299212598426 l’actuelle

18.141732283464567 278.3622047244094 75.68503937007874 13.606299212598426 production
77.66929133858268 278.3622047244094 75.68503937007874 13.606299212598426 artistique
136.91338582677164 278.3622047244094 75.68503937007874 13.606299212598426 allemande.
196.44094488188978 278.3622047244094 32.31496062992126 13.606299212598426 Le
212.5984251968504 278.3622047244094 48.75590551181102 13.606299212598426 choix
239.81102362204723 278.3622047244094 26.929133858267715 13.606299212598426 n’a

18.141732283464567 291.40157480314963 38.55118110236221 12.188976377952756 pas
39.968503937007874 291.40157480314963 38.55118110236221 12.188976377952756 été
62.07874015748032 291.40157480314963 44.22047244094488 12.188976377952756 fait
89.85826771653544 291.40157480314963 33.16535433070866 12.188976377952756 au
106.2992125984252 291.40157480314963 60.661417322834644 12.188976377952756 hasard.
150.51968503937007 291.40157480314963 33.16535433070866 12.188976377952756 En
166.96062992125985 291.40157480314963 93.8267716535433 12.188976377952756 considération
238.96062992125985 291.40157480314963 27.496062992125985 12.188976377952756 des

18.708661417322833 303.59055118110234 52.44094488188976 12.472440944881889 limites
56.69291338582677 303.59055118110234 61.79527559055118 12.472440944881889 imposées,
104.31496062992126 303.59055118110234 33.16535433070866 12.472440944881889 ont
123.30708661417323 303.59055118110234 33.16535433070866 12.472440944881889 été
142.58267716535434 303.59055118110234 52.44094488188976 12.472440944881889 choisis
180.56692913385828 303.59055118110234 33.16535433070866 12.472440944881889 des
199.55905511811022 303.59055118110234 56.976377952755904 12.472440944881889 artistes
237.54330708661416 303.59055118110234 28.62992125984252 12.472440944881889 qui,

17.858267716535433 316.06299212598424 36.28346456692913 12.472440944881889 ces
38.55118110236221 316.06299212598424 62.07874015748032 12.472440944881889 derniers
85.03937007874016 316.06299212598424 51.874015748031496 12.472440944881889 temps,
121.32283464566929 316.06299212598424 36.28346456692913 12.472440944881889 par
142.01574803149606 316.06299212598424 41.38582677165354 12.472440944881889 leur
168.09448818897638 316.06299212598424 72.56692913385827 12.472440944881889 constance,
225.0708661417323 316.06299212598424 36.28346456692913 12.472440944881889 ont
240.66141732283464 316.06299212598424 25.79527559055118 12.472440944881889 été

18.4251968503937 325.98425196850394 37.7007874015748 12.755905511811024 les
39.968503937007874 325.98425196850394 53.85826771653543 12.755905511811024 points
77.66929133858268 325.98425196850394 32.31496062992126 12.755905511811024 de
93.8267716535433 325.98425196850394 43.08661417322835 12.755905511811024 mire
120.75590551181102 325.98425196850394 43.08661417322835 12.755905511811024 dans
147.96850393700788 325.98425196850394 32.31496062992126 12.755905511811024 le
164.1259842519685 325.98425196850394 59.24409448818898 12.755905511811024 conflit
201.82677165354332 325.98425196850394 64.62992125984252 12.755905511811024 artistique

13.32283464566929 337.6062992125984 43.08661417322835 15.307086614173228 actuel.

155.90551181102362 351.496062992126 61.22834645669291 17.007874015748033 Thomas
192.75590551181102 351.496062992126 73.41732283464567 17.007874015748033 Grochowiak

102.04724409448819 419.5275590551181 69.73228346456693 18.4251968503937 PEINTURE

30.330708661417322 442.48818897637796 82.48818897637796 15.874015748031496 Lambert-Maria
100.62992125984252 442.48818897637796 90.70866141732283 15.874015748031496 WINTERSBERGER
178.86614173228347 442.48818897637796 28.913385826771652 15.874015748031496 née
195.59055118110237 442.48818897637796 24.661417322834644 15.874015748031496 en
207.7795275590551 442.48818897637796 32.881889763779526 15.874015748031496 1941
228.4724409448819 442.48818897637796 20.69291338582677 15.874015748031496 à
232.7244094488189 442.48818897637796 32.881889763779526 15.874015748031496 Munich

26.078740157480315 453.54330708661416 59.24409448818898 12.472440944881889 (Allemagne).

21.826771653543307 466.5826771653543 51.59055118110236 14.456692913385826 1
60.37795275590551 466.5826771653543 55.84251968503937 14.456692913385826 Explosion
103.18110236220473 466.5826771653543 25.79527559055118 14.456692913385826 I,
116.22047244094489 466.5826771653543 34.2992125984252 14.456692913385826 1969
137.48031496062993 466.5826771653543 51.59055118110236 14.456692913385826 (matière
176.03149606299212 466.5826771653543 55.84251968503937 14.456692913385826 résineuse
219.11811023622047 466.5826771653543 30.04724409448819 14.456692913385826 sur
231.8740157480315 466.5826771653543 34.2992125984252 14.456692913385826 toile,

29.480314960629922 476.503937007874 30.04724409448819 12.755905511811024 225
46.488188976377955 476.503937007874 21.543307086614174 12.755905511811024 x
55.275590551181104 476.503937007874 38.55118110236221 12.755905511811024 190).
80.78740157480316 476.503937007874 47.05511811023622 12.755905511811024 Galerie
115.08661417322834 476.503937007874 51.59055118110236 12.755905511811024 Miiller,
149.38582677165354 476.503937007874 51.59055118110236 12.755905511811024 Stuttgart.

21.826771653543307 484.7244094488189 50.45669291338583 13.606299212598426 2
59.811023622047244 484.7244094488189 58.960629921259844 13.606299212598426 Eclatement
106.01574803149606 484.7244094488189 25.228346456692915 13.606299212598426 I,
118.48818897637796 484.7244094488189 33.732283464566926 13.606299212598426 1969
139.46456692913387 484.7244094488189 50.45669291338583 13.606299212598426 (matière
177.4488188976378 484.7244094488189 54.70866141732284 13.606299212598426 résineuse
219.4015748031496 484.7244094488189 29.480314960629922 13.606299212598426 sur
231.8740157480315 484.7244094488189 33.732283464566926 13.606299212598426 toile,

29.19685039370079 494.92913385826773 30.04724409448819 11.905511811023622 225
46.20472440944882 494.92913385826773 21.543307086614174 11.905511811023622 x
54.99212598425197 494.92913385826773 38.55118110236221 11.905511811023622 190).
80.78740157480316 494.92913385826773 47.338582677165356 11.905511811023622 Galerie
115.08661417322834 494.92913385826773 51.59055118110236 11.905511811023622 Miiller,
149.38582677165354 494.92913385826773 51.59055118110236 11.905511811023622 Stuttgart.

21.543307086614174 504.2834645669291 48.188976377952756 10.771653543307087 3
57.54330708661417 504.2834645669291 48.188976377952756 10.771653543307087 Blessure
93.8267716535433 504.2834645669291 20.125984251968504 10.771653543307087 à
101.76377952755905 504.2834645669291 24.094488188976378 10.771653543307087 la
113.66929133858268 504.2834645669291 52.15748031496063 10.771653543307087 poitrine,
153.92125984251967 504.2834645669291 32.031496062992126 10.771653543307087 1969
174.04724409448818 504.2834645669291 48.188976377952756 10.771653543307087 (matière
210.04724409448818 504.2834645669291 52.15748031496063 10.771653543307087 résineuse
246.04724409448818 504.2834645669291 20.125984251968504 10.771653543307087 sur

29.763779527559056 513.3543307086615 41.669291338582674 13.32283464566929 toile,
58.960629921259844 513.3543307086615 29.19685039370079 13.32283464566929 190
75.68503937007874 513.3543307086615 20.976377952755904 13.32283464566929 x
84.18897637795276 513.3543307086615 37.41732283464567 13.32283464566929 225).
109.13385826771653 513.3543307086615 45.92125984251968 13.32283464566929 Galerie
142.58267716535434 513.3543307086615 50.173228346456696 13.32283464566929 Müiller,
175.748031496063 513.3543307086615 50.173228346456696 13.32283464566929 Stuttgart.

95.24409448818898 538.2992125984252 80.50393700787401 21.826771653543307 SCULPTURE

29.19685039370079 562.3937007874016 46.488188976377955 15.023622047244094 Rolf
62.92913385826772 562.3937007874016 75.96850393700787 15.023622047244094 GLASMEIER
126.4251968503937 562.3937007874016 25.228346456692915 15.023622047244094 né
139.1811023622047 562.3937007874016 25.228346456692915 15.023622047244094 en
151.6535433070866 562.3937007874016 33.732283464566926 15.023622047244094 1945
172.91338582677164 562.3937007874016 21.25984251968504 15.023622047244094 à
181.41732283464566 562.3937007874016 42.23622047244095 15.023622047244094 Pewsum
206.64566929133858 562.3937007874016 59.24409448818898 15.023622047244094 (Allemagne).

20.976377952755904 575.1496062992126 40.25196850393701 17.5748031496063 4
49.039370078740156 575.1496062992126 36.0 17.5748031496063 Objet
73.13385826771653 575.1496062992126 24.094488188976378 17.5748031496063 de
85.03937007874016 575.1496062992126 36.0 17.5748031496063 grand
109.13385826771653 575.1496062992126 44.22047244094488 17.5748031496063 magasin
141.16535433070865 575.1496062992126 20.125984251968504 17.5748031496063 :
149.38582677165354 575.1496062992126 44.22047244094488 17.5748031496063 colonne
181.41732283464566 575.1496062992126 32.031496062992126 17.5748031496063 avec
201.54330708661416 575.1496062992126 64.06299212598425 17.5748031496063 distributeur
249.4488188976378 575.1496062992126 16.15748031496063 17.5748031496063 de

20.976377952755904 588.4724409448819 43.93700787401575 10.204724409448819 papier
51.59055118110236 588.4724409448819 66.04724409448819 10.204724409448819 hygiénique,
104.31496062992126 588.4724409448819 35.1496062992126 10.204724409448819 1969
126.4251968503937 588.4724409448819 35.1496062992126 10.204724409448819 (fer
148.251968503937 588.4724409448819 26.362204724409448 10.204724409448819 et
161.5748031496063 588.4724409448819 61.511811023622045 10.204724409448819 aluminium,
205.51181102362204 588.4724409448819 30.89763779527559 10.204724409448819 140).

20.976377952755904 594.992125984252 47.338582677165356 13.32283464566929 5
56.40944881889764 594.992125984252 35.43307086614173 13.32283464566929 Objet
80.22047244094489 594.992125984252 23.811023622047244 13.32283464566929 de
92.1259842519685 594.992125984252 35.43307086614173 13.32283464566929 grand
115.65354330708661 594.992125984252 43.37007874015748 13.32283464566929 magasin
147.11811023622047 594.992125984252 19.84251968503937 13.32283464566929 :
155.0551181102362 594.992125984252 31.46456692913386 13.32283464566929 cube
174.89763779527559 594.992125984252 31.46456692913386 13.32283464566929 avec
194.45669291338584 594.992125984252 63.21259842519685 13.32283464566929 porte-robes,
241.79527559055117 594.992125984252 23.811023622047244 13.32283464566929 1969

28.62992125984252 604.9133858267717 43.653543307086615 15.307086614173228 (bois
57.54330708661417 604.9133858267717 28.913385826771652 15.307086614173228 et
72.0 604.9133858267717 67.74803149606299 15.307086614173228 aluminium,
125.29133858267717 604.9133858267717 28.913385826771652 15.307086614173228 50
139.748031496063 604.9133858267717 24.094488188976378 15.307086614173228 x
149.38582677165354 604.9133858267717 28.913385826771652 15.307086614173228 50
164.1259842519685 604.9133858267717 24.094488188976378 15.307086614173228 x
168.9448818897638 604.9133858267717 28.913385826771652 15.307086614173228 50).

20.69291338582677 613.4173228346457 51.59055118110236 17.5748031496063 6
59.24409448818898 613.4173228346457 38.83464566929134 17.5748031496063 Objet
85.32283464566929 613.4173228346457 25.79527559055118 17.5748031496063 de
98.07874015748031 613.4173228346457 38.83464566929134 17.5748031496063 grand
123.8740157480315 613.4173228346457 51.59055118110236 17.5748031496063 magasin:
162.70866141732284 613.4173228346457 34.2992125984252 17.5748031496063 jeux
184.251968503937 613.4173228346457 43.08661417322835 17.5748031496063 muraux
214.29921259842519 613.4173228346457 51.59055118110236 17.5748031496063 (resopal
248.5984251968504 613.4173228346457 17.291338582677167 17.5748031496063 et

27.77952755905512 623.3385826771654 62.645669291338585 15.590551181102363 aluminium,
77.10236220472441 623.3385826771654 31.46456692913386 15.590551181102363 120
94.96062992125984 623.3385826771654 22.393700787401574 15.590551181102363 x
99.49606299212599 623.3385826771654 31.46456692913386 15.590551181102363 360).

7.086614173228346 645.4488188976378 24.37795275590551 14.456692913385826 22
