301.03937007874015 659.0551181102362
2.8346456692913384 15.874015748031496 176.5984251968504 23.244094488188978 <b>MANIFESTATIONS
145.98425196850394 15.874015748031496 109.41732283464567 23.244094488188978 ANNEXES</b>

112.53543307086615 225.35433070866142 57.25984251968504 15.874015748031496 <b>GALERIE
153.35433070866142 225.35433070866142 49.039370078740156 15.874015748031496 ARNAUD</b>

33.732283464566926 242.9291338582677 36.8503937007874 14.740157480314961 212,
56.69291338582677 242.9291338582677 59.811023622047244 14.740157480314961 boulevard
102.61417322834646 242.9291338582677 82.77165354330708 14.740157480314961 Saint-Germain,
171.49606299212599 242.9291338582677 41.38582677165354 14.740157480314961 Paris
199.2755905511811 242.9291338582677 36.8503937007874 14.740157480314961 (7e)
222.23622047244095 242.9291338582677 22.96062992125984 14.740157480314961 —
226.77165354330708 242.9291338582677 45.92125984251968 14.740157480314961 548.4631

51.59055118110236 254.5511811023622 67.46456692913385 13.88976377952756 Exposition
104.5984251968504 254.5511811023622 28.913385826771652 13.88976377952756 du
119.05511811023622 254.5511811023622 24.094488188976378 13.88976377952756 7
128.69291338582678 254.5511811023622 53.00787401574803 13.88976377952756 octobre
166.96062992125985 254.5511811023622 28.913385826771652 13.88976377952756 au
181.41732283464566 254.5511811023622 24.094488188976378 13.88976377952756 6
191.0551181102362 254.5511811023622 57.826771653543304 13.88976377952756 novembre
229.60629921259843 254.5511811023622 28.913385826771652 13.88976377952756 1969

70.2992125984252 266.74015748031496 66.04724409448819 15.590551181102363 Vernissage
122.45669291338582 266.74015748031496 28.346456692913385 15.590551181102363 le
136.62992125984252 266.74015748031496 23.52755905511811 15.590551181102363 9
145.98425196850394 266.74015748031496 51.874015748031496 15.590551181102363 octobre
183.68503937007873 266.74015748031496 23.52755905511811 15.590551181102363 à
193.03937007874015 266.74015748031496 28.346456692913385 15.590551181102363 18
202.6771653543307 266.74015748031496 37.7007874015748 15.590551181102363 heures

50.45669291338583 276.9448818897638 38.55118110236221 14.740157480314961 Tous
74.55118110236221 276.9448818897638 33.732283464566926 14.740157480314961 les
93.8267716535433 276.9448818897638 48.188976377952756 14.740157480314961 jours,
127.55905511811024 276.9448818897638 38.55118110236221 14.740157480314961 sauf
151.6535433070866 276.9448818897638 57.826771653543304 14.740157480314961 dimanche
195.0236220472441 276.9448818897638 28.913385826771652 14.740157480314961 et
209.48031496062993 276.9448818897638 48.188976377952756 14.740157480314961 lundi,
238.39370078740157 276.9448818897638 19.275590551181104 14.740157480314961 de

71.14960629921259 288.2834645669291 26.078740157480315 17.5748031496063 10
84.18897637795276 288.2834645669291 21.543307086614174 17.5748031496063 h
92.69291338582677 288.2834645669291 21.543307086614174 17.5748031496063 à
101.48031496062993 288.2834645669291 26.078740157480315 17.5748031496063 12
114.23622047244095 288.2834645669291 21.543307086614174 17.5748031496063 h
123.02362204724409 288.2834645669291 26.078740157480315 17.5748031496063 30
136.06299212598427 288.2834645669291 26.078740157480315 17.5748031496063 et
148.8188976377953 288.2834645669291 26.078740157480315 17.5748031496063 de
161.85826771653544 288.2834645669291 26.078740157480315 17.5748031496063 14
174.89763779527559 288.2834645669291 21.543307086614174 17.5748031496063 h
183.68503937007873 288.2834645669291 26.078740157480315 17.5748031496063 30
196.44094488188978 288.2834645669291 21.543307086614174 17.5748031496063 à
205.22834645669292 288.2834645669291 26.078740157480315 17.5748031496063 19
218.26771653543307 288.2834645669291 21.543307086614174 17.5748031496063 h
222.51968503937007 288.2834645669291 17.291338582677167 17.5748031496063 30

105.16535433070867 312.09448818897636 56.976377952755904 14.173228346456693 <b>DAI-DAI
145.70078740157481 312.09448818897636 60.94488188976378 14.173228346456693 SUBMARINE</b>

24.37795275590551 325.98425196850394 51.874015748031496 15.307086614173228 Dai-dai
62.36220472440945 325.98425196850394 23.52755905511811 15.307086614173228 ?
71.71653543307086 325.98425196850394 51.874015748031496 15.307086614173228 orange,
109.7007874015748 325.98425196850394 28.346456692913385 15.307086614173228 en
123.8740157480315 325.98425196850394 61.511811023622045 15.307086614173228 japonais,
170.9291338582677 325.98425196850394 28.346456692913385 15.307086614173228 et
185.10236220472441 325.98425196850394 33.16535433070866 15.307086614173228 non
204.09448818897638 325.98425196850394 33.16535433070866 15.307086614173228 pas
223.08661417322836 325.98425196850394 47.338582677165356 15.307086614173228 jaune!
251.43307086614172 325.98425196850394 28.346456692913385 15.307086614173228 Sous

24.37795275590551 338.1732283464567 26.929133858267715 13.039370078740157 le
37.98425196850393 338.1732283464567 40.25196850393701 13.039370078740157 signe
64.91338582677166 338.1732283464567 31.46456692913386 13.039370078740157 des
82.77165354330708 338.1732283464567 53.85826771653543 13.039370078740157 Beatles?
123.02362204724409 338.1732283464567 31.46456692913386 13.039370078740157 Ado
141.16535433070865 338.1732283464567 36.0 13.039370078740157 s’en
163.55905511811022 338.1732283464567 44.78740157480315 13.039370078740157 défend
194.74015748031496 338.1732283464567 40.25196850393701 13.039370078740157 bien!
221.66929133858267 338.1732283464567 26.929133858267715 13.039370078740157 et
230.74015748031496 338.1732283464567 49.32283464566929 13.039370078740157 pourtant,

23.52755905511811 349.2283464566929 53.29133858267716 9.354330708661417 comment
62.07874015748032 349.2283464566929 28.913385826771652 9.354330708661417 ne
76.81889763779527 349.2283464566929 33.732283464566926 9.354330708661417 pas
96.09448818897638 349.2283464566929 43.653543307086615 9.354330708661417 faire
125.00787401574803 349.2283464566929 28.913385826771652 9.354330708661417 le
139.46456692913387 349.2283464566929 82.20472440944881 9.354330708661417 rapprochement
207.21259842519686 349.2283464566929 38.55118110236221 9.354330708661417 avec
231.30708661417322 349.2283464566929 28.913385826771652 9.354330708661417 sa
241.22834645669292 349.2283464566929 38.55118110236221 9.354330708661417 précé-

23.52755905511811 357.1653543307087 42.803149606299215 11.622047244094489 dente
52.15748031496063 357.1653543307087 71.14960629921259 11.622047244094489 exposition:
109.13385826771653 357.1653543307087 56.976377952755904 11.622047244094489 Sergeant
151.6535433070866 357.1653543307087 56.976377952755904 11.622047244094489 Peppers?
194.45669291338584 357.1653543307087 33.16535433070866 11.622047244094489 Dès
213.4488188976378 357.1653543307087 56.976377952755904 11.622047244094489 l’abord,
251.43307086614172 357.1653543307087 28.346456692913385 11.622047244094489 avec

23.52755905511811 368.2204724409449 32.031496062992126 10.771653543307087 ces
41.669291338582674 368.2204724409449 50.173228346456696 10.771653543307087 titres,
78.23622047244095 368.2204724409449 32.031496062992126 10.771653543307087 Ado
96.37795275590551 368.2204724409449 41.10236220472441 10.771653543307087 piège
123.8740157480315 368.2204724409449 27.496062992125985 10.771653543307087 le
137.48031496062993 368.2204724409449 68.31496062992126 10.771653543307087 spectateur,
192.18897637795277 368.2204724409449 27.496062992125985 10.771653543307087 le
206.07874015748033 368.2204724409449 50.173228346456696 10.771653543307087 devance
242.36220472440945 368.2204724409449 36.56692913385827 10.771653543307087 dans
260.78740157480314 368.2204724409449 18.141732283464567 10.771653543307087 sa

23.52755905511811 375.87401574803147 57.25984251968504 12.755905511811024 réaction,
67.74803149606299 375.87401574803147 30.89763779527559 12.755905511811024 lui
85.32283464566929 375.87401574803147 66.04724409448819 12.755905511811024 interdisant
138.33070866141733 375.87401574803147 26.362204724409448 12.755905511811024 le
151.6535433070866 375.87401574803147 75.11811023622047 12.755905511811024 rapprochement
213.4488188976378 375.87401574803147 66.04724409448819 12.755905511811024 inévitable,
261.9212598425197 375.87401574803147 17.5748031496063 12.755905511811024 la

23.244094488188978 384.66141732283467 56.125984251968504 11.622047244094489 facilité
65.19685039370079 384.66141732283467 32.59842519685039 11.622047244094489 des
83.90551181102362 384.66141732283467 79.37007874015748 11.622047244094489 comparaisons.
149.38582677165354 384.66141732283467 28.062992125984252 11.622047244094489 Et
163.2755905511811 384.66141732283467 28.062992125984252 11.622047244094489 il
177.16535433070865 384.66141732283467 56.125984251968504 11.622047244094489 continue
219.4015748031496 384.66141732283467 23.244094488188978 11.622047244094489 à
228.75590551181102 384.66141732283467 41.95275590551181 11.622047244094489 faire
252.0 384.66141732283467 28.062992125984252 11.622047244094489 sem-

22.11023622047244 393.73228346456693 44.503937007874015 10.488188976377952 blant
51.59055118110236 393.73228346456693 29.763779527559056 10.488188976377952 de
66.33070866141732 393.73228346456693 44.503937007874015 10.488188976377952 poser
96.09448818897638 393.73228346456693 34.58267716535433 10.488188976377952 des
115.93700787401575 393.73228346456693 59.24409448818898 10.488188976377952 énigmes:
160.44094488188978 393.73228346456693 49.32283464566929 10.488188976377952 témoin
195.0236220472441 393.73228346456693 29.763779527559056 10.488188976377952 sa
209.76377952755905 393.73228346456693 54.425196850393704 10.488188976377952 fameuse
244.3464566929134 393.73228346456693 34.58267716535433 10.488188976377952 «clé»

22.96062992125984 405.6377952755906 32.59842519685039 11.338582677165354 que
41.38582677165354 405.6377952755906 37.41732283464567 11.338582677165354 l’on
64.91338582677166 405.6377952755906 56.125984251968504 11.338582677165354 retrouve
106.86614173228347 405.6377952755906 28.062992125984252 11.338582677165354 si
120.75590551181102 405.6377952755906 51.30708661417323 11.338582677165354 souvent
158.17322834645668 405.6377952755906 37.41732283464567 11.338582677165354 dans
181.41732283464566 405.6377952755906 32.59842519685039 11.338582677165354 ses
200.1259842519685 405.6377952755906 79.37007874015748 11.338582677165354 compositions;
260.78740157480314 405.6377952755906 18.708661417322833 11.338582677165354 de

22.677165354330707 414.4251968503937 37.41732283464567 9.921259842519685 quel
45.92125984251968 414.4251968503937 65.19685039370079 9.921259842519685 «ailleurs»
97.22834645669292 414.4251968503937 37.41732283464567 9.921259842519685 nous
120.4724409448819 414.4251968503937 83.90551181102362 9.921259842519685 sépare-t-elle?
190.48818897637796 414.4251968503937 46.488188976377955 9.921259842519685 est-ce
223.08661417322836 414.4251968503937 32.59842519685039 9.921259842519685 une
241.51181102362204 414.4251968503937 32.59842519685039 9.921259842519685 clé
255.68503937007873 414.4251968503937 23.244094488188978 9.921259842519685 qui

22.96062992125984 422.92913385826773 40.53543307086614 12.755905511811024 ouvre
49.889763779527556 422.92913385826773 26.929133858267715 12.755905511811024 ou
63.496062992125985 422.92913385826773 31.46456692913386 12.755905511811024 une
81.63779527559055 422.92913385826773 31.46456692913386 12.755905511811024 clé
99.49606299212599 422.92913385826773 31.46456692913386 12.755905511811024 qui
117.63779527559055 422.92913385826773 45.07086614173228 12.755905511811024 ferme?
149.10236220472441 422.92913385826773 40.53543307086614 12.755905511811024 c’est
176.03149606299212 422.92913385826773 26.929133858267715 12.755905511811024 le
189.63779527559055 422.92913385826773 45.07086614173228 12.755905511811024 joint,
221.10236220472441 422.92913385826773 26.929133858267715 12.755905511811024 la
229.88976377952756 422.92913385826773 49.60629921259842 12.755905511811024 charnière

22.677165354330707 432.56692913385825 39.968503937007874 11.05511811023622 entre
49.32283464566929 432.56692913385825 30.89763779527559 11.05511811023622 des
67.18110236220473 432.56692913385825 48.75590551181102 11.05511811023622 espaces
102.61417322834646 432.56692913385825 35.43307086614173 11.05511811023622 soit
124.7244094488189 432.56692913385825 66.33070866141732 11.05511811023622 différents,
177.73228346456693 432.56692913385825 35.43307086614173 11.05511811023622 soit
200.1259842519685 432.56692913385825 66.33070866141732 11.05511811023622 semblables;
248.88188976377953 432.56692913385825 30.89763779527559 11.05511811023622 c’est

23.244094488188978 441.3543307086614 32.59842519685039 10.488188976377952 bien
43.37007874015748 441.3543307086614 36.56692913385827 10.488188976377952 fixé,
67.74803149606299 441.3543307086614 24.37795275590551 10.488188976377952 on
79.93700787401575 441.3543307086614 24.37795275590551 10.488188976377952 ne
92.1259842519685 441.3543307086614 32.59842519685039 10.488188976377952 peut
112.53543307086615 441.3543307086614 28.346456692913385 10.488188976377952 pas
128.69291338582678 441.3543307086614 52.724409448818896 10.488188976377952 l’ouvrir.
169.51181102362204 441.3543307086614 24.37795275590551 10.488188976377952 Au
181.70078740157481 441.3543307086614 40.53543307086614 10.488188976377952 reste,
210.04724409448818 441.3543307086614 44.78740157480315 10.488188976377952 inutile
238.6771653543307 441.3543307086614 40.53543307086614 10.488188976377952 d’insis-

21.826771653543307 450.99212598425197 38.267716535433074 10.771653543307087 ter,
45.63779527559055 450.99212598425197 28.62992125984252 10.771653543307087 la
60.09448818897638 450.99212598425197 47.62204724409449 10.771653543307087 petite
93.54330708661418 450.99212598425197 47.62204724409449 10.771653543307087 phrase
126.70866141732283 450.99212598425197 47.62204724409449 10.771653543307087 tombe,
160.15748031496062 450.99212598425197 47.62204724409449 10.771653543307087 sèche,
193.60629921259843 450.99212598425197 52.44094488188976 10.771653543307087 presque
231.8740157480315 450.99212598425197 38.267716535433074 10.771653543307087 dure
255.68503937007873 450.99212598425197 23.811023622047244 10.771653543307087 :
260.503937007874 450.99212598425197 18.992125984251967 10.771653543307087 Je

22.677165354330707 460.62992125984255 48.75590551181102 10.488188976377952 l’aime,
58.110236220472444 460.62992125984255 26.64566929133858 10.488188976377952 ma
71.43307086614173 460.62992125984255 30.89763779527559 10.488188976377952 clé
89.00787401574803 460.62992125984255 26.64566929133858 10.488188976377952 ».
102.33070866141732 460.62992125984255 30.89763779527559 10.488188976377952 Dur
120.18897637795276 460.62992125984255 44.22047244094488 10.488188976377952 aussi,
151.08661417322836 460.62992125984255 26.64566929133858 10.488188976377952 le
164.1259842519685 460.62992125984255 53.00787401574803 10.488188976377952 matériau
204.09448818897638 460.62992125984255 22.11023622047244 10.488188976377952 :
212.88188976377953 460.62992125984255 39.68503937007874 10.488188976377952 bois,
234.99212598425197 460.62992125984255 44.22047244094488 10.488188976377952 reliefs,

22.677165354330707 469.98425196850394 56.976377952755904 11.05511811023622 peinture
65.48031496062993 469.98425196850394 66.33070866141732 11.05511811023622 vinylique.
117.63779527559055 469.98425196850394 56.976377952755904 11.05511811023622 Pourquoi
160.15748031496062 469.98425196850394 28.346456692913385 11.05511811023622 le
174.33070866141733 469.98425196850394 37.98425196850393 11.05511811023622 bois
198.14173228346456 469.98425196850394 28.346456692913385 11.05511811023622 et
212.31496062992127 469.98425196850394 33.16535433070866 11.05511811023622 non
231.30708661417322 469.98425196850394 28.346456692913385 11.05511811023622 la
240.66141732283464 469.98425196850394 37.98425196850393 11.05511811023622 toile?

22.96062992125984 480.755905511811 38.267716535433074 9.354330708661417 parce
48.47244094488189 480.755905511811 29.763779527559056 9.354330708661417 que
65.48031496062993 480.755905511811 29.763779527559056 9.354330708661417 sur
82.77165354330708 480.755905511811 25.511811023622048 9.354330708661417 la
95.5275590551181 480.755905511811 38.267716535433074 9.354330708661417 toile
121.03937007874016 480.755905511811 25.511811023622048 9.354330708661417 la
133.79527559055117 480.755905511811 21.25984251968504 9.354330708661417 «
142.29921259842519 480.755905511811 47.05511811023622 9.354330708661417 dureté»
176.5984251968504 480.755905511811 25.511811023622048 9.354330708661417 ne
189.35433070866142 480.755905511811 55.55905511811024 9.354330708661417 sortirait
231.8740157480315 480.755905511811 29.763779527559056 9.354330708661417 pas
244.91338582677164 480.755905511811 34.01574803149607 9.354330708661417 assez;

22.677165354330707 489.25984251968504 29.19685039370079 11.05511811023622 le
37.13385826771653 489.25984251968504 43.653543307086615 11.05511811023622 choix
66.33070866141732 489.25984251968504 29.19685039370079 11.05511811023622 du
80.78740157480316 489.25984251968504 38.83464566929134 11.05511811023622 bois
105.16535433070867 489.25984251968504 67.74803149606299 11.05511811023622 correspond
158.45669291338584 489.25984251968504 29.19685039370079 11.05511811023622 au
172.91338582677164 489.25984251968504 43.653543307086615 11.05511811023622 refus
201.82677165354332 489.25984251968504 29.19685039370079 11.05511811023622 de
216.56692913385828 489.25984251968504 58.110236220472444 11.05511811023622 l’acier,
255.4015748031496 489.25984251968504 24.094488188976378 11.05511811023622 par

21.826771653543307 500.0314960629921 51.30708661417323 11.05511811023622 exemple
58.960629921259844 500.0314960629921 32.59842519685039 11.05511811023622 tel
77.66929133858268 500.0314960629921 41.95275590551181 11.05511811023622 qu’il
105.73228346456693 500.0314960629921 32.59842519685039 11.05511811023622 est
124.44094488188976 500.0314960629921 51.30708661417323 11.05511811023622 employé
161.85826771653544 500.0314960629921 32.59842519685039 11.05511811023622 par
180.56692913385828 500.0314960629921 28.062992125984252 11.05511811023622 la
194.45669291338584 500.0314960629921 41.95275590551181 11.05511811023622 jeune
217.98425196850394 500.0314960629921 60.661417322834644 11.05511811023622 génération:

21.826771653543307 508.53543307086613 41.38582677165354 10.204724409448819 c’est
49.32283464566929 508.53543307086613 27.496062992125985 10.204724409448819 le
63.21259842519685 508.53543307086613 41.38582677165354 10.204724409448819 refus
90.70866141732283 508.53543307086613 27.496062992125985 10.204724409448819 du
104.31496062992126 508.53543307086613 54.99212598425197 10.204724409448819 matériau
145.70078740157481 508.53543307086613 41.38582677165354 10.204724409448819 brut,
173.1968503937008 508.53543307086613 50.45669291338583 10.204724409448819 utilisé
210.04724409448818 508.53543307086613 36.8503937007874 10.204724409448819 pour
228.4724409448819 508.53543307086613 50.45669291338583 10.204724409448819 lui

21.25984251968504 516.7559055118111 30.330708661417322 10.488188976377952 Si
36.56692913385827 516.7559055118111 30.330708661417322 10.488188976377952 le
51.59055118110236 516.7559055118111 65.48031496062993 10.488188976377952 graphisme
102.04724409448819 516.7559055118111 35.1496062992126 10.488188976377952 est
122.1732283464567 516.7559055118111 40.25196850393701 10.488188976377952 plus
147.4015748031496 516.7559055118111 65.48031496062993 10.488188976377952 important
197.85826771653544 516.7559055118111 35.1496062992126 10.488188976377952 que
217.98425196850394 516.7559055118111 30.330708661417322 10.488188976377952 la
227.90551181102362 516.7559055118111 50.45669291338583 10.488188976377952 couleur?

21.543307086614174 526.1102362204724 45.92125984251968 11.338582677165354 certes
53.574803149606296 526.1102362204724 22.96062992125984 11.338582677165354 :
62.645669291338585 526.1102362204724 32.031496062992126 11.338582677165354 Ado
81.07086614173228 526.1102362204724 50.45669291338583 11.338582677165354 dessine
117.63779527559055 526.1102362204724 50.45669291338583 11.338582677165354 d’abord
154.48818897637796 526.1102362204724 32.031496062992126 11.338582677165354 ses
172.62992125984252 526.1102362204724 45.92125984251968 11.338582677165354 épures
204.66141732283464 526.1102362204724 27.496062992125985 11.338582677165354 au
218.5511811023622 526.1102362204724 50.45669291338583 11.338582677165354 crayon,
250.58267716535434 526.1102362204724 27.496062992125985 11.338582677165354 puis

21.826771653543307 535.1811023622047 41.10236220472441 11.338582677165354 pense
49.32283464566929 535.1811023622047 22.96062992125984 11.338582677165354 à
58.39370078740158 535.1811023622047 27.496062992125985 11.338582677165354 la
72.0 535.1811023622047 50.45669291338583 11.338582677165354 couleur
108.85039370078741 535.1811023622047 36.56692913385827 11.338582677165354 (ses
131.5275590551181 535.1811023622047 59.52755905511811 11.338582677165354 maquettes
177.4488188976378 535.1811023622047 36.56692913385827 11.338582677165354 sont
200.40944881889763 535.1811023622047 50.45669291338583 11.338582677165354 presque
232.44094488188978 535.1811023622047 45.63779527559055 11.338582677165354 toujours

21.25984251968504 547.3700787401575 58.67716535433071 10.204724409448819 exécutées
66.33070866141732 547.3700787401575 26.929133858267715 10.204724409448819 en
79.93700787401575 547.3700787401575 36.0 10.204724409448819 noir
102.33070866141732 547.3700787401575 26.929133858267715 10.204724409448819 et
115.93700787401575 547.3700787401575 49.60629921259842 10.204724409448819 blanc).
151.93700787401573 547.3700787401575 31.46456692913386 10.204724409448819 Une
170.07874015748033 547.3700787401575 36.0 10.204724409448819 fois
192.4724409448819 547.3700787401575 26.929133858267715 10.204724409448819 la
206.07874015748033 547.3700787401575 40.53543307086614 10.204724409448819 forme
228.4724409448819 547.3700787401575 49.60629921259842 10.204724409448819 élaborée,

21.543307086614174 555.0236220472441 27.496062992125985 11.05511811023622 un
35.1496062992126 555.0236220472441 54.99212598425197 11.05511811023622 éventail
76.53543307086615 555.0236220472441 45.92125984251968 11.05511811023622 limité
108.56692913385827 555.0236220472441 27.496062992125985 11.05511811023622 de
122.1732283464567 555.0236220472441 54.99212598425197 11.05511811023622 couleurs
163.55905511811022 555.0236220472441 50.45669291338583 11.05511811023622 s’ouvre
200.1259842519685 555.0236220472441 22.96062992125984 11.05511811023622 à
209.48031496062993 555.0236220472441 36.56692913385827 11.05511811023622 elle
232.15748031496062 555.0236220472441 41.10236220472441 11.05511811023622 selon
255.11811023622047 555.0236220472441 22.96062992125984 11.05511811023622 son

21.25984251968504 562.9606299212599 85.88976377952756 10.204724409448819 «tempérament»!
92.69291338582677 562.9606299212599 104.88188976377953 10.204724409448819 jaune-orange-bleu,
183.4015748031496 562.9606299212599 42.803149606299215 10.204724409448819 comme
212.03149606299212 562.9606299212599 37.98425196850393 10.204724409448819 pour
235.84251968503938 562.9606299212599 28.62992125984252 10.204724409448819 ce
245.1968503937008 562.9606299212599 33.44881889763779 10.204724409448819 trip-

20.976377952755904 572.5984251968504 40.818897637795274 11.05511811023622 tyque
48.188976377952756 572.5984251968504 31.748031496062993 11.05511811023622 qui
66.33070866141732 572.5984251968504 31.748031496062993 11.05511811023622 est
84.18897637795276 572.5984251968504 22.677165354330707 11.05511811023622 «
93.25984251968504 572.5984251968504 27.212598425196852 11.05511811023622 un
106.86614173228347 572.5984251968504 31.748031496062993 11.05511811023622 peu
125.00787401574803 572.5984251968504 27.212598425196852 11.05511811023622 un
138.61417322834646 572.5984251968504 40.818897637795274 11.05511811023622 luxe,
165.54330708661416 572.5984251968504 31.748031496062993 11.05511811023622 car
183.68503937007873 572.5984251968504 45.07086614173228 11.05511811023622 chaque
215.43307086614172 572.5984251968504 49.60629921259842 11.05511811023622 élément
246.89763779527559 572.5984251968504 31.748031496062993 11.05511811023622 tient

21.543307086614174 582.2362204724409 27.496062992125985 11.05511811023622 le
35.1496062992126 582.2362204724409 36.8503937007874 11.05511811023622 coup
58.39370078740158 582.2362204724409 36.8503937007874 11.05511811023622 tout
81.35433070866142 582.2362204724409 41.38582677165354 11.05511811023622 seul,
108.85039370078741 582.2362204724409 32.31496062992126 11.05511811023622 est
127.2755905511811 582.2362204724409 50.45669291338583 11.05511811023622 tableau
164.1259842519685 582.2362204724409 27.496062992125985 11.05511811023622 en
177.73228346456693 582.2362204724409 55.275590551181104 11.05511811023622 lui-même
219.11811023622047 582.2362204724409 27.496062992125985 11.05511811023622 »,
228.4724409448819 582.2362204724409 50.45669291338583 11.05511811023622 triptyque

20.976377952755904 591.5905511811023 31.748031496062993 11.05511811023622 qui
39.118110236220474 591.5905511811023 49.60629921259842 11.05511811023622 voisine
75.11811023622047 591.5905511811023 36.28346456692913 11.05511811023622 avec
97.79527559055119 591.5905511811023 27.212598425196852 11.05511811023622 la
111.4015748031496 591.5905511811023 40.818897637795274 11.05511811023622 pièce
138.61417322834646 591.5905511811023 58.67716535433071 11.05511811023622 maîtresse
183.68503937007873 591.5905511811023 27.212598425196852 11.05511811023622 de
197.29133858267716 591.5905511811023 72.28346456692914 11.05511811023622 l’exposition
251.43307086614172 591.5905511811023 27.212598425196852 11.05511811023622 Dai-

20.976377952755904 600.6614173228346 33.16535433070866 14.173228346456693 dai
39.968503937007874 600.6614173228346 61.511811023622045 14.173228346456693 submarine
87.30708661417323 600.6614173228346 33.16535433070866 14.173228346456693 (10
106.2992125984252 600.6614173228346 23.52755905511811 14.173228346456693 m
115.65354330708661 600.6614173228346 28.346456692913385 14.173228346456693 de
129.82677165354332 600.6614173228346 37.7007874015748 14.173228346456693 long
153.63779527559055 600.6614173228346 33.16535433070866 14.173228346456693 sur
172.3464566929134 600.6614173228346 23.52755905511811 14.173228346456693 1
181.98425196850394 600.6614173228346 23.52755905511811 14.173228346456693 m
191.33858267716536 600.6614173228346 28.346456692913385 14.173228346456693 90
205.51181102362204 600.6614173228346 28.346456692913385 14.173228346456693 de
214.86614173228347 600.6614173228346 52.15748031496063 14.173228346456693 hauteur).

210.33070866141733 615.1181102362204 45.63779527559055 14.740157480314961 Sylvie
237.54330708661416 615.1181102362204 41.10236220472441 14.740157480314961 Denamy.

13.88976377952756 637.2283464566929 27.496062992125985 18.708661417322833 186
