1062 2361
-3 84 336 64 <b>URUGUAY</b>

190 466 239 76 Commissaire
381 466 175 76 général
509 466 80 76 :
541 466 223 76 <b>Gonzalo
716 466 159 76 Garcia
812 466 175 76 Lagos</b>

162 512 176 48 Turena

188 556 239 65 Secrétaire
375 556 136 65 près
461 556 256 65 l’Ambassade
665 556 222 65 d’Uruguay
836 556 85 65 à
853 556 136 65 Paris.

140 1225 238 46 L’Atelier
323 1225 110 46 de
378 1225 256 46 Montevideo
579 1225 92 46 a
616 1225 128 46 été
689 1225 275 46 sélectionné
890 1225 92 46 par

81 1267 115 51 la
138 1267 268 51 Commission
349 1267 249 51 Nationale
540 1267 134 51 des
617 1267 153 51 Arts
712 1267 268 51 Plastiques
903 1267 77 51 de

81 1307 238 48 l’Uruguay
264 1307 147 48 pour
356 1307 257 48 participer
557 1307 92 48 à
594 1307 110 48 la
649 1307 220 48 Biennale
814 1307 110 48 de
851 1307 128 48 Paris

76 1355 121 45 de
136 1355 181 45 1969.
257 1355 121 45 Il
317 1355 101 45 a
357 1355 141 45 été
438 1355 181 45 fondé
559 1355 101 45 à
599 1355 282 45 Montevideo
820 1355 121 45 en
860 1355 121 45 1963

78 1393 132 50 par
153 1393 207 50 Armando
304 1393 245 50 Bergallo,
492 1393 169 50 Gorki
605 1393 207 50 Bollar,
756 1393 169 50 Clara
850 1393 132 50 Scri-

78 1443 150 42 mini
172 1443 113 42 et
229 1443 188 42 Hector
360 1443 188 42 Vilche
492 1443 94 42 —
529 1443 113 42 en
585 1443 150 42 1965
679 1443 94 42 a
717 1443 132 42 été
773 1443 207 42 incorporé

76 1476 111 54 au
131 1476 185 54 groupe
261 1476 204 54 Ernesto
409 1476 167 54 Vila.
520 1476 185 54 Depuis
649 1476 167 54 1966,
760 1476 111 54 il
816 1476 93 54 a
834 1476 148 54 quitté

75 1520 287 46 l’Amérique
301 1520 123 46 du
363 1520 144 46 Sud
445 1520 164 46 pour
548 1520 226 46 exposer
712 1520 144 46 son
794 1520 185 46 œuvre
897 1520 82 46 en

76 1561 226 44 Europe,
241 1561 267 44 notamment
446 1561 123 44 en
508 1561 267 44 Hollande,
713 1561 123 44 en
775 1561 205 44 France
898 1561 82 44 et

77 1603 111 46 en
132 1603 222 46 Espagne.
298 1603 148 46 Puis
390 1603 111 46 le
446 1603 185 46 groupe
575 1603 92 46 a
612 1603 185 46 décidé
741 1603 111 46 de
778 1603 203 46 s’instal-

76 1647 132 39 ler
152 1647 339 39 définitivement
434 1647 94 39 à
472 1647 226 39 Londres.
642 1647 283 39 Différentes
849 1647 132 39 expé-

75 1686 212 55 riences
229 1686 154 55 dans
325 1686 116 55 le
383 1686 212 55 domaine
538 1686 116 55 de
595 1686 174 55 l’art
711 1686 251 55 cinétique
885 1686 96 55 ont

72 1738 167 46 alors
184 1738 130 46 été
258 1738 260 46 réalisées.
462 1738 167 46 Cette
574 1738 241 46 recherche
759 1738 130 46 sur
834 1738 111 46 le
871 1738 111 46 pro-

70 1772 195 46 blème
200 1772 130 46 du
265 1772 195 46 temps
395 1772 130 46 et
460 1772 130 46 du
525 1772 281 46 mouvement
741 1772 108 46 a
784 1772 216 46 abouti
914 1772 65 46 à

72 1815 346 44 l’incorporation
363 1815 146 44 d’un
454 1815 182 44 nouvel
582 1815 200 44 élément
710 1815 273 44 particulière-

68 1854 166 50 ment
172 1854 208 50 riche:
318 1854 125 50 le
380 1854 187 50 corps
505 1854 229 50 humain.
671 1854 187 50 Cette
775 1854 208 50 nouvelle

69 1897 269 50 orientation
284 1897 90 50 a
320 1897 108 50 pu
374 1897 143 50 être
463 1897 179 50 suivie
589 1897 125 50 par
660 1897 108 50 le
714 1897 179 50 public
822 1897 161 50 anglais

69 1941 149 50 dans
162 1941 242 50 l’atelier
348 1941 149 50 même
441 1941 130 50 des
516 1941 223 50 artistes
683 1941 112 50 et
739 1941 93 50 a
776 1941 167 50 donné
869 1941 112 50 lieu

68 1982 110 51 au
123 1982 202 51 montage
269 1982 147 51 d’un
361 1982 257 51 spectacle,
562 1982 202 51 Cronus,
709 1982 128 51 qui
782 1982 92 51 a
819 1982 128 51 été
874 1982 110 51 pré-

70 2024 172 47 senté
184 2024 95 47 à
222 2024 114 47 la
280 2024 153 47 Tate
375 2024 229 47 Gallery.
547 2024 191 47 Cronus
680 2024 133 47 est
756 2024 114 47 la
794 2024 191 47 confron-

67 2066 199 45 tation
207 2066 279 45 d’éléments
426 2066 299 45 techniques,
665 2066 120 45 de
725 2066 259 45 personnes
904 2066 80 45 et

68 2112 244 44 d’objets
251 2112 143 44 mis
332 2112 122 44 en
393 2112 265 44 mouvement
597 2112 143 44 par
679 2112 143 44 ces
740 2112 244 44 personnes.

67 2152 191 41 Cronus
200 2152 133 41 est
277 2152 172 41 fondé
391 2152 133 41 sur
467 2152 400 41 l’indétermination
810 2152 114 41 du
849 2152 133 41 temps

67 2192 110 54 et
122 2192 110 54 de
158 2192 202 54 l’espace.

49 2284 93 46 128
