301.03937007874015 676.0629921259842
5.102362204724409 64.91338582677166 56.125984251968504 18.992125984251967 tement
44.503937007874015 64.91338582677166 44.78740157480315 18.992125984251967 pour
72.56692913385827 64.91338582677166 89.5748031496063 18.992125984251967 elles-mêmes,
145.41732283464566 64.91338582677166 33.732283464566926 18.992125984251967 en
162.14173228346456 64.91338582677166 56.125984251968504 18.992125984251967 dehors
201.25984251968504 64.91338582677166 33.732283464566926 18.992125984251967 de
212.5984251968504 64.91338582677166 44.78740157480315 18.992125984251967 toutes

6.2362204724409445 79.65354330708661 91.55905511811024 16.724409448818896 considérations
82.48818897637796 79.65354330708661 71.14960629921259 16.724409448818896 nationales
133.51181102362204 79.65354330708661 60.94488188976378 16.724409448818896 dépassées.

20.976377952755904 95.5275590551181 33.732283464566926 14.740157480314961 Je
37.98425196850393 95.5275590551181 67.74803149606299 14.740157480314961 voudrais
88.7244094488189 95.5275590551181 45.07086614173228 14.740157480314961 dire
116.78740157480316 95.5275590551181 33.732283464566926 14.740157480314961 ma
133.79527559055117 95.5275590551181 73.41732283464567 14.740157480314961 gratitude
190.20472440944883 95.5275590551181 39.40157480314961 14.740157480314961 aux
207.21259842519686 95.5275590551181 50.74015748031496 14.740157480314961 Commis-

6.519685039370079 104.88188976377953 55.84251968503937 17.291338582677167 saires
45.63779527559055 104.88188976377953 39.118110236220474 17.291338582677167 des
68.03149606299213 104.88188976377953 77.95275590551181 17.291338582677167 différents
129.25984251968504 104.88188976377953 44.503937007874015 17.291338582677167 pays
157.03937007874015 104.88188976377953 44.503937007874015 17.291338582677167 qui,
184.8188976377953 104.88188976377953 44.503937007874015 17.291338582677167 avec
212.88188976377953 104.88188976377953 44.503937007874015 17.291338582677167 tant
234.99212598425197 104.88188976377953 22.393700787401574 17.291338582677167 de

6.803149606299213 117.07086614173228 94.67716535433071 16.724409448818896 compréhension
85.03937007874016 117.07086614173228 33.44881889763779 16.724409448818896 et
101.76377952755905 117.07086614173228 106.01574803149606 16.724409448818896 d’enthousiasme,
190.77165354330708 117.07086614173228 39.118110236220474 16.724409448818896 ont
207.49606299212599 117.07086614173228 50.173228346456696 16.724409448818896 accepté

7.937007874015748 128.40944881889763 31.748031496062993 18.4251968503937 le
23.811023622047244 128.40944881889763 69.16535433070867 18.4251968503937 programme
77.10236220472441 128.40944881889763 53.00787401574803 18.4251968503937 tracé,
114.23622047244095 128.40944881889763 31.748031496062993 18.4251968503937 ce
130.11023622047244 128.40944881889763 37.13385826771653 18.4251968503937 qui
151.37007874015748 128.40944881889763 42.51968503937008 18.4251968503937 leur
178.01574803149606 128.40944881889763 53.00787401574803 18.4251968503937 créait
215.1496062992126 128.40944881889763 31.748031496062993 18.4251968503937 de
225.92125984251967 128.40944881889763 31.748031496062993 18.4251968503937 bien

9.070866141732283 142.01574803149606 56.976377952755904 15.590551181102363 lourdes
50.45669291338583 142.01574803149606 103.74803149606299 15.590551181102363 responsabilités.
138.61417322834646 142.01574803149606 36.28346456692913 15.590551181102363 Les
159.30708661417322 142.01574803149606 56.976377952755904 15.590551181102363 envois,
195.59055118110237 142.01574803149606 62.36220472440945 15.590551181102363 cependant,

8.220472440944881 154.48818897637796 72.28346456692914 14.740157480314961 répondent
63.77952755905512 154.48818897637796 27.77952755905512 14.740157480314961 à
75.11811023622047 154.48818897637796 49.889763779527556 14.740157480314961 notre
108.28346456692914 154.48818897637796 61.22834645669291 14.740157480314961 attente
152.78740157480314 154.48818897637796 33.44881889763779 14.740157480314961 et
169.51181102362204 154.48818897637796 44.503937007874015 14.740157480314961 leur
197.29133858267716 154.48818897637796 61.22834645669291 14.740157480314961 qualité
236.1259842519685 154.48818897637796 22.11023622047244 14.740157480314961 se

8.78740157480315 164.1259842519685 52.15748031496063 19.84251968503937 posera
45.07086614173228 164.1259842519685 57.25984251968504 19.84251968503937 souvent
86.74015748031496 164.1259842519685 31.181102362204726 19.84251968503937 en
102.33070866141732 164.1259842519685 57.25984251968504 19.84251968503937 exemple
144.0 164.1259842519685 26.078740157480315 19.84251968503937 à
154.48818897637796 164.1259842519685 36.56692913385827 19.84251968503937 nos
175.1811023622047 164.1259842519685 67.74803149606299 19.84251968503937 artistes.
227.33858267716536 164.1259842519685 31.181102362204726 19.84251968503937 Il
237.82677165354332 164.1259842519685 20.69291338582677 19.84251968503937 en

9.354330708661417 178.29921259842519 74.26771653543307 14.740157480314961 résultera,
67.74803149606299 178.29921259842519 42.51968503937008 14.740157480314961 nous
94.11023622047244 178.29921259842519 31.748031496062993 14.740157480314961 le
110.26771653543307 178.29921259842519 63.496062992125985 14.740157480314961 pensons,
157.88976377952756 178.29921259842519 37.13385826771653 14.740157480314961 une
179.1496062992126 178.29921259842519 58.39370078740158 14.740157480314961 variété
221.38582677165354 178.29921259842519 31.748031496062993 14.740157480314961 et
232.15748031496062 178.29921259842519 26.362204724409448 14.740157480314961 une

9.921259842519685 187.37007874015748 61.22834645669291 17.858267716535433 richesse
55.84251968503937 187.37007874015748 30.614173228346456 17.858267716535433 de
71.14960629921259 187.37007874015748 76.53543307086615 17.858267716535433 suggestions
132.3779527559055 187.37007874015748 35.71653543307087 17.858267716535433 que
152.78740157480314 187.37007874015748 66.33070866141732 17.858267716535433 n’avaient
203.81102362204723 187.37007874015748 30.614173228346456 17.858267716535433 pu
214.01574803149606 187.37007874015748 45.92125984251968 17.858267716535433 attein-

9.637795275590552 203.24409448818898 35.71653543307087 13.88976377952756 dre
30.04724409448819 203.24409448818898 35.71653543307087 13.88976377952756 les
50.45669291338583 203.24409448818898 66.33070866141732 13.88976377952756 Biennales
96.09448818897638 203.24409448818898 71.43307086614173 13.88976377952756 précédentes.

25.511811023622048 215.71653543307087 34.2992125984252 15.307086614173228 Par
45.07086614173228 215.71653543307087 63.496062992125985 15.307086614173228 ailleurs,
93.8267716535433 215.71653543307087 34.2992125984252 15.307086614173228 des
113.38582677165354 215.71653543307087 63.496062992125985 15.307086614173228 problèmes
162.4251968503937 215.71653543307087 88.15748031496064 15.307086614173228 d’installation
230.74015748031496 215.71653543307087 29.480314960629922 15.307086614173228 par-

10.488188976377952 227.33858267716536 61.22834645669291 16.724409448818896 ticuliers
57.54330708661417 227.33858267716536 32.881889763779526 16.724409448818896 ont
76.53543307086615 227.33858267716536 28.346456692913385 16.724409448818896 dû
90.70866141732283 227.33858267716536 37.7007874015748 16.724409448818896 être
114.23622047244095 227.33858267716536 56.40944881889764 16.724409448818896 résolus.
156.4724409448819 227.33858267716536 32.881889763779526 16.724409448818896 Les
175.1811023622047 227.33858267716536 51.874015748031496 16.724409448818896 travaux
212.88188976377953 227.33858267716536 28.346456692913385 16.724409448818896 de
222.23622047244095 227.33858267716536 37.7007874015748 16.724409448818896 réfec-

10.204724409448819 239.24409448818898 40.818897637795274 17.291338582677167 tion
35.71653543307087 239.24409448818898 30.614173228346456 17.291338582677167 du
51.023622047244096 239.24409448818898 45.92125984251968 17.291338582677167 Musée
81.63779527559055 239.24409448818898 45.92125984251968 17.291338582677167 d’Art
112.25196850393701 239.24409448818898 56.125984251968504 17.291338582677167 Moderne
152.78740157480314 239.24409448818898 30.614173228346456 17.291338582677167 de
168.09448818897638 239.24409448818898 30.614173228346456 17.291338582677167 la
183.4015748031496 239.24409448818898 45.92125984251968 17.291338582677167 Ville
214.01574803149606 239.24409448818898 30.614173228346456 17.291338582677167 de
224.2204724409449 239.24409448818898 35.71653543307087 17.291338582677167 Paris

11.05511811023622 253.70078740157481 36.28346456692913 12.472440944881889 ont
31.748031496062993 253.70078740157481 56.976377952755904 12.472440944881889 empêché
73.13385826771653 253.70078740157481 88.15748031496064 12.472440944881889 l’utilisation
145.70078740157481 253.70078740157481 36.28346456692913 12.472440944881889 des
166.6771653543307 253.70078740157481 51.874015748031496 12.472440944881889 étages
197.5748031496063 253.70078740157481 62.36220472440945 12.472440944881889 supérieurs

11.622047244094489 265.03937007874015 30.330708661417322 14.456692913385826 de
26.929133858267715 265.03937007874015 30.330708661417322 14.456692913385826 ce
41.95275590551181 265.03937007874015 60.94488188976378 14.456692913385826 bâtiment
87.8740157480315 265.03937007874015 30.330708661417322 14.456692913385826 et
102.89763779527559 265.03937007874015 30.330708661417322 14.456692913385826 la
118.20472440944881 265.03937007874015 81.07086614173228 14.456692913385826 circulation,
184.251968503937 265.03937007874015 55.84251968503937 14.456692913385826 devenue
219.68503937007873 265.03937007874015 40.53543307086614 14.456692913385826 tradi-

11.05511811023622 274.96062992125985 71.14960629921259 16.15748031496063 tionnelle,
67.18110236220473 274.96062992125985 40.818897637795274 16.15748031496063 dans
92.40944881889764 274.96062992125985 35.71653543307087 16.15748031496063 une
112.81889763779527 274.96062992125985 81.35433070866142 16.15748031496063 architecture
179.1496062992126 274.96062992125985 30.614173228346456 16.15748031496063 du
194.45669291338584 274.96062992125985 45.92125984251968 16.15748031496063 reste
219.68503937007873 274.96062992125985 40.818897637795274 16.15748031496063 médio-

11.338582677165354 289.98425196850394 43.37007874015748 14.173228346456693 cre.
38.267716535433074 289.98425196850394 43.37007874015748 14.173228346456693 Pour
65.48031496062993 289.98425196850394 70.2992125984252 14.173228346456693 compenser
119.33858267716535 289.98425196850394 32.31496062992126 14.173228346456693 en
135.49606299212599 289.98425196850394 54.14173228346457 14.173228346456693 partie
173.48031496062993 289.98425196850394 48.75590551181102 14.173228346456693 cette
200.40944881889763 289.98425196850394 59.52755905511811 14.173228346456693 réduction

13.039370078740157 299.0551181102362 29.19685039370079 14.456692913385826 de
27.496062992125985 299.0551181102362 58.39370078740158 14.456692913385826 surface,
71.43307086614173 299.0551181102362 29.19685039370079 14.456692913385826 la
86.1732283464567 299.0551181102362 63.21259842519685 14.456692913385826 Direction
134.64566929133858 299.0551181102362 29.19685039370079 14.456692913385826 de
149.38582677165354 299.0551181102362 58.39370078740158 14.456692913385826 l’Action
193.03937007874015 299.0551181102362 68.31496062992126 14.456692913385826 Culturelle
241.79527559055117 299.0551181102362 19.559055118110237 14.456692913385826 de

13.32283464566929 310.3937007874016 32.31496062992126 15.874015748031496 la
29.480314960629922 310.3937007874016 48.47244094488189 15.874015748031496 Ville
61.79527559055118 310.3937007874016 32.31496062992126 15.874015748031496 de
77.95275590551181 310.3937007874016 48.47244094488189 15.874015748031496 Paris
110.26771653543307 310.3937007874016 32.31496062992126 15.874015748031496 et
126.4251968503937 310.3937007874016 32.31496062992126 15.874015748031496 la
142.58267716535434 310.3937007874016 86.1732283464567 15.874015748031496 Conservation
212.5984251968504 310.3937007874016 32.31496062992126 15.874015748031496 du
223.37007874015748 310.3937007874016 37.7007874015748 15.874015748031496 Musée

13.32283464566929 323.1496062992126 42.23622047244095 14.173228346456693 nous
39.68503937007874 323.1496062992126 36.8503937007874 14.173228346456693 ont
60.94488188976378 323.1496062992126 58.110236220472444 14.173228346456693 octroyé
103.18110236220473 323.1496062992126 42.23622047244095 14.173228346456693 tout
129.54330708661416 323.1496062992126 58.110236220472444 14.173228346456693 l’étage
171.7795275590551 323.1496062992126 68.5984251968504 14.173228346456693 inférieur
224.50393700787401 323.1496062992126 31.748031496062993 14.173228346456693 où
234.99212598425197 323.1496062992126 26.362204724409448 14.173228346456693 les

13.606299212598426 334.7716535433071 73.98425196850394 14.173228346456693 conditions
71.71653543307086 334.7716535433071 84.4724409448819 14.173228346456693 d’exposition
140.31496062992127 334.7716535433071 42.23622047244095 14.173228346456693 sont
166.6771653543307 334.7716535433071 84.4724409448819 14.173228346456693 certainement
229.88976377952756 334.7716535433071 31.748031496062993 14.173228346456693 bien

10.204724409448819 349.2283464566929 60.661417322834644 14.456692913385826 meilleures.

28.062992125984252 360.8503937007874 44.503937007874015 16.724409448818896 Nous
56.125984251968504 360.8503937007874 50.173228346456696 16.724409448818896 avons
89.29133858267717 360.8503937007874 72.28346456692914 16.724409448818896 rencontré
145.13385826771653 360.8503937007874 38.83464566929134 16.724409448818896 une
167.24409448818898 360.8503937007874 50.173228346456696 16.724409448818896 égale
195.0236220472441 360.8503937007874 66.89763779527559 16.724409448818896 compréhen-

14.173228346456693 374.45669291338584 45.07086614173228 15.874015748031496 sion
42.51968503937008 374.45669291338584 28.346456692913385 15.874015748031496 à
53.85826771653543 374.45669291338584 34.01574803149607 15.874015748031496 la
70.58267716535433 374.45669291338584 73.41732283464567 15.874015748031496 Direction
127.2755905511811 374.45669291338584 39.68503937007874 15.874015748031496 des
149.66929133858267 374.45669291338584 56.40944881889764 15.874015748031496 Musées
189.35433070866142 374.45669291338584 34.01574803149607 15.874015748031496 de
206.36220472440945 374.45669291338584 56.40944881889764 15.874015748031496 France
240.09448818897638 374.45669291338584 22.677165354330707 15.874015748031496 et

14.173228346456693 386.6456692913386 56.40944881889764 13.88976377952756 auprès
53.574803149606296 386.6456692913386 33.732283464566926 13.88976377952756 de
70.58267716535433 386.6456692913386 33.732283464566926 13.88976377952756 la
87.30708661417323 386.6456692913386 90.14173228346456 13.88976377952756 Conservation
160.7244094488189 386.6456692913386 33.732283464566926 13.88976377952756 du
177.4488188976378 386.6456692913386 50.74015748031496 13.88976377952756 Musée
205.51181102362204 386.6456692913386 56.40944881889764 13.88976377952756 National

15.023622047244094 399.68503937007875 47.338582677165356 13.039370078740157 d’Art
46.77165354330709 399.68503937007875 58.110236220472444 13.039370078740157 Moderne
89.00787401574803 399.68503937007875 36.8503937007874 13.039370078740157 qui
109.98425196850394 399.68503937007875 36.8503937007874 13.039370078740157 ont
131.24409448818898 399.68503937007875 42.23622047244095 13.039370078740157 bien
157.60629921259843 399.68503937007875 52.724409448818896 13.039370078740157 voulu,
194.45669291338584 399.68503937007875 42.23622047244095 13.039370078740157 pour
220.8188976377953 399.68503937007875 31.748031496062993 13.039370078740157 la
231.30708661417322 399.68503937007875 31.748031496062993 13.039370078740157 pre-

15.590551181102363 410.45669291338584 45.63779527559055 12.472440944881889 mière
45.92125984251968 410.45669291338584 45.63779527559055 12.472440944881889 fois,
76.25196850393701 410.45669291338584 40.53543307086614 12.472440944881889 nous
101.48031496062993 410.45669291338584 65.76377952755905 12.472440944881889 permettre
152.2204724409449 410.45669291338584 70.86614173228347 12.472440944881889 d’utiliser
207.7795275590551 410.45669291338584 35.43307086614173 12.472440944881889 une
222.8031496062992 410.45669291338584 40.53543307086614 12.472440944881889 partie

14.740157480314961 422.6456692913386 31.748031496062993 13.606299212598426 de
30.614173228346456 422.6456692913386 47.338582677165356 13.606299212598426 leurs
62.36220472440945 422.6456692913386 52.724409448818896 13.606299212598426 salles
99.21259842519684 422.6456692913386 31.748031496062993 13.606299212598426 se
115.08661417322834 422.6456692913386 63.21259842519685 13.606299212598426 trouvant
162.4251968503937 422.6456692913386 31.748031496062993 13.606299212598426 au
178.29921259842519 422.6456692913386 42.23622047244095 13.606299212598426 même
204.66141732283464 422.6456692913386 52.724409448818896 13.606299212598426 niveau
236.40944881889763 422.6456692913386 26.362204724409448 13.606299212598426 que

15.590551181102363 433.4173228346457 50.45669291338583 13.606299212598426 celles
51.023622047244096 433.4173228346457 30.330708661417322 13.606299212598426 de
66.04724409448819 433.4173228346457 30.330708661417322 13.606299212598426 la
81.35433070866142 433.4173228346457 50.45669291338583 13.606299212598426 Ville.
116.50393700787401 433.4173228346457 35.43307086614173 13.606299212598426 Nos
136.91338582677164 433.4173228346457 75.68503937007874 13.606299212598426 architectes
197.29133858267716 433.4173228346457 35.43307086614173 13.606299212598426 ont
217.70078740157481 433.4173228346457 30.330708661417322 13.606299212598426 pu
227.6220472440945 433.4173228346457 35.43307086614173 13.606299212598426 ainsi

15.307086614173228 445.3228346456693 68.03149606299213 14.456692913385826 concevoir,
68.88188976377953 445.3228346456693 38.83464566929134 14.456692913385826 afin
92.97637795275591 445.3228346456693 29.19685039370079 14.456692913385826 de
107.71653543307086 445.3228346456693 48.75590551181102 14.456692913385826 relier
141.73228346456693 445.3228346456693 34.01574803149607 14.456692913385826 ces
161.29133858267716 445.3228346456693 48.75590551181102 14.456692913385826 lieux,
195.30708661417322 445.3228346456693 29.19685039370079 14.456692913385826 un
204.9448818897638 445.3228346456693 58.39370078740158 14.456692913385826 dispositif

15.874015748031496 458.3622047244094 67.18110236220473 11.05511811023622 extérieur
67.46456692913385 458.3622047244094 41.38582677165354 11.05511811023622 pour
93.25984251968504 458.3622047244094 30.89763779527559 11.05511811023622 la
108.85039370078741 458.3622047244094 82.77165354330708 11.05511811023622 présentation
176.03149606299212 458.3622047244094 41.38582677165354 11.05511811023622 d’un
201.82677165354332 458.3622047244094 62.07874015748032 11.05511811023622 ensemble
243.21259842519686 458.3622047244094 20.69291338582677 11.05511811023622 de

15.307086614173228 469.98425196850394 75.68503937007874 13.606299212598426 sculptures
74.83464566929133 469.98425196850394 92.1259842519685 13.606299212598426 monumentales.
150.51968503937007 469.98425196850394 32.59842519685039 13.606299212598426 Je
166.6771653543307 469.98425196850394 48.75590551181102 13.606299212598426 pense
199.2755905511811 469.98425196850394 37.98425196850393 13.606299212598426 que
215.43307086614172 469.98425196850394 48.75590551181102 13.606299212598426 l’expo-

15.307086614173228 482.1732283464567 54.14173228346457 14.173228346456693 sition
53.29133858267716 482.1732283464567 59.52755905511811 14.173228346456693 gagnera
96.37795275590551 482.1732283464567 64.91338582677166 14.173228346456693 beaucoup
145.13385826771653 482.1732283464567 32.59842519685039 14.173228346456693 en
161.29133858267716 482.1732283464567 86.45669291338582 14.173228346456693 homogénéité,
226.20472440944883 482.1732283464567 37.98425196850393 14.173228346456693 cette

16.15748031496063 494.0787401574803 89.85826771653544 13.039370078740157 présentation,
90.14173228346456 494.0787401574803 31.748031496062993 13.039370078740157 en
106.01574803149606 494.0787401574803 58.110236220472444 13.039370078740157 quelque
148.251968503937 494.0787401574803 47.62204724409449 13.039370078740157 sorte
180.0 494.0787401574803 73.98425196850394 13.039370078740157 collective
232.7244094488189 494.0787401574803 31.748031496062993 13.039370078740157 elle

15.874015748031496 505.7007874015748 54.14173228346457 14.740157480314961 aussi,
53.574803149606296 505.7007874015748 91.84251968503936 14.740157480314961 correspondant
129.25984251968504 505.7007874015748 48.75590551181102 14.740157480314961 mieux
161.85826771653544 505.7007874015748 26.929133858267715 14.740157480314961 à
172.62992125984252 505.7007874015748 48.75590551181102 14.740157480314961 notre
199.55905511811022 505.7007874015748 64.91338582677166 14.740157480314961 programme.

30.614173228346456 520.7244094488188 42.51968503937008 13.039370078740157 Plus
57.25984251968504 520.7244094488188 53.00787401574803 13.039370078740157 encore
94.39370078740157 520.7244094488188 37.13385826771653 13.039370078740157 que
115.65354330708661 520.7244094488188 37.13385826771653 13.039370078740157 par
136.91338582677164 520.7244094488188 31.748031496062993 13.039370078740157 le
152.78740157480314 520.7244094488188 53.00787401574803 13.039370078740157 passé,
190.20472440944883 520.7244094488188 47.90551181102362 13.039370078740157 cette
216.56692913385828 520.7244094488188 47.90551181102362 13.039370078740157 Sixième

15.874015748031496 530.6456692913385 64.91338582677166 14.173228346456693 Biennale
64.62992125984252 530.6456692913385 97.51181102362204 14.173228346456693 s’accompagnera
145.70078740157481 530.6456692913385 32.59842519685039 14.173228346456693 de
161.85826771653544 530.6456692913385 81.07086614173228 14.173228346456693 projections
221.38582677165354 530.6456692913385 43.37007874015748 14.173228346456693 systé-

16.15748031496063 544.8188976377953 64.91338582677166 12.472440944881889 matiques
64.91338582677166 544.8188976377953 59.52755905511811 12.472440944881889 au-delà
108.0 544.8188976377953 32.31496062992126 12.472440944881889 de
124.15748031496064 544.8188976377953 37.7007874015748 12.472440944881889 son
145.98425196850394 544.8188976377953 54.14173228346457 12.472440944881889 centre
183.68503937007873 544.8188976377953 32.31496062992126 12.472440944881889 et
199.84251968503938 544.8188976377953 54.14173228346457 12.472440944881889 jusque
232.44094488188978 544.8188976377953 32.31496062992126 12.472440944881889 dans

16.724409448818896 556.4409448818898 32.31496062992126 13.32283464566929 la
32.881889763779526 556.4409448818898 54.14173228346457 13.32283464566929 proche
70.86614173228347 556.4409448818898 70.2992125984252 13.32283464566929 banlieue.
124.7244094488189 556.4409448818898 32.31496062992126 13.32283464566929 En
140.88188976377953 556.4409448818898 59.52755905511811 13.32283464566929 liaison
184.251968503937 556.4409448818898 43.37007874015748 13.32283464566929 avec
211.1811023622047 556.4409448818898 48.75590551181102 13.32283464566929 elle,
238.39370078740157 556.4409448818898 26.929133858267715 13.32283464566929 des

15.874015748031496 569.4803149606299 99.77952755905511 14.740157480314961 manifestations
99.21259842519684 569.4803149606299 60.94488188976378 14.740157480314961 annexes
143.71653543307087 569.4803149606299 88.7244094488189 14.740157480314961 permettront,
215.71653543307087 569.4803149606299 49.889763779527556 14.740157480314961 grâce
243.49606299212599 569.4803149606299 22.11023622047244 14.740157480314961 au

16.724409448818896 579.4015748031496 48.75590551181102 15.307086614173228 Musée
49.039370078740156 579.4015748031496 64.91338582677166 15.307086614173228 Galliéra
97.79527559055119 579.4015748031496 37.98425196850393 15.307086614173228 mis
119.62204724409449 579.4015748031496 26.929133858267715 15.307086614173228 à
130.39370078740157 579.4015748031496 48.75590551181102 15.307086614173228 notre
162.70866141732284 579.4015748031496 81.07086614173228 15.307086614173228 disposition
227.6220472440945 579.4015748031496 37.98425196850393 15.307086614173228 par
244.06299212598427 579.4015748031496 21.543307086614174 15.307086614173228 la

16.440944881889763 591.8740157480315 44.78740157480315 15.307086614173228 Ville
46.488188976377955 591.8740157480315 30.04724409448819 15.307086614173228 de
61.511811023622045 591.8740157480315 49.889763779527556 15.307086614173228 Paris,
96.37795275590551 591.8740157480315 44.78740157480315 15.307086614173228 comme
126.14173228346456 591.8740157480315 34.86614173228347 15.307086614173228 par
146.26771653543307 591.8740157480315 30.04724409448819 15.307086614173228 le
161.29133858267716 591.8740157480315 54.99212598425197 15.307086614173228 recours
200.9763779527559 591.8740157480315 24.944881889763778 15.307086614173228 à
210.89763779527559 591.8740157480315 30.04724409448819 15.307086614173228 un
221.10236220472441 591.8740157480315 44.78740157480315 15.307086614173228 certain

16.724409448818896 604.6299212598425 53.00787401574803 11.905511811023622 nombre
53.85826771653543 604.6299212598425 31.748031496062993 11.905511811023622 de
69.73228346456693 604.6299212598425 63.77952755905512 11.905511811023622 galeries
117.63779527559055 604.6299212598425 31.748031496062993 11.905511811023622 et
133.51181102362204 604.6299212598425 31.748031496062993 11.905511811023622 de
149.38582677165354 604.6299212598425 58.39370078740158 11.905511811023622 centres
191.90551181102362 604.6299212598425 74.26771653543307 11.905511811023622 culturels,
244.91338582677164 604.6299212598425 21.25984251968504 11.905511811023622 de

16.440944881889763 616.8188976377953 70.58267716535433 11.338582677165354 compléter
70.58267716535433 616.8188976377953 37.98425196850393 11.338582677165354 sur
92.40944881889764 616.8188976377953 65.19685039370079 11.338582677165354 beaucoup
141.16535433070865 616.8188976377953 32.59842519685039 11.338582677165354 de
157.3228346456693 616.8188976377953 54.14173228346457 11.338582677165354 points
189.92125984251967 616.8188976377953 75.96850393700787 11.338582677165354 l’exposition

16.440944881889763 628.4409448818898 67.74803149606299 15.874015748031496 centrale:
68.31496062992126 628.4409448818898 57.25984251968504 15.874015748031496 groupes
110.26771653543307 628.4409448818898 31.181102362204726 15.874015748031496 de
125.85826771653544 628.4409448818898 52.15748031496063 15.874015748031496 jeunes
162.14173228346456 628.4409448818898 62.645669291338585 15.874015748031496 artistes
203.81102362204723 628.4409448818898 62.645669291338585 15.874015748031496 étrangers,

11.05511811023622 651.4015748031496 22.11023622047244 15.874015748031496 12
