302.1732283464567 669.2598425196851
217.98425196850394 21.25984251968504 84.75590551181102 17.007874015748033 ISLANDE

53.29133858267716 130.39370078740157 71.14960629921259 20.409448818897637 Commissaire
110.26771653543307 130.39370078740157 52.15748031496063 20.409448818897637 général
148.251968503937 130.39370078740157 23.811023622047244 20.409448818897637 :
157.88976377952756 130.39370078740157 61.79527559055118 20.409448818897637 Olafur
200.69291338582678 130.39370078740157 66.61417322834646 20.409448818897637 Egilsson

53.85826771653543 144.0 51.023622047244096 21.25984251968504 Attaché
90.70866141732283 144.0 55.55905511811024 21.25984251968504 Culturel
132.3779527559055 144.0 37.13385826771653 21.25984251968504 près
155.6220472440945 144.0 69.44881889763779 21.25984251968504 l’Ambassade
211.1811023622047 144.0 60.09448818897638 21.25984251968504 d’Islande
257.6692913385827 144.0 23.244094488188978 21.25984251968504 à
266.74015748031496 144.0 46.20472440944882 21.25984251968504 Paris.

41.95275590551181 181.41732283464566 35.1496062992126 21.826771653543307 On
59.52755905511811 181.41732283464566 76.25196850393701 21.826771653543307 considère
118.20472440944881 181.41732283464566 35.1496062992126 21.826771653543307 en
135.7795275590551 181.41732283464566 64.62992125984252 21.826771653543307 général
182.83464566929135 181.41732283464566 41.10236220472441 21.826771653543307 que
206.07874015748033 181.41732283464566 41.10236220472441 21.826771653543307 les
229.60629921259843 181.41732283464566 58.67716535433071 21.826771653543307 débuts
264.755905511811 181.41732283464566 23.52755905511811 21.826771653543307 de

29.19685039370079 192.18897637795277 47.62204724409449 22.393700787401574 l’art
60.94488188976378 192.18897637795277 63.496062992125985 22.393700787401574 moderne,
108.85039370078741 192.18897637795277 31.748031496062993 22.393700787401574 en
124.7244094488189 192.18897637795277 63.496062992125985 22.393700787401574 Islande,
172.3464566929134 192.18897637795277 31.748031496062993 22.393700787401574 se
188.2204724409449 192.18897637795277 58.39370078740158 22.393700787401574 situent
230.45669291338584 192.18897637795277 42.51968503937008 22.393700787401574 vers
251.71653543307087 192.18897637795277 37.13385826771653 22.393700787401574 1900.

28.62992125984252 207.7795275590551 28.346456692913385 18.992125984251967 A
39.968503937007874 207.7795275590551 50.74015748031496 18.992125984251967 cette
73.98425196850394 207.7795275590551 56.40944881889764 18.992125984251967 époque
113.38582677165354 207.7795275590551 34.01574803149607 18.992125984251967 le
130.39370078740157 207.7795275590551 45.07086614173228 18.992125984251967 pays
158.74015748031496 207.7795275590551 73.41732283464567 18.992125984251967 dépendait
215.1496062992126 207.7795275590551 34.01574803149607 18.992125984251967 du
226.48818897637796 207.7795275590551 62.07874015748032 18.992125984251967 Danemark,

28.913385826771652 217.98425196850394 46.20472440944882 19.84251968503937 tant
57.826771653543304 217.98425196850394 34.58267716535433 19.84251968503937 au
75.11811023622047 217.98425196850394 52.15748031496063 19.84251968503937 point
109.7007874015748 217.98425196850394 34.58267716535433 19.84251968503937 de
127.2755905511811 217.98425196850394 40.53543307086614 19.84251968503937 vue
150.23622047244095 217.98425196850394 75.11811023622047 19.84251968503937 politique
208.06299212598427 217.98425196850394 40.53543307086614 19.84251968503937 que
225.63779527559055 217.98425196850394 63.77952755905512 19.84251968503937 culturel.

29.480314960629922 228.18897637795277 63.77952755905512 23.52755905511811 Quelques
77.38582677165354 228.18897637795277 63.77952755905512 23.52755905511811 artistes
125.00787401574803 228.18897637795277 90.14173228346456 23.52755905511811 travaillaient
199.55905511811022 228.18897637795277 37.13385826771653 23.52755905511811 sur
220.8188976377953 228.18897637795277 31.748031496062993 23.52755905511811 le
231.30708661417322 228.18897637795277 58.39370078740158 23.52755905511811 continent

30.330708661417322 242.36220472440945 32.59842519685039 21.543307086614174 et
46.488188976377955 242.36220472440945 37.98425196850393 21.543307086614174 aux
68.31496062992126 242.36220472440945 81.07086614173228 21.543307086614174 Etats-Unis,
133.22834645669292 242.36220472440945 43.37007874015748 21.543307086614174 mais
160.15748031496062 242.36220472440945 37.98425196850393 21.543307086614174 les
181.70078740157481 242.36220472440945 75.68503937007874 21.543307086614174 influences
235.84251968503938 242.36220472440945 54.14173228346457 21.543307086614174 danoises

30.614173228346456 252.56692913385828 36.28346456692913 20.976377952755904 sur
51.30708661417323 252.56692913385828 46.77165354330709 20.976377952755904 l’art
82.48818897637796 252.56692913385828 67.46456692913385 20.976377952755904 islandais
134.36220472440945 252.56692913385828 51.874015748031496 20.976377952755904 seront
170.64566929133858 252.56692913385828 93.54330708661418 20.976377952755904 prépondérantes
243.21259842519686 252.56692913385828 46.77165354330709 20.976377952755904 jusqu’à

30.89763779527559 268.15748031496065 33.732283464566926 17.5748031496063 la
47.90551181102362 268.15748031496065 67.18110236220473 17.5748031496063 deuxième
98.07874015748031 268.15748031496065 56.125984251968504 17.5748031496063 guerre
131.81102362204723 268.15748031496065 61.511811023622045 17.5748031496063 mondiale.

45.63779527559055 277.2283464566929 59.811023622047244 19.275590551181104 Fondée
87.59055118110236 277.2283464566929 36.0 19.275590551181104 en
105.44881889763779 277.2283464566929 53.85826771653543 19.275590551181104 1944,
141.4488188976378 277.2283464566929 36.0 19.275590551181104 la
159.30708661417322 277.2283464566929 83.62204724409449 19.275590551181104 République
219.11811023622047 277.2283464566929 71.71653543307086 19.275590551181104 lslandaise

31.181102362204726 290.5511811023622 39.68503937007874 17.5748031496063 met
53.85826771653543 290.5511811023622 34.01574803149607 17.5748031496063 un
70.86614173228347 290.5511811023622 51.30708661417323 17.5748031496063 terme
105.16535433070867 290.5511811023622 28.346456692913385 17.5748031496063 à
116.50393700787401 290.5511811023622 85.32283464566929 17.5748031496063 l’isolement
184.8188976377953 290.5511811023622 34.01574803149607 17.5748031496063 du
201.82677165354332 290.5511811023622 51.30708661417323 17.5748031496063 pays.
235.84251968503938 290.5511811023622 56.976377952755904 17.5748031496063 Depuis
275.81102362204723 290.5511811023622 34.01574803149607 17.5748031496063 la
287.1496062992126 290.5511811023622 17.007874015748033 17.5748031496063 I

30.89763779527559 301.8897637795276 41.38582677165354 17.858267716535433 fin
54.70866141732284 301.8897637795276 35.43307086614173 17.858267716535433 de
72.28346456692914 301.8897637795276 35.43307086614173 17.858267716535433 la
90.14173228346456 301.8897637795276 65.19685039370079 17.858267716535433 guerre,
137.48031496062993 301.8897637795276 35.43307086614173 17.858267716535433 le
155.33858267716536 301.8897637795276 100.62992125984252 17.858267716535433 développement
238.39370078740157 301.8897637795276 41.38582677165354 17.858267716535433 des
256.251968503937 301.8897637795276 35.43307086614173 17.858267716535433 arts

32.031496062992126 312.9448818897638 79.65354330708661 21.25984251968504 plastiques,
95.81102362204724 312.9448818897638 31.748031496062993 21.25984251968504 en
111.68503937007874 312.9448818897638 63.77952755905512 21.25984251968504 Islande,
159.59055118110237 312.9448818897638 26.64566929133858 21.25984251968504 a
170.07874015748033 312.9448818897638 47.90551181102362 21.25984251968504 suivi
202.11023622047244 312.9448818897638 37.13385826771653 21.25984251968504 les
223.37007874015748 312.9448818897638 47.90551181102362 21.25984251968504 mêmes
249.73228346456693 312.9448818897638 42.51968503937008 21.25984251968504 lignes

32.031496062992126 326.8346456692913 40.53543307086614 17.007874015748033 que
54.99212598425197 326.8346456692913 46.20472440944882 17.007874015748033 dans
83.90551181102362 326.8346456692913 34.58267716535433 17.007874015748033 la
101.48031496062993 326.8346456692913 46.20472440944882 17.007874015748033 plus
130.39370078740157 326.8346456692913 57.826771653543304 17.007874015748033 grande
170.64566929133858 326.8346456692913 57.826771653543304 17.007874015748033 partie
211.1811023622047 326.8346456692913 34.58267716535433 17.007874015748033 du
228.75590551181102 326.8346456692913 57.826771653543304 17.007874015748033 monde.
263.33858267716533 326.8346456692913 28.913385826771652 17.007874015748033 Des

32.881889763779526 336.4724409448819 75.96850393700787 18.708661417322833 influences
92.40944881889764 336.4724409448819 32.59842519685039 18.708661417322833 de
108.85039370078741 336.4724409448819 43.37007874015748 18.708661417322833 tous
135.7795275590551 336.4724409448819 37.98425196850393 18.708661417322833 les
157.60629921259843 336.4724409448819 54.14173228346457 18.708661417322833 grands
195.59055118110237 336.4724409448819 65.19685039370079 18.708661417322833 courants
244.3464566929134 336.4724409448819 32.59842519685039 18.708661417322833 de
255.11811023622047 336.4724409448819 37.98425196850393 18.708661417322833 l’art

33.44881889763779 348.37795275590554 66.33070866141732 18.708661417322833 mondial
81.63779527559055 348.37795275590554 36.28346456692913 18.708661417322833 se
99.77952755905511 348.37795275590554 60.37795275590551 18.708661417322833 mêlent
141.73228346456693 348.37795275590554 48.188976377952756 18.708661417322833 avec
172.06299212598427 348.37795275590554 42.23622047244095 18.708661417322833 les
196.15748031496062 348.37795275590554 84.4724409448819 18.708661417322833 influences
256.251968503937 348.37795275590554 36.28346456692913 18.708661417322833 d’un

34.2992125984252 359.43307086614175 48.75590551181102 18.4251968503937 monde
66.61417322834646 359.43307086614175 37.7007874015748 18.4251968503937 qui
88.44094488188976 359.43307086614175 32.31496062992126 18.4251968503937 se
104.5984251968504 359.43307086614175 64.91338582677166 18.4251968503937 rétrécit
153.0708661417323 359.43307086614175 32.31496062992126 18.4251968503937 et
169.51181102362204 359.43307086614175 43.37007874015748 18.4251968503937 avec
196.44094488188978 359.43307086614175 86.45669291338582 18.4251968503937 l’expérience
261.3543307086614 359.43307086614175 32.31496062992126 18.4251968503937 per-

34.01574803149607 376.4409448818898 63.21259842519685 13.32283464566929 sonnelle
81.63779527559055 376.4409448818898 31.748031496062993 13.32283464566929 de
97.51181102362204 376.4409448818898 52.724409448818896 13.32283464566929 chaque
128.9763779527559 376.4409448818898 52.724409448818896 13.32283464566929 artiste.

49.039370078740156 384.37795275590554 44.503937007874015 17.291338582677167 Dans
77.10236220472441 384.37795275590554 61.22834645669291 17.291338582677167 l’œuvre
121.60629921259843 384.37795275590554 61.22834645669291 17.291338582677167 d’Einar
166.11023622047244 384.37795275590554 83.62204724409449 17.291338582677167 Hakonarson,
233.29133858267716 384.37795275590554 61.22834645669291 17.291338582677167 peintre
272.12598425196853 384.37795275590554 22.393700787401574 17.291338582677167 et

34.2992125984252 395.43307086614175 79.08661417322834 18.992125984251967 sculpteur,
96.37795275590551 395.43307086614175 33.732283464566926 18.992125984251967 il
113.38582677165354 395.43307086614175 28.346456692913385 18.992125984251967 y
124.7244094488189 395.43307086614175 28.346456692913385 18.992125984251967 a
135.7795275590551 395.43307086614175 33.732283464566926 18.992125984251967 un
152.78740157480314 395.43307086614175 73.41732283464567 18.992125984251967 sentiment
209.1968503937008 395.43307086614175 67.74803149606299 18.992125984251967 poétique
260.2204724409449 395.43307086614175 33.732283464566926 18.992125984251967 de
271.2755905511811 395.43307086614175 22.677165354330707 18.992125984251967 la

34.58267716535433 409.03937007874015 73.7007874015748 16.724409448818896 situation
91.2755905511811 409.03937007874015 34.01574803149607 16.724409448818896 de
108.28346456692914 409.03937007874015 62.36220472440945 16.724409448818896 l’homme
153.63779527559055 409.03937007874015 45.354330708661415 16.724409448818896 dans
181.70078740157481 409.03937007874015 34.01574803149607 16.724409448818896 le
198.70866141732284 409.03937007874015 56.69291338582677 16.724409448818896 monde.
238.39370078740157 409.03937007874015 28.346456692913385 16.724409448818896 A
249.73228346456693 409.03937007874015 34.01574803149607 16.724409448818896 la
261.07086614173227 409.03937007874015 34.01574803149607 16.724409448818896 pre-

34.86614173228347 418.96062992125985 53.00787401574803 18.141732283464567 mière
70.2992125984252 418.96062992125985 70.86614173228347 18.141732283464567 Biennale
123.30708661417323 418.96062992125985 70.86614173228347 18.141732283464567 nordique
176.5984251968504 418.96062992125985 35.43307086614173 18.141732283464567 de
194.17322834645668 418.96062992125985 35.43307086614173 18.141732283464567 la
212.03149606299212 418.96062992125985 76.81889763779527 18.141732283464567 jeunesse,
265.03937007874015 418.96062992125985 29.480314960629922 18.141732283464567 qui

35.43307086614173 431.7165354330709 47.62204724409449 17.291338582677167 s’est
67.18110236220473 431.7165354330709 47.62204724409449 17.291338582677167 tenue
98.92913385826772 431.7165354330709 26.362204724409448 17.291338582677167 à
109.7007874015748 431.7165354330709 63.496062992125985 17.291338582677167 Luisiana
157.3228346456693 431.7165354330709 31.748031496062993 17.291338582677167 en
173.1968503937008 431.7165354330709 47.62204724409449 17.291338582677167 1966,
204.9448818897638 431.7165354330709 47.62204724409449 17.291338582677167 Einar
231.30708661417322 431.7165354330709 63.496062992125985 17.291338582677167 Hakonarson

35.1496062992126 442.7716535433071 28.062992125984252 18.4251968503937 a
46.488188976377955 442.7716535433071 44.78740157480315 18.4251968503937 reçu
74.26771653543307 442.7716535433071 33.44881889763779 18.4251968503937 un
91.2755905511811 442.7716535433071 61.511811023622045 18.4251968503937 premier
136.06299212598427 442.7716535433071 50.45669291338583 18.4251968503937 prix.
169.51181102362204 442.7716535433071 39.118110236220474 18.4251968503937 Les
191.90551181102362 442.7716535433071 72.85039370078741 18.4251968503937 résultats
248.03149606299212 442.7716535433071 50.45669291338583 18.4251968503937 qu’il
281.4803149606299 442.7716535433071 28.062992125984252 18.4251968503937 a
287.1496062992126 442.7716535433071 16.724409448818896 18.4251968503937 l

35.71653543307087 455.81102362204723 66.89763779527559 16.724409448818896 obtenus
84.18897637795276 455.81102362204723 48.47244094488189 16.724409448818896 dans
114.51968503937007 455.81102362204723 36.56692913385827 16.724409448818896 le
132.66141732283464 455.81102362204723 66.89763779527559 16.724409448818896 domaine
181.41732283464566 455.81102362204723 36.56692913385827 16.724409448818896 de
199.55905511811022 455.81102362204723 36.56692913385827 16.724409448818896 la
217.70078740157481 455.81102362204723 66.89763779527559 16.724409448818896 gravure
260.2204724409449 455.81102362204723 36.56692913385827 16.724409448818896 sont

31.181102362204726 471.9685039370079 81.07086614173228 13.88976377952756 remarquables.

52.44094488188976 481.03937007874015 43.37007874015748 15.307086614173228 Ingi
79.65354330708661 481.03937007874015 49.039370078740156 15.307086614173228 Hrafn
112.25196850393701 481.03937007874015 65.19685039370079 15.307086614173228 Hauksson
161.00787401574803 481.03937007874015 37.98425196850393 15.307086614173228 est
182.83464566929135 481.03937007874015 32.59842519685039 15.307086614173228 un
199.2755905511811 481.03937007874015 37.98425196850393 15.307086614173228 des
220.8188976377953 481.03937007874015 54.425196850393704 15.307086614173228 jeunes
253.70078740157481 481.03937007874015 43.37007874015748 15.307086614173228 sculp-

36.8503937007874 488.6929133858268 48.75590551181102 18.141732283464567 teurs
69.44881889763779 488.6929133858268 32.59842519685039 18.141732283464567 de
85.60629921259843 488.6929133858268 37.98425196850393 18.141732283464567 qui
107.43307086614173 488.6929133858268 32.59842519685039 18.141732283464567 on
123.59055118110236 488.6929133858268 54.14173228346457 18.141732283464567 attend
161.5748031496063 488.6929133858268 32.59842519685039 18.141732283464567 le
178.01574803149606 488.6929133858268 48.75590551181102 18.141732283464567 plus.
210.61417322834646 488.6929133858268 37.98425196850393 18.141732283464567 Ses
232.15748031496062 488.6929133858268 54.14173228346457 18.141732283464567 œuvres
264.755905511811 488.6929133858268 32.59842519685039 18.141732283464567 sont

37.13385826771653 504.8503937007874 39.68503937007874 17.291338582677167 des
59.811023622047244 504.8503937007874 62.36220472440945 17.291338582677167 reliefs
105.16535433070867 504.8503937007874 45.354330708661415 17.291338582677167 durs
133.51181102362204 504.8503937007874 34.01574803149607 17.291338582677167 et
150.51968503937007 504.8503937007874 85.03937007874016 17.291338582677167 rythmiques,
218.26771653543307 504.8503937007874 45.354330708661415 17.291338582677167 mais
246.61417322834646 504.8503937007874 45.354330708661415 17.291338582677167 dans
269.29133858267716 504.8503937007874 28.346456692913385 17.291338582677167 ses

37.41732283464567 513.9212598425197 72.28346456692914 16.724409448818896 dernières
93.25984251968504 513.9212598425197 89.00787401574803 16.724409448818896 compositions
165.54330708661416 513.9212598425197 38.83464566929134 16.724409448818896 les
187.6535433070866 513.9212598425197 55.55905511811024 16.724409448818896 formes
226.77165354330708 513.9212598425197 33.44881889763779 16.724409448818896 se
237.82677165354332 513.9212598425197 61.22834645669291 16.724409448818896 ramollis-

37.7007874015748 527.5275590551181 44.503937007874015 16.440944881889763 sent
65.48031496062993 527.5275590551181 33.44881889763779 16.440944881889763 de
82.20472440944881 527.5275590551181 44.503937007874015 16.440944881889763 plus
109.98425196850394 527.5275590551181 33.44881889763779 16.440944881889763 en
126.70866141732283 527.5275590551181 49.889763779527556 16.440944881889763 plus.
159.8740157480315 527.5275590551181 27.77952755905512 16.440944881889763 «
171.21259842519686 527.5275590551181 94.39370078740157 16.440944881889763 L’inspiration
248.88188976377953 527.5275590551181 33.44881889763779 16.440944881889763 me
259.93700787401576 527.5275590551181 38.83464566929134 16.440944881889763 vient

38.83464566929134 537.7322834645669 77.95275590551181 17.5748031496063 directement
101.19685039370079 537.7322834645669 31.181102362204726 17.5748031496063 de
116.78740157480316 537.7322834645669 31.181102362204726 17.5748031496063 la
132.3779527559055 537.7322834645669 57.25984251968504 17.5748031496063 réalité
174.04724409448818 537.7322834645669 83.33858267716535 17.5748031496063 quotidienne,
241.51181102362204 537.7322834645669 57.25984251968504 17.5748031496063 dit-il.
278.0787401574803 537.7322834645669 20.69291338582677 17.5748031496063 Je

38.55118110236221 549.9212598425197 65.19685039370079 18.708661417322833 voudrais
87.59055118110236 549.9212598425197 43.653543307086615 18.708661417322833 unir
114.51968503937007 549.9212598425197 49.039370078740156 18.708661417322833 l’art
147.4015748031496 549.9212598425197 32.59842519685039 18.708661417322833 du
163.55905511811022 549.9212598425197 54.425196850393704 18.708661417322833 cinéma
201.82677165354332 549.9212598425197 32.59842519685039 18.708661417322833 et
217.98425196850394 549.9212598425197 37.98425196850393 18.708661417322833 les
239.81102362204723 549.9212598425197 43.653543307086615 18.708661417322833 arts
261.6377952755906 549.9212598425197 37.98425196850393 18.708661417322833 plas

34.58267716535433 566.0787401574803 51.023622047244096 15.023622047244094 tiques.»

179.43307086614172 605.4803149606299 71.71653543307086 17.007874015748033 Steinthor
229.03937007874015 605.4803149606299 71.71653543307086 17.007874015748033 Sigurdsson,

136.91338582677164 624.1889763779527 62.92913385826772 16.724409448818896 Président
185.38582677165354 624.1889763779527 29.19685039370079 16.724409448818896 du
199.84251968503938 624.1889763779527 48.47244094488189 16.724409448818896 comité
233.85826771653544 624.1889763779527 29.19685039370079 16.724409448818896 de
243.49606299212599 624.1889763779527 58.110236220472444 16.724409448818896 sélection.
