312.09448818897636 669.2598425196851
229.60629921259843 20.409448818897637 65.19685039370079 18.992125984251967 FRANCE

30.04724409448819 57.25984251968504 36.0 20.976377952755904 23
53.85826771653543 57.25984251968504 23.811023622047244 20.976377952755904 LE
65.76377952755905 57.25984251968504 83.62204724409449 20.976377952755904 GILET-CELLULE
137.76377952755905 57.25984251968504 63.77952755905512 20.976377952755904 (réalisation
189.35433070866142 57.25984251968504 19.84251968503937 20.976377952755904 à
193.3228346456693 57.25984251968504 47.90551181102362 20.976377952755904 grandeur).

41.669291338582674 75.4015748031496 29.480314960629922 17.5748031496063 On
56.40944881889764 75.4015748031496 29.480314960629922 17.5748031496063 ne
70.86614173228347 75.4015748031496 39.118110236220474 17.5748031496063 peut
95.5275590551181 75.4015748031496 24.37795275590551 17.5748031496063 à
105.16535433070867 75.4015748031496 53.85826771653543 17.5748031496063 l’heure
144.56692913385828 75.4015748031496 58.67716535433071 17.5748031496063 actuelle
188.50393700787401 75.4015748031496 68.5984251968504 17.5748031496063 feuilleter
242.36220472440945 75.4015748031496 29.480314960629922 17.5748031496063 un
252.28346456692913 75.4015748031496 34.2992125984252 17.5748031496063 livre

41.95275590551181 84.18897637795276 81.63779527559055 17.291338582677167 d’architecture
109.98425196850394 84.18897637795276 36.28346456692913 17.291338582677167 sans
132.66141732283464 84.18897637795276 40.818897637795274 17.291338582677167 qu’il
159.8740157480315 84.18897637795276 27.212598425196852 17.291338582677167 ne
173.48031496062993 84.18897637795276 27.212598425196852 17.291338582677167 se
187.08661417322836 84.18897637795276 49.889763779527556 17.291338582677167 termine
223.37007874015748 84.18897637795276 31.748031496062993 17.291338582677167 par
241.51181102362204 84.18897637795276 27.212598425196852 17.291338582677167 de
250.58267716535434 84.18897637795276 36.28346456692913 17.291338582677167 grands

41.95275590551181 93.25984251968504 49.039370078740156 17.007874015748033 appels
76.25196850393701 93.25984251968504 34.2992125984252 17.007874015748033 aux
95.81102362204724 93.25984251968504 53.85826771653543 17.007874015748033 espaces
134.9291338582677 93.25984251968504 73.41732283464567 17.007874015748033 climatisés:
193.88976377952756 93.25984251968504 58.67716535433071 17.007874015748033 immenses
237.82677165354332 93.25984251968504 49.039370078740156 17.007874015748033 tentes
267.3070866141732 93.25984251968504 19.559055118110237 17.007874015748033 de

42.803149606299215 102.61417322834646 36.8503937007874 18.708661417322833 Frei
65.76377952755905 102.61417322834646 41.669291338582674 18.708661417322833 Otto,
93.54330708661418 102.61417322834646 41.669291338582674 18.708661417322833 dômes
121.32283464566929 102.61417322834646 69.16535433070867 18.708661417322833 géodésiques
176.5984251968504 102.61417322834646 27.77952755905512 18.708661417322833 de
190.48818897637796 102.61417322834646 55.275590551181104 18.708661417322833 Füiller,
232.15748031496062 102.61417322834646 22.96062992125984 18.708661417322833 à
236.69291338582678 102.61417322834646 50.74015748031496 18.708661417322833 l’échelle

42.803149606299215 111.96850393700787 27.77952755905512 18.992125984251967 de
56.69291338582677 111.96850393700787 27.77952755905512 18.992125984251967 la
70.2992125984252 111.96850393700787 41.669291338582674 18.992125984251967 ville
98.07874015748031 111.96850393700787 27.77952755905512 18.992125984251967 ou
111.96850393700787 111.96850393700787 27.77952755905512 18.992125984251967 de
125.85826771653544 111.96850393700787 27.77952755905512 18.992125984251967 la
139.748031496063 111.96850393700787 50.74015748031496 18.992125984251967 région.
176.5984251968504 111.96850393700787 27.77952755905512 18.992125984251967 On
190.48818897637796 111.96850393700787 27.77952755905512 18.992125984251967 ne
204.3779527559055 111.96850393700787 36.8503937007874 18.992125984251967 peut
227.33858267716536 111.96850393700787 41.669291338582674 18.992125984251967 aussi
250.58267716535434 111.96850393700787 36.8503937007874 18.992125984251967 ouvrir

42.803149606299215 121.32283464566929 49.039370078740156 18.992125984251967 quelque
78.51968503937007 121.32283464566929 49.039370078740156 18.992125984251967 journal
114.23622047244095 121.32283464566929 31.181102362204726 18.992125984251967 que
131.81102362204723 121.32283464566929 26.64566929133858 18.992125984251967 ce
145.13385826771653 121.32283464566929 35.71653543307087 18.992125984251967 soit
167.5275590551181 121.32283464566929 35.71653543307087 18.992125984251967 sans
189.92125984251967 121.32283464566929 39.968503937007874 18.992125984251967 qu’il
216.56692913385828 121.32283464566929 22.393700787401574 18.992125984251967 y
225.35433070866142 121.32283464566929 35.71653543307087 18.992125984251967 soit
243.21259842519686 121.32283464566929 44.503937007874015 18.992125984251967 question

42.51968503937008 130.6771653543307 28.913385826771652 17.858267716535433 de
56.976377952755904 130.6771653543307 28.913385826771652 17.858267716535433 la
71.43307086614173 130.6771653543307 67.18110236220473 17.858267716535433 libération
124.15748031496064 130.6771653543307 33.732283464566926 17.858267716535433 des
143.43307086614172 130.6771653543307 47.90551181102362 17.858267716535433 mœurs,
176.88188976377953 130.6771653543307 43.08661417322835 17.858267716535433 avec,
205.79527559055117 130.6771653543307 81.63779527559055 17.858267716535433 sous-jacente,
268.15748031496065 130.6771653543307 19.275590551181104 17.858267716535433 la

43.08661417322835 145.13385826771653 49.32283464566929 15.023622047244094 rupture
78.80314960629921 145.13385826771653 26.929133858267715 15.023622047244094 de
92.40944881889764 145.13385826771653 26.929133858267715 15.023622047244094 la
105.73228346456693 145.13385826771653 49.32283464566929 15.023622047244094 cellule
137.1968503937008 145.13385826771653 53.574803149606296 15.023622047244094 familiale.

43.653543307086615 152.50393700787401 27.77952755905512 19.275590551181104 Si
57.54330708661417 152.50393700787401 36.8503937007874 19.275590551181104 l’on
80.50393700787401 152.50393700787401 46.20472440944882 19.275590551181104 ajoute
112.81889763779527 152.50393700787401 22.96062992125984 19.275590551181104 à
121.88976377952756 152.50393700787401 36.8503937007874 19.275590551181104 cela
145.13385826771653 152.50393700787401 32.31496062992126 19.275590551181104 les
163.55905511811022 152.50393700787401 55.275590551181104 19.275590551181104 enquêtes
204.9448818897638 152.50393700787401 32.31496062992126 19.275590551181104 sur
223.37007874015748 152.50393700787401 27.77952755905512 19.275590551181104 la
232.7244094488189 152.50393700787401 55.275590551181104 19.275590551181104 diminution

43.08661417322835 164.9763779527559 70.86614173228347 15.307086614173228 progressive
99.77952755905511 164.9763779527559 28.346456692913385 15.307086614173228 du
113.95275590551181 164.9763779527559 42.51968503937008 15.307086614173228 temps
142.29921259842519 164.9763779527559 28.346456692913385 15.307086614173228 de
156.4724409448819 164.9763779527559 51.874015748031496 15.307086614173228 travail
194.45669291338584 164.9763779527559 33.16535433070866 15.307086614173228 due
213.16535433070865 164.9763779527559 23.52755905511811 15.307086614173228 à
217.98425196850394 164.9763779527559 70.86614173228347 15.307086614173228 l’automation,

43.653543307086615 172.3464566929134 32.031496062992126 17.5748031496063 les
61.79527559055118 172.3464566929134 77.66929133858268 17.5748031496063 constatations
125.85826771653544 172.3464566929134 73.13385826771653 17.5748031496063 quotidiennes
185.10236220472441 172.3464566929134 32.031496062992126 17.5748031496063 sur
203.24409448818898 172.3464566929134 27.496062992125985 17.5748031496063 un
216.8503937007874 172.3464566929134 45.63779527559055 17.5748031496063 retour
248.88188976377953 172.3464566929134 27.496062992125985 17.5748031496063 au
257.9527559055118 172.3464566929134 32.031496062992126 17.5748031496063 noma-

42.51968503937008 180.28346456692913 48.188976377952756 19.275590551181104 disme
74.55118110236221 180.28346456692913 48.188976377952756 19.275590551181104 grâce
106.86614173228347 180.28346456692913 32.031496062992126 19.275590551181104 au
122.74015748031496 180.28346456692913 107.14960629921259 19.275590551181104 perfectionnement
214.01574803149606 180.28346456692913 37.41732283464567 19.275590551181104 des
235.2755905511811 180.28346456692913 53.574803149606296 19.275590551181104 moyens
267.3070866141732 180.28346456692913 21.543307086614174 19.275590551181104 de

43.653543307086615 191.6220472440945 87.8740157480315 16.724409448818896 communications,
117.63779527559055 191.6220472440945 36.8503937007874 16.724409448818896 l’on
140.5984251968504 191.6220472440945 27.77952755905512 16.724409448818896 se
154.48818897637796 191.6220472440945 55.55905511811024 16.724409448818896 surprend
196.15748031496062 191.6220472440945 23.244094488188978 16.724409448818896 à
205.22834645669292 191.6220472440945 41.669291338582674 16.724409448818896 rêver
233.00787401574803 191.6220472440945 36.8503937007874 16.724409448818896 d’un
251.71653543307087 191.6220472440945 36.8503937007874 16.724409448818896 milieu

43.653543307086615 200.40944881889763 60.37795275590551 17.291338582677167 édénique,
89.85826771653544 200.40944881889763 27.77952755905512 17.291338582677167 de
103.74803149606299 200.40944881889763 78.80314960629921 17.291338582677167 participation
168.66141732283464 200.40944881889763 55.55905511811024 17.291338582677167 minimale
210.33070866141733 200.40944881889763 27.77952755905512 17.291338582677167 au
224.2204724409449 200.40944881889763 51.023622047244096 17.291338582677167 travail
261.3543307086614 200.40944881889763 27.77952755905512 17.291338582677167 et
270.70866141732284 200.40944881889763 18.4251968503937 17.291338582677167 de

43.93700787401575 212.88188976377953 53.00787401574803 15.590551181102363 contacts
83.90551181102362 212.88188976377953 66.33070866141732 15.590551181102363 individuels
132.66141732283464 212.88188976377953 39.68503937007874 15.590551181102363 accrus.

43.93700787401575 219.96850393700788 28.346456692913385 17.858267716535433 La
58.110236220472444 219.96850393700788 47.05511811023622 17.858267716535433 notion
91.2755905511811 219.96850393700788 28.346456692913385 17.858267716535433 de
105.44881889763779 219.96850393700788 70.86614173228347 17.858267716535433 sédentarité
162.14173228346456 219.96850393700788 42.51968503937008 17.858267716535433 ayant
190.20472440944883 219.96850393700788 42.51968503937008 17.858267716535433 alors
218.5511811023622 219.96850393700788 51.874015748031496 17.858267716535433 disparu
251.71653543307087 219.96850393700788 37.7007874015748 17.858267716535433 (déve-

44.503937007874015 230.45669291338584 63.77952755905512 17.5748031496063 loppement
93.54330708661418 230.45669291338584 29.480314960629922 17.5748031496063 du
108.28346456692914 230.45669291338584 53.85826771653543 17.5748031496063 service
147.4015748031496 230.45669291338584 49.039370078740156 17.5748031496063 public
181.70078740157481 230.45669291338584 29.480314960629922 17.5748031496063 et
196.44094488188978 230.45669291338584 93.25984251968504 17.5748031496063 miniaturisation
270.1417322834646 230.45669291338584 19.559055118110237 17.5748031496063 de

43.93700787401575 240.3779527559055 40.818897637795274 18.708661417322833 plus
69.44881889763779 240.3779527559055 30.614173228346456 18.708661417322833 en
84.75590551181102 240.3779527559055 40.818897637795274 18.708661417322833 plus
110.26771653543307 240.3779527559055 56.125984251968504 18.708661417322833 poussée
151.08661417322836 240.3779527559055 35.71653543307087 18.708661417322833 des
171.7795275590551 240.3779527559055 51.023622047244096 18.708661417322833 objets
207.49606299212599 240.3779527559055 81.63779527559055 18.708661417322833 personnels),
268.7244094488189 240.3779527559055 20.409448818897637 18.708661417322833 la

44.78740157480315 251.1496062992126 78.80314960629921 15.590551181102363 collaboration
109.41732283464567 251.1496062992126 23.244094488188978 15.590551181102363 à
118.77165354330708 251.1496062992126 60.09448818897638 15.590551181102363 l’édifice
164.9763779527559 251.1496062992126 51.023622047244096 15.590551181102363 social,
202.11023622047244 251.1496062992126 55.55905511811024 15.590551181102363 réduite,
243.7795275590551 251.1496062992126 27.77952755905512 15.590551181102363 et
257.6692913385827 251.1496062992126 27.77952755905512 15.590551181102363 la
266.74015748031496 251.1496062992126 23.244094488188978 15.590551181102363 vie

44.503937007874015 259.37007874015745 54.14173228346457 17.007874015748033 sociale
83.62204724409449 259.37007874015745 63.77952755905512 17.007874015748033 elle-même
132.9448818897638 259.37007874015745 29.480314960629922 17.007874015748033 se
147.68503937007873 259.37007874015745 58.960629921259844 17.007874015748033 feraient
191.6220472440945 259.37007874015745 29.480314960629922 17.007874015748033 de
206.36220472440945 259.37007874015745 54.14173228346457 17.007874015748033 manière
240.9448818897638 259.37007874015745 49.039370078740156 17.007874015748033 constam-

44.78740157480315 274.1102362204724 35.71653543307087 12.472440944881889 ment
62.645669291338585 274.1102362204724 40.25196850393701 12.472440944881889 fluide.

45.07086614173228 278.3622047244094 37.7007874015748 20.125984251968504 Dans
68.88188976377953 278.3622047244094 42.51968503937008 20.125984251968504 cette
97.22834645669292 278.3622047244094 51.874015748031496 20.125984251968504 optique
134.9291338582677 278.3622047244094 70.86614173228347 20.125984251968504 d’immensité
191.6220472440945 278.3622047244094 70.86614173228347 20.125984251968504 climatisée,
243.49606299212599 278.3622047244094 47.338582677165356 20.125984251968504 linéaire

45.354330708661415 290.26771653543307 60.37795275590551 17.291338582677167 peut-être,
92.69291338582677 290.26771653543307 25.79527559055118 17.291338582677167 et
105.73228346456693 290.26771653543307 25.79527559055118 17.291338582677167 de
118.48818897637796 290.26771653543307 56.125984251968504 17.291338582677167 nomadisme
161.5748031496063 290.26771653543307 51.59055118110236 17.291338582677167 interne,
200.40944881889763 290.26771653543307 51.59055118110236 17.291338582677167 l’esprit
239.24409448818898 290.26771653543307 25.79527559055118 17.291338582677167 se
247.748031496063 290.26771653543307 43.08661417322835 17.291338582677167 plairait

45.63779527559055 300.4724409448819 22.677165354330707 16.15748031496063 à
54.70866141732284 300.4724409448819 58.960629921259844 16.15748031496063 envisager
100.06299212598425 300.4724409448819 27.212598425196852 16.15748031496063 la
113.95275590551181 300.4724409448819 68.31496062992126 16.15748031496063 suppression
168.3779527559055 300.4724409448819 27.212598425196852 16.15748031496063 de
181.98425196850394 300.4724409448819 40.818897637795274 16.15748031496063 toute
209.1968503937008 300.4724409448819 68.31496062992126 16.15748031496063 distinction
259.37007874015745 300.4724409448819 31.748031496062993 16.15748031496063 entre

44.503937007874015 309.54330708661416 38.267716535433074 16.15748031496063 les
66.33070866141732 309.54330708661416 43.93700787401575 16.15748031496063 deux
93.8267716535433 309.54330708661416 76.81889763779527 16.15748031496063 enveloppes
153.92125984251967 309.54330708661416 27.496062992125985 16.15748031496063 «
164.9763779527559 309.54330708661416 82.20472440944881 16.15748031496063 immédiates»
230.74015748031496 309.54330708661416 32.881889763779526 16.15748031496063 de
241.79527559055117 309.54330708661416 49.32283464566929 16.15748031496063 l’homme

45.354330708661415 322.01574803149606 81.92125984251969 14.173228346456693 contemporain:
112.81889763779527 322.01574803149606 33.732283464566926 14.173228346456693 ses
132.09448818897638 322.01574803149606 62.645669291338585 14.173228346456693 vêtements
180.0 322.01574803149606 28.913385826771652 14.173228346456693 et
194.45669291338584 322.01574803149606 28.913385826771652 14.173228346456693 sa
204.09448818897638 322.01574803149606 43.37007874015748 14.173228346456693 maison.

40.53543307086614 339.87401574803147 68.5984251968504 15.023622047244094 Responsable:

45.92125984251968 347.81102362204723 91.55905511811024 16.724409448818896 Jean-Jacques
123.02362204724409 347.81102362204723 81.92125984251969 16.724409448818896 MEYFREDI
190.77165354330708 347.81102362204723 28.913385826771652 16.724409448818896 né
205.22834645669292 347.81102362204723 28.913385826771652 16.724409448818896 en
219.68503937007873 347.81102362204723 38.55118110236221 16.724409448818896 1943
243.7795275590551 347.81102362204723 24.094488188976378 16.724409448818896 à
248.5984251968504 347.81102362204723 43.37007874015748 16.724409448818896 Viersat

45.92125984251968 361.98425196850394 54.99212598425197 15.590551181102363 (France).
83.90551181102362 361.98425196850394 54.99212598425197 15.590551181102363 Architecte.

46.20472440944882 375.0236220472441 55.84251968503937 16.724409448818896 Odile
87.8740157480315 375.0236220472441 27.77952755905512 16.724409448818896 du
101.76377952755905 375.0236220472441 83.62204724409449 16.724409448818896 MAZAUBRUN
171.7795275590551 375.0236220472441 32.59842519685039 16.724409448818896 née
190.20472440944883 375.0236220472441 27.77952755905512 16.724409448818896 en
204.09448818897638 375.0236220472441 37.13385826771653 16.724409448818896 1948
227.33858267716536 375.0236220472441 23.244094488188978 16.724409448818896 à
232.15748031496062 375.0236220472441 60.37795275590551 16.724409448818896 Saint

47.05511811023622 388.9133858267717 54.14173228346457 15.874015748031496 (France).
84.4724409448819 388.9133858267717 41.669291338582674 15.874015748031496 Peintre.

47.90551181102362 401.38582677165357 61.22834645669291 14.456692913385826 Hugues
94.96062992125984 401.38582677165357 65.76377952755905 14.456692913385826 TS0U0
146.83464566929135 401.38582677165357 28.346456692913385 14.456692913385826 né
161.00787401574803 401.38582677165357 28.346456692913385 14.456692913385826 en
174.89763779527559 401.38582677165357 37.7007874015748 14.456692913385826 1943
198.4251968503937 401.38582677165357 23.52755905511811 14.456692913385826 à
207.7795275590551 401.38582677165357 51.59055118110236 14.456692913385826 Parisot
240.9448818897638 401.38582677165357 51.59055118110236 14.456692913385826 (France).

43.37007874015748 414.4251968503937 52.724409448818896 13.88976377952756 Graphiste.

48.47244094488189 426.3307086614173 57.826771653543304 15.023622047244094 Pierre
92.97637795275591 426.3307086614173 71.43307086614173 15.023622047244094 VASSORT
151.08661417322836 426.3307086614173 26.64566929133858 15.023622047244094 né
164.40944881889763 426.3307086614173 26.64566929133858 15.023622047244094 en
177.73228346456693 426.3307086614173 35.71653543307087 15.023622047244094 1943
200.1259842519685 426.3307086614173 22.393700787401574 15.023622047244094 à
208.91338582677164 426.3307086614173 35.71653543307087 15.023622047244094 Ueil
226.77165354330708 426.3307086614173 49.039370078740156 15.023622047244094 (France).

43.93700787401575 441.07086614173227 55.275590551181104 13.32283464566929 Architecte.

36.28346456692913 466.01574803149606 30.89763779527559 16.440944881889763 24
56.69291338582677 466.01574803149606 41.10236220472441 16.440944881889763 JEUX
84.18897637795276 466.01574803149606 44.503937007874015 16.440944881889763 (maquette).

48.75590551181102 482.45669291338584 28.346456692913385 11.622047244094489 La
62.92913385826772 482.45669291338584 61.22834645669291 11.622047244094489 recherche
110.26771653543307 482.45669291338584 37.7007874015748 11.622047244094489 d’un
133.79527559055117 482.45669291338584 47.05511811023622 11.622047244094489 espace
166.96062992125985 482.45669291338584 28.346456692913385 11.622047244094489 en
180.8503937007874 482.45669291338584 56.69291338582677 11.622047244094489 harmonie
223.37007874015748 482.45669291338584 37.7007874015748 11.622047244094489 avec
247.1811023622047 482.45669291338584 28.346456692913385 11.622047244094489 la
256.53543307086613 482.45669291338584 37.7007874015748 11.622047244094489 struc-

47.90551181102362 493.79527559055117 38.55118110236221 10.204724409448819 ture
72.0 493.79527559055117 72.28346456692914 10.204724409448819 élémentaire
129.82677165354332 493.79527559055117 28.913385826771652 10.204724409448819 de
144.28346456692913 493.79527559055117 28.913385826771652 10.204724409448819 la
158.74015748031496 493.79527559055117 53.00787401574803 10.204724409448819 matière
197.5748031496063 493.79527559055117 28.913385826771652 10.204724409448819 et
212.03149606299212 493.79527559055117 81.92125984251969 10.204724409448819 l’observation
274.6771653543307 493.79527559055117 19.275590551181104 10.204724409448819 de

49.039370078740156 503.43307086614175 42.51968503937008 10.488188976377952 sujets
78.80314960629921 503.43307086614175 51.023622047244096 10.488188976377952 naturels
116.78740157480316 503.43307086614175 34.01574803149607 10.488188976377952 tels
138.04724409448818 503.43307086614175 29.763779527559056 10.488188976377952 que
155.0551181102362 503.43307086614175 29.763779527559056 10.488188976377952 os,
172.06299212598427 503.43307086614175 46.77165354330709 10.488188976377952 bulbes,
206.07874015748033 503.43307086614175 67.74803149606299 10.488188976377952 stalactites,
256.81889763779526 503.43307086614175 38.267716535433074 10.488188976377952 gouttes

48.47244094488189 512.503937007874 48.188976377952756 10.488188976377952 d’eau,
82.20472440944881 512.503937007874 38.55118110236221 10.488188976377952 nous
106.2992125984252 512.503937007874 67.46456692913385 10.488188976377952 permettent
159.30708661417322 512.503937007874 28.913385826771652 10.488188976377952 de
174.04724409448818 512.503937007874 62.645669291338585 10.488188976377952 concevoir
222.23622047244095 512.503937007874 38.55118110236221 10.488188976377952 pour
241.51181102362204 512.503937007874 53.00787401574803 10.488188976377952 l’enfant,

48.75590551181102 520.7244094488188 24.944881889763778 13.039370078740157 à
58.960629921259844 520.7244094488188 30.04724409448819 13.039370078740157 la
73.98425196850394 520.7244094488188 40.25196850393701 13.039370078740157 fois
98.92913385826772 520.7244094488188 60.09448818897638 13.039370078740157 l’espace
144.0 520.7244094488188 40.25196850393701 13.039370078740157 dans
169.22834645669292 520.7244094488188 50.173228346456696 13.039370078740157 lequel
204.3779527559055 520.7244094488188 30.04724409448819 13.039370078740157 il
219.4015748031496 520.7244094488188 40.25196850393701 13.039370078740157 joue
244.3464566929134 520.7244094488188 30.04724409448819 13.039370078740157 et
259.37007874015745 520.7244094488188 30.04724409448819 13.039370078740157 le
269.5748031496063 520.7244094488188 24.944881889763778 13.039370078740157 jeu

45.354330708661415 529.2283464566929 51.874015748031496 13.606299212598426 lui

50.173228346456696 540.5669291338583 73.98425196850394 13.606299212598426 L’espace-jeu
110.26771653543307 540.5669291338583 32.31496062992126 13.606299212598426 est
128.69291338582678 540.5669291338583 87.8740157480315 13.606299212598426 essentiellement
202.6771653543307 540.5669291338583 73.98425196850394 13.606299212598426 transparent,
258.23622047244095 540.5669291338583 37.13385826771653 13.606299212598426 ouvert

49.889763779527556 551.6220472440945 32.59842519685039 13.039370078740157 sur
68.31496062992126 551.6220472440945 69.44881889763779 13.039370078740157 l’extérieur
123.8740157480315 551.6220472440945 27.77952755905512 13.039370078740157 et
138.04724409448818 551.6220472440945 60.37795275590551 13.039370078740157 structuré
184.251968503937 551.6220472440945 32.59842519685039 13.039370078740157 par
202.96062992125985 551.6220472440945 32.59842519685039 13.039370078740157 une
221.38582677165354 551.6220472440945 46.488188976377955 13.039370078740157 maille
253.98425196850394 551.6220472440945 32.59842519685039 13.039370078740157 qui
267.87401574803147 551.6220472440945 27.77952755905512 13.039370078740157 sert

49.889763779527556 561.2598425196851 28.913385826771652 11.622047244094489 de
64.34645669291339 561.2598425196851 53.00787401574803 11.622047244094489 support
102.89763779527559 561.2598425196851 33.732283464566926 11.622047244094489 aux
121.88976377952756 561.2598425196851 53.00787401574803 11.622047244094489 besoins
160.44094488188978 561.2598425196851 76.81889763779527 11.622047244094489 fondamentaux
223.08661417322836 561.2598425196851 38.55118110236221 11.622047244094489 chez
242.07874015748033 561.2598425196851 53.00787401574803 11.622047244094489 l’enfant,

50.45669291338583 570.8976377952756 49.889763779527556 12.188976377952756 d’agir,
86.74015748031496 570.8976377952756 27.212598425196852 12.188976377952756 de
100.34645669291339 570.8976377952756 68.03149606299213 12.188976377952756 s’exprimer,
154.77165354330708 570.8976377952756 27.212598425196852 12.188976377952756 de
168.3779527559055 570.8976377952756 27.212598425196852 12.188976377952756 se
181.70078740157481 570.8976377952756 63.496062992125985 12.188976377952756 transposer
231.59055118110237 570.8976377952756 36.28346456692913 12.188976377952756 dans
254.26771653543307 570.8976377952756 27.212598425196852 12.188976377952756 un
263.33858267716533 570.8976377952756 31.748031496062993 12.188976377952756 monde

49.889763779527556 580.5354330708661 51.874015748031496 9.921259842519685 fictif,
87.59055118110236 580.5354330708661 28.346456692913385 9.921259842519685 de
101.76377952755905 580.5354330708661 28.346456692913385 9.921259842519685 se
115.93700787401575 580.5354330708661 47.05511811023622 9.921259842519685 sentir
148.8188976377953 580.5354330708661 28.346456692913385 9.921259842519685 en
162.99212598425197 580.5354330708661 61.22834645669291 9.921259842519685 sécurité,
210.04724409448818 580.5354330708661 28.346456692913385 9.921259842519685 de
224.2204724409449 580.5354330708661 66.04724409448819 9.921259842519685 développer
271.2755905511811 580.5354330708661 23.52755905511811 9.921259842519685 ses

49.889763779527556 589.0393700787401 59.24409448818898 13.606299212598426 fonctions
90.99212598425197 589.0393700787401 54.70866141732284 13.606299212598426 physiques.

50.45669291338583 601.7952755905512 24.37795275590551 11.338582677165354 A
60.09448818897638 601.7952755905512 73.41732283464567 11.338582677165354 l’intérieur
118.77165354330708 601.7952755905512 29.480314960629922 11.338582677165354 de
133.51181102362204 601.7952755905512 43.93700787401575 11.338582677165354 cette
162.99212598425197 601.7952755905512 53.85826771653543 11.338582677165354 maille,
202.11023622047244 601.7952755905512 29.480314960629922 11.338582677165354 de
216.8503937007874 601.7952755905512 29.480314960629922 11.338582677165354 ce
231.59055118110237 601.7952755905512 49.039370078740156 11.338582677165354 volume
265.6062992125984 601.7952755905512 24.37795275590551 11.338582677165354 à
270.70866141732284 601.7952755905512 24.37795275590551 11.338582677165354 son

50.74015748031496 611.1496062992126 52.44094488188976 10.204724409448819 échelle,
89.85826771653544 611.1496062992126 52.44094488188976 10.204724409448819 l’enfant
129.25984251968504 611.1496062992126 47.90551181102362 10.204724409448819 grimpe,
164.1259842519685 611.1496062992126 43.653543307086615 10.204724409448819 saute,
194.74015748031496 611.1496062992126 47.90551181102362 10.204724409448819 glisse,
229.60629921259843 611.1496062992126 26.078740157480315 10.204724409448819 se
242.64566929133858 611.1496062992126 52.44094488188976 10.204724409448819 balance,
277.51181102362204 611.1496062992126 17.5748031496063 10.204724409448819 se

50.45669291338583 620.2204724409448 54.14173228346457 14.456692913385826 faufile,
90.99212598425197 620.2204724409448 45.07086614173228 14.456692913385826 rampe,
122.74015748031496 620.2204724409448 27.212598425196852 14.456692913385826 se
136.3464566929134 620.2204724409448 45.07086614173228 14.456692913385826 cache,
163.2755905511811 620.2204724409448 27.212598425196852 14.456692913385826 etc.

270.70866141732284 642.3307086614174 26.078740157480315 15.023622047244094 145
