301.03937007874015 659.0551181102362
1.1338582677165354 18.992125984251967 176.88188976377953 23.52755905511811 MANIFESTATIONS
144.56692913385828 18.992125984251967 109.41732283464567 23.52755905511811 ANNEXES

24.37795275590551 53.85826771653543 67.18110236220473 24.661417322834644 tombèrent
75.96850393700787 53.85826771653543 36.28346456692913 24.661417322834644 les
96.66141732283465 53.85826771653543 62.07874015748032 24.661417322834644 derniers
143.1496062992126 53.85826771653543 77.38582677165354 24.661417322834644 combattants
205.22834645669292 53.85826771653543 30.89763779527559 24.661417322834644 de
220.53543307086613 53.85826771653543 30.89763779527559 24.661417322834644 la
231.0236220472441 53.85826771653543 46.488188976377955 24.661417322834644 Commune

24.944881889763778 66.04724409448819 28.62992125984252 12.188976377952756 de
34.58267716535433 66.04724409448819 37.98425196850393 12.188976377952756 Paris.

24.094488188976378 77.66929133858268 43.08661417322835 18.708661417322833 Ainsi
53.00787401574803 77.66929133858268 28.62992125984252 18.708661417322833 le
67.18110236220473 77.66929133858268 67.18110236220473 18.708661417322833 dispositif
119.90551181102362 77.66929133858268 28.62992125984252 18.708661417322833 de
134.36220472440945 77.66929133858268 72.0 18.708661417322833 célébration
191.90551181102362 77.66929133858268 57.54330708661417 18.708661417322833 poétique
230.17322834645668 77.66929133858268 47.90551181102362 18.708661417322833 implanté

25.228346456692915 89.5748031496063 31.181102362204726 16.440944881889763 par
43.08661417322835 89.5748031496063 35.43307086614173 16.440944881889763 Alex
65.19685039370079 89.5748031496063 57.54330708661417 16.440944881889763 Mlynarcik
109.7007874015748 89.5748031496063 66.61417322834646 16.440944881889763 concrétise,
162.70866141732284 89.5748031496063 35.43307086614173 16.440944881889763 dans
185.10236220472441 89.5748031496063 53.29133858267716 16.440944881889763 l’espace
224.78740157480314 89.5748031496063 26.64566929133858 16.440944881889763 et
238.11023622047244 89.5748031496063 26.64566929133858 16.440944881889763 le
247.1811023622047 89.5748031496063 31.181102362204726 16.440944881889763 temps

24.37795275590551 98.36220472440945 49.60629921259842 15.874015748031496 réels,
59.24409448818898 98.36220472440945 79.37007874015748 15.874015748031496 quelques-uns
123.8740157480315 98.36220472440945 34.86614173228347 15.874015748031496 des
143.71653543307087 98.36220472440945 54.70866141732284 15.874015748031496 aspects
183.4015748031496 98.36220472440945 79.37007874015748 15.874015748031496 fondamentaux
248.03149606299212 98.36220472440945 29.763779527559056 15.874015748031496 de
257.9527559055118 98.36220472440945 19.84251968503937 15.874015748031496 la

24.37795275590551 107.43307086614173 72.56692913385827 17.5748031496063 thématique
81.35433070866142 107.43307086614173 31.181102362204726 17.5748031496063 de
96.94488188976378 107.43307086614173 56.976377952755904 17.5748031496063 Gustave
138.33070866141733 107.43307086614173 62.07874015748032 17.5748031496063 Courbet,
184.8188976377953 107.43307086614173 41.38582677165354 17.5748031496063 dont
210.61417322834646 107.43307086614173 41.38582677165354 17.5748031496063 nous
231.59055118110237 107.43307086614173 46.488188976377955 17.5748031496063 pouvons

24.661417322834644 117.07086614173228 52.44094488188976 19.275590551181104 vérifier
63.77952755905512 117.07086614173228 26.078740157480315 19.275590551181104 la
76.81889763779527 117.07086614173228 43.653543307086615 19.275590551181104 charge
107.43307086614173 117.07086614173228 69.73228346456693 19.275590551181104 idéologique,
164.40944881889763 117.07086614173228 52.44094488188976 19.275590551181104 éprouver
203.5275590551181 117.07086614173228 26.078740157480315 19.275590551181104 la
216.56692913385828 117.07086614173228 47.90551181102362 19.275590551181104 réalité
251.71653543307087 117.07086614173228 26.078740157480315 19.275590551181104 et
260.2204724409449 117.07086614173228 17.5748031496063 19.275590551181104 la

24.37795275590551 126.4251968503937 77.95275590551181 15.590551181102363 signification
88.44094488188976 126.4251968503937 27.496062992125985 15.590551181102363 au
102.33070866141732 126.4251968503937 50.45669291338583 15.590551181102363 contact
138.89763779527559 126.4251968503937 27.496062992125985 15.590551181102363 de
152.78740157480314 126.4251968503937 41.38582677165354 15.590551181102363 notre
175.748031496063 126.4251968503937 27.496062992125985 15.590551181102363 vie.

196.44094488188978 144.0 60.09448818897638 16.15748031496063 Raoul-Jean
239.5275590551181 144.0 38.83464566929134 16.15748031496063 Moulin.

23.811023622047244 171.21259842519686 37.13385826771653 17.291338582677167 Dans
46.77165354330709 171.21259842519686 27.77952755905512 17.291338582677167 le
60.661417322834644 171.21259842519686 41.669291338582674 17.291338582677167 cadre
88.44094488188976 171.21259842519686 27.77952755905512 17.291338582677167 de
97.79527559055119 171.21259842519686 92.40944881889764 17.291338582677167 Châtillon

23.52755905511811 182.83464566929135 31.181102362204726 12.472440944881889 les
41.38582677165354 182.83464566929135 22.11023622047244 12.472440944881889 3
50.173228346456696 182.83464566929135 26.64566929133858 12.472440944881889 et
63.77952755905512 182.83464566929135 22.11023622047244 12.472440944881889 4
72.56692913385827 182.83464566929135 49.039370078740156 12.472440944881889 octobre
103.74803149606299 182.83464566929135 26.64566929133858 12.472440944881889 1969

22.677165354330707 192.4724409448819 58.110236220472444 14.740157480314961 création
66.04724409448819 192.4724409448819 28.913385826771652 14.740157480314961 de
80.78740157480316 192.4724409448819 38.55118110236221 14.740157480314961 deux
104.88188976377953 192.4724409448819 77.38582677165354 14.740157480314961 compositions
162.70866141732284 192.4724409448819 53.29133858267716 14.740157480314961 musicales

22.11023622047244 203.24409448818898 29.763779527559056 11.905511811023622 de
37.13385826771653 203.24409448818898 44.78740157480315 11.905511811023622 Milan
66.89763779527559 203.24409448818898 59.811023622047244 11.905511811023622 Adamciak
111.68503937007874 203.24409448818898 29.763779527559056 11.905511811023622 et
126.70866141732283 203.24409448818898 49.889763779527556 11.905511811023622 Robert
156.4724409448819 203.24409448818898 49.889763779527556 11.905511811023622 Cyprich.

83.62204724409449 263.33858267716533 64.34645669291339 21.826771653543307 GALERIE
134.07874015748033 263.33858267716533 45.92125984251968 21.826771653543307 DANIEL
161.85826771653544 263.33858267716533 59.811023622047244 21.826771653543307 TEMPLON

59.52755905511811 283.748031496063 30.614173228346456 13.039370078740157 58,
76.81889763779527 283.748031496063 30.614173228346456 13.039370078740157 rue
94.39370078740157 283.748031496063 61.511811023622045 13.039370078740157 Bonaparte,
142.86614173228347 283.748031496063 39.40157480314961 13.039370078740157 Paris
169.22834645669292 283.748031496063 35.1496062992126 13.039370078740157 (6e)
191.0551181102362 283.748031496063 21.826771653543307 13.039370078740157 —
195.59055118110237 283.748031496063 48.188976377952756 13.039370078740157 326.89.53

67.46456692913385 296.78740157480314 67.74803149606299 11.905511811023622 Exposition
120.75590551181102 296.78740157480314 29.19685039370079 11.905511811023622 du
135.21259842519686 296.78740157480314 24.094488188976378 11.905511811023622 3
144.8503937007874 296.78740157480314 29.19685039370079 11.905511811023622 au
159.59055118110237 296.78740157480314 29.19685039370079 11.905511811023622 25
174.04724409448818 296.78740157480314 53.29133858267716 11.905511811023622 octobre
207.7795275590551 296.78740157480314 29.19685039370079 11.905511811023622 1969

37.98425196850393 308.40944881889766 65.48031496062993 16.15748031496063 Vernissage
89.29133858267717 308.40944881889766 28.062992125984252 16.15748031496063 le
103.18110236220473 308.40944881889766 56.125984251968504 16.15748031496063 vendredi
145.41732283464566 308.40944881889766 23.244094488188978 16.15748031496063 3
154.77165354330708 308.40944881889766 51.30708661417323 16.15748031496063 octobre
192.18897637795277 308.40944881889766 28.062992125984252 16.15748031496063 de
206.07874015748033 308.40944881889766 28.062992125984252 16.15748031496063 18
220.251968503937 308.40944881889766 23.244094488188978 16.15748031496063 h
229.60629921259843 308.40944881889766 23.244094488188978 16.15748031496063 à
238.96062992125985 308.40944881889766 28.062992125984252 16.15748031496063 21
248.31496062992127 308.40944881889766 13.88976377952756 16.15748031496063 h

56.976377952755904 320.59842519685037 38.55118110236221 12.472440944881889 Tous
81.07086614173228 320.59842519685037 33.732283464566926 12.472440944881889 les
100.34645669291339 320.59842519685037 48.188976377952756 12.472440944881889 jours,
134.07874015748033 320.59842519685037 38.55118110236221 12.472440944881889 sauf
158.17322834645668 320.59842519685037 57.826771653543304 12.472440944881889 dimanche
201.54330708661416 320.59842519685037 28.913385826771652 12.472440944881889 et
211.1811023622047 320.59842519685037 33.732283464566926 12.472440944881889 lundi

54.99212598425197 329.6692913385827 27.496062992125985 15.874015748031496 de
68.5984251968504 329.6692913385827 27.496062992125985 15.874015748031496 10
82.20472440944881 329.6692913385827 22.677165354330707 15.874015748031496 h
91.55905511811024 329.6692913385827 27.496062992125985 15.874015748031496 30
105.16535433070867 329.6692913385827 22.677165354330707 15.874015748031496 à
114.23622047244095 329.6692913385827 27.496062992125985 15.874015748031496 12
127.84251968503936 329.6692913385827 22.677165354330707 15.874015748031496 h
137.1968503937008 329.6692913385827 27.496062992125985 15.874015748031496 30
150.8031496062992 329.6692913385827 27.496062992125985 15.874015748031496 et
164.40944881889763 329.6692913385827 27.496062992125985 15.874015748031496 de
178.29921259842519 329.6692913385827 27.496062992125985 15.874015748031496 14
191.90551181102362 329.6692913385827 22.677165354330707 15.874015748031496 h
200.9763779527559 329.6692913385827 27.496062992125985 15.874015748031496 30
214.58267716535434 329.6692913385827 22.677165354330707 15.874015748031496 à
223.93700787401573 329.6692913385827 27.496062992125985 15.874015748031496 19
233.00787401574803 329.6692913385827 13.606299212598426 15.874015748031496 h

126.70866141732283 353.4803149606299 40.818897637795274 17.5748031496063 DUFO

19.84251968503937 366.8031496062992 36.0 18.141732283464567 Dufo
42.51968503937008 366.8031496062992 31.46456692913386 18.141732283464567 est
60.37795275590551 366.8031496062992 26.929133858267715 18.141732283464567 de
73.98425196850394 366.8031496062992 40.53543307086614 18.141732283464567 toute
100.91338582677166 366.8031496062992 54.14173228346457 18.141732283464567 évidence
141.73228346456693 366.8031496062992 26.929133858267715 18.141732283464567 le
155.0551181102362 366.8031496062992 58.67716535433071 18.141732283464567 contraire
200.40944881889763 366.8031496062992 36.0 18.141732283464567 d’un
218.26771653543307 366.8031496062992 58.67716535433071 18.141732283464567 tempérament

18.992125984251967 381.25984251968504 88.7244094488189 13.32283464566929 révolutionnaire.
94.39370078740157 381.25984251968504 35.43307086614173 13.32283464566929 Mais
116.50393700787401 381.25984251968504 30.89763779527559 13.32283464566929 son
134.36220472440945 381.25984251968504 44.22047244094488 13.32283464566929 action
165.25984251968504 381.25984251968504 30.89763779527559 13.32283464566929 est
183.11811023622047 381.25984251968504 62.07874015748032 13.32283464566929 insidieuse
231.8740157480315 381.25984251968504 26.64566929133858 13.32283464566929 et
240.66141732283464 381.25984251968504 35.43307086614173 13.32283464566929 propre

18.4251968503937 388.34645669291336 22.677165354330707 12.755905511811024 à
27.496062992125985 388.34645669291336 40.818897637795274 12.755905511811024 saper
54.70866141732284 388.34645669291336 31.748031496062993 12.755905511811024 vos
72.56692913385827 388.34645669291336 63.21259842519685 12.755905511811024 assurances
122.45669291338582 388.34645669291336 76.81889763779527 12.755905511811024 journellement
185.66929133858267 388.34645669291336 63.21259842519685 12.755905511811024 vérifiées.
235.2755905511811 388.34645669291336 31.748031496062993 12.755905511811024 Ses
248.88188976377953 388.34645669291336 27.212598425196852 12.755905511811024 cra-

18.4251968503937 399.68503937007875 42.803149606299215 11.338582677165354 vates
47.05511811023622 399.68503937007875 47.62204724409449 11.338582677165354 gaies,
80.50393700787401 399.68503937007875 57.25984251968504 11.338582677165354 exposées
123.30708661417323 399.68503937007875 23.811023622047244 11.338582677165354 à
132.9448818897638 399.68503937007875 28.62992125984252 11.338582677165354 la
147.11811023622047 399.68503937007875 57.25984251968504 11.338582677165354 Biennale
189.92125984251967 399.68503937007875 37.98425196850393 11.338582677165354 1967
213.73228346456693 399.68503937007875 23.811023622047244 11.338582677165354 —
223.37007874015748 399.68503937007875 28.62992125984252 11.338582677165354 et
237.82677165354332 399.68503937007875 33.44881889763779 11.338582677165354 qui
252.0 399.68503937007875 23.811023622047244 11.338582677165354 lui

18.141732283464567 407.62204724409446 59.52755905511811 14.173228346456693 valurent
62.645669291338585 407.62204724409446 29.763779527559056 14.173228346456693 le
77.38582677165354 407.62204724409446 39.68503937007874 14.173228346456693 Prix
102.33070866141732 407.62204724409446 34.58267716535433 14.173228346456693 des
122.1732283464567 407.62204724409446 49.60629921259842 14.173228346456693 Jeunes
156.75590551181102 407.62204724409446 59.52755905511811 14.173228346456693 Artistes
201.54330708661416 407.62204724409446 24.661417322834644 14.173228346456693 —
211.46456692913387 407.62204724409446 34.58267716535433 14.173228346456693 ont
226.20472440944883 407.62204724409446 49.60629921259842 14.173228346456693 perturbé

18.708661417322833 418.1102362204724 36.0 13.32283464566929 plus
41.38582677165354 418.1102362204724 36.0 13.32283464566929 d’un
63.77952755905512 418.1102362204724 45.07086614173228 13.32283464566929 esprit
95.5275590551181 418.1102362204724 49.60629921259842 13.32283464566929 habitué
131.5275590551181 418.1102362204724 45.07086614173228 13.32283464566929 encore
162.99212598425197 418.1102362204724 31.46456692913386 13.32283464566929 aux
181.13385826771653 418.1102362204724 63.21259842519685 13.32283464566929 obsessions
226.20472440944883 418.1102362204724 49.60629921259842 13.32283464566929 malsaines

17.5748031496063 428.59842519685037 39.68503937007874 15.023622047244094 d’un
42.51968503937008 428.59842519685037 44.78740157480315 15.023622047244094 Allen
72.28346456692914 428.59842519685037 44.78740157480315 15.023622047244094 Jones
102.04724409448819 428.59842519685037 29.763779527559056 15.023622047244094 ou
117.07086614173228 428.59842519685037 39.68503937007874 15.023622047244094 d’un
142.01574803149606 428.59842519685037 34.86614173228347 15.023622047244094 Jim
161.85826771653544 428.59842519685037 44.78740157480315 15.023622047244094 Dine,
191.6220472440945 428.59842519685037 34.86614173228347 15.023622047244094 eux
211.46456692913387 428.59842519685037 44.78740157480315 15.023622047244094 aussi
236.40944881889763 428.59842519685037 39.68503937007874 15.023622047244094 grands

17.858267716535433 436.251968503937 56.40944881889764 14.456692913385826 amateurs
60.09448818897638 436.251968503937 28.062992125984252 14.456692913385826 de
74.26771653543307 436.251968503937 32.881889763779526 14.456692913385826 cet
92.97637795275591 436.251968503937 51.59055118110236 14.456692913385826 élément
125.85826771653544 436.251968503937 75.11811023622047 14.456692913385826 vestimentaire.

17.5748031496063 445.8897637795276 27.77952755905512 15.874015748031496 Si
31.46456692913386 445.8897637795276 32.31496062992126 15.874015748031496 les
49.889763779527556 445.8897637795276 46.20472440944882 15.874015748031496 objets
81.92125984251969 445.8897637795276 27.77952755905512 15.874015748031496 de
95.81102362204724 445.8897637795276 36.8503937007874 15.874015748031496 Dufo
118.77165354330708 445.8897637795276 22.96062992125984 15.874015748031496 —
128.1259842519685 445.8897637795276 50.74015748031496 15.874015748031496 ballons
164.9763779527559 445.8897637795276 64.62992125984252 15.874015748031496 d’enfants,
215.71653543307087 445.8897637795276 59.811023622047244 15.874015748031496 tabourets
257.1023622047244 445.8897637795276 18.4251968503937 15.874015748031496 de

17.5748031496063 459.7795275590551 51.59055118110236 11.905511811023622 cuisine,
56.125984251968504 459.7795275590551 43.08661417322835 11.905511811023622 fleurs
86.1732283464567 459.7795275590551 25.79527559055118 11.905511811023622 ou
99.21259842519684 459.7795275590551 51.59055118110236 11.905511811023622 poissons
137.76377952755905 459.7795275590551 64.34645669291339 11.905511811023622 artificiels
189.35433070866142 459.7795275590551 21.543307086614174 11.905511811023622 —
197.85826771653544 459.7795275590551 34.2992125984252 11.905511811023622 sont
219.4015748031496 459.7795275590551 30.04724409448819 11.905511811023622 des
232.15748031496062 459.7795275590551 43.08661417322835 11.905511811023622 produits

17.858267716535433 467.43307086614175 72.85039370078741 12.472440944881889 standardisés,
77.95275590551181 467.43307086614175 38.55118110236221 12.472440944881889 issus
103.74803149606299 467.43307086614175 25.79527559055118 12.472440944881889 de
116.50393700787401 467.43307086614175 38.55118110236221 12.472440944881889 notre
142.29921259842519 467.43307086614175 68.5984251968504 12.472440944881889 civilisation
198.14173228346456 467.43307086614175 25.79527559055118 12.472440944881889 du
210.89763779527559 467.43307086614175 60.09448818897638 12.472440944881889 quotidien,
253.70078740157481 467.43307086614175 21.543307086614174 12.472440944881889 ils

17.5748031496063 477.3543307086614 36.0 13.039370078740157 sont
40.25196850393701 477.3543307086614 40.53543307086614 13.039370078740157 aussi
67.18110236220473 477.3543307086614 31.46456692913386 13.039370078740157 les
85.32283464566929 477.3543307086614 36.0 13.039370078740157 plus
107.71653543307086 477.3543307086614 45.07086614173228 13.039370078740157 dénués
139.46456692913387 477.3543307086614 26.929133858267715 13.039370078740157 de
152.78740157480314 477.3543307086614 36.0 13.039370078740157 tout
175.46456692913387 477.3543307086614 58.67716535433071 13.039370078740157 caractère
216.0 477.3543307086614 58.67716535433071 13.039370078740157 symbolique.

17.858267716535433 485.8582677165354 32.59842519685039 13.606299212598426 Ils
36.28346456692913 485.8582677165354 37.41732283464567 13.606299212598426 sont
59.811023622047244 485.8582677165354 37.41732283464567 13.606299212598426 dans
83.05511811023622 485.8582677165354 41.95275590551181 13.606299212598426 notre
111.11811023622047 485.8582677165354 32.59842519685039 13.606299212598426 vie
129.82677165354332 485.8582677165354 23.244094488188978 13.606299212598426 à
139.1811023622047 485.8582677165354 28.062992125984252 13.606299212598426 la
153.0708661417323 485.8582677165354 37.41732283464567 13.606299212598426 fois
176.5984251968504 485.8582677165354 56.125984251968504 13.606299212598426 présents
218.5511811023622 485.8582677165354 28.062992125984252 13.606299212598426 et
232.7244094488189 485.8582677165354 28.062992125984252 13.606299212598426 en
242.07874015748033 485.8582677165354 32.59842519685039 13.606299212598426 marge

16.724409448818896 496.9133858267717 27.212598425196852 13.039370078740157 de
30.330708661417322 496.9133858267717 31.748031496062993 13.039370078740157 nos
48.47244094488189 496.9133858267717 85.88976377952756 13.039370078740157 préoccupations.
120.75590551181102 496.9133858267717 40.818897637795274 13.039370078740157 C’est
147.96850393700788 496.9133858267717 54.425196850393704 13.039370078740157 pourtant
188.78740157480314 496.9133858267717 22.677165354330707 13.039370078740157 à
197.85826771653544 496.9133858267717 45.354330708661415 13.039370078740157 partir
229.3228346456693 496.9133858267717 40.818897637795274 13.039370078740157 d’eux
252.0 496.9133858267717 22.677165354330707 13.039370078740157 que

16.440944881889763 504.2834645669291 41.38582677165354 16.15748031496063 Dufo
42.23622047244095 504.2834645669291 67.18110236220473 16.15748031496063 développe
93.8267716535433 504.2834645669291 41.38582677165354 16.15748031496063 tout
119.90551181102362 504.2834645669291 30.89763779527559 16.15748031496063 un
135.21259842519686 504.2834645669291 56.976377952755904 16.15748031496063 langage
176.5984251968504 504.2834645669291 62.07874015748032 16.15748031496063 poétique
223.37007874015748 504.2834645669291 51.59055118110236 16.15748031496063 dégagé
254.26771653543307 504.2834645669291 20.69291338582677 16.15748031496063 de

16.15748031496063 513.9212598425197 42.23622047244095 14.173228346456693 toute
39.68503937007874 513.9212598425197 51.874015748031496 14.173228346456693 anecdote.

16.440944881889763 524.6929133858267 41.38582677165354 15.307086614173228 Dufo,
43.93700787401575 524.6929133858267 41.38582677165354 15.307086614173228 c’est
71.43307086614173 524.6929133858267 27.496062992125985 15.307086614173228 le
85.32283464566929 524.6929133858267 54.99212598425197 15.307086614173228 champion
126.70866141732283 524.6929133858267 27.496062992125985 15.307086614173228 de
140.31496062992127 524.6929133858267 73.41732283464567 15.307086614173228 l’ambiguïté,
200.1259842519685 524.6929133858267 27.496062992125985 15.307086614173228 du
209.1968503937008 524.6929133858267 64.34645669291339 15.307086614173228 faux

15.874015748031496 536.5984251968504 26.64566929133858 10.771653543307087 du
29.19685039370079 536.5984251968504 75.4015748031496 10.771653543307087 trompe-l’œil.
91.55905511811024 536.5984251968504 26.64566929133858 10.771653543307087 Sa
104.88188976377953 536.5984251968504 48.75590551181102 10.771653543307087 matière
140.31496062992127 536.5984251968504 44.503937007874015 10.771653543307087 propre
171.49606299212599 536.5984251968504 26.64566929133858 10.771653543307087 et
184.8188976377953 536.5984251968504 44.503937007874015 10.771653543307087 lisse,
215.71653543307087 536.5984251968504 31.181102362204726 10.771653543307087 ses
229.03937007874015 536.5984251968504 44.503937007874015 10.771653543307087 couleurs

15.023622047244094 545.6692913385826 59.811023622047244 12.472440944881889 tendres,
59.811023622047244 545.6692913385826 64.62992125984252 12.472440944881889 séduisent
109.7007874015748 545.6692913385826 39.68503937007874 12.472440944881889 pour
134.64566929133858 545.6692913385826 44.78740157480315 12.472440944881889 mieux
164.40944881889763 545.6692913385826 59.811023622047244 12.472440944881889 tromper.
209.1968503937008 545.6692913385826 44.78740157480315 12.472440944881889 Elles
238.96062992125985 545.6692913385826 34.86614173228347 12.472440944881889 ont
253.98425196850394 545.6692913385826 19.84251968503937 12.472440944881889 le

16.15748031496063 555.8740157480315 50.45669291338583 9.921259842519685 pouvoir
53.00787401574803 555.8740157480315 73.41732283464567 9.921259842519685 d’abandonner
112.53543307086615 555.8740157480315 27.496062992125985 9.921259842519685 le
126.4251968503937 555.8740157480315 64.34645669291339 9.921259842519685 spectateur
176.88188976377953 555.8740157480315 22.96062992125984 9.921259842519685 à
186.23622047244095 555.8740157480315 55.275590551181104 9.921259842519685 l’exacte
227.6220472440945 555.8740157480315 45.92125984251968 9.921259842519685 limite
255.11811023622047 555.8740157480315 18.4251968503937 9.921259842519685 où

15.874015748031496 564.9448818897638 27.77952755905512 10.488188976377952 la
29.763779527559056 564.9448818897638 55.275590551181104 10.488188976377952 finition
71.14960629921259 564.9448818897638 55.275590551181104 10.488188976377952 parfaite
112.53543307086615 564.9448818897638 46.20472440944882 10.488188976377952 risque
144.8503937007874 564.9448818897638 27.77952755905512 10.488188976377952 de
158.74015748031496 564.9448818897638 55.275590551181104 10.488188976377952 basculer
200.40944881889763 564.9448818897638 36.8503937007874 10.488188976377952 dans
223.37007874015748 564.9448818897638 27.77952755905512 10.488188976377952 le
232.7244094488189 564.9448818897638 41.38582677165354 10.488188976377952 mauvais

15.590551181102363 574.2992125984252 38.267716535433074 12.188976377952756 goût,
41.10236220472441 574.2992125984252 25.511811023622048 12.188976377952756 où
53.85826771653543 574.2992125984252 25.511811023622048 12.188976377952756 la
66.33070866141732 574.2992125984252 42.51968503937008 12.188976377952756 poésie
96.09448818897638 574.2992125984252 34.01574803149607 12.188976377952756 naît
117.35433070866142 574.2992125984252 25.511811023622048 12.188976377952756 de
130.11023622047244 574.2992125984252 84.75590551181102 12.188976377952756 l’insignifiance.
202.11023622047244 574.2992125984252 25.511811023622048 12.188976377952756 Il
214.86614173228347 574.2992125984252 25.511811023622048 12.188976377952756 ne
227.6220472440945 574.2992125984252 38.267716535433074 12.188976377952756 tient
248.5984251968504 574.2992125984252 25.511811023622048 12.188976377952756 qu’à

14.456692913385826 583.3700787401575 35.71653543307087 11.622047244094489 son
34.86614173228347 583.3700787401575 76.25196850393701 11.622047244094489 imagination
95.81102362204724 583.3700787401575 30.614173228346456 11.622047244094489 de
111.11811023622047 583.3700787401575 60.94488188976378 11.622047244094489 choisir,
156.75590551181102 583.3700787401575 30.614173228346456 11.622047244094489 de
172.06299212598427 583.3700787401575 45.63779527559055 11.622047244094489 jouer
202.6771653543307 583.3700787401575 30.614173228346456 11.622047244094489 ou
217.98425196850394 583.3700787401575 35.71653543307087 11.622047244094489 non
238.11023622047244 583.3700787401575 30.614173228346456 11.622047244094489 le
248.31496062992127 583.3700787401575 25.511811023622048 11.622047244094489 jeu

14.173228346456693 593.8582677165355 30.04724409448819 13.039370078740157 de
29.19685039370079 593.8582677165355 30.04724409448819 13.039370078740157 ce
44.22047244094488 593.8582677165355 39.968503937007874 13.039370078740157 naïf
69.16535433070867 593.8582677165355 34.86614173228347 13.039370078740157 des
89.29133858267717 593.8582677165355 49.889763779527556 13.039370078740157 bazars
124.15748031496064 593.8582677165355 30.04724409448819 13.039370078740157 de
139.1811023622047 593.8582677165355 64.91338582677166 13.039370078740157 banlieue,
189.0708661417323 593.8582677165355 39.968503937007874 13.039370078740157 prêt
214.01574803149606 593.8582677165355 24.944881889763778 13.039370078740157 à
224.2204724409449 593.8582677165355 30.04724409448819 13.039370078740157 se
234.14173228346456 593.8582677165355 39.968503937007874 13.039370078740157 croire

14.456692913385826 601.7952755905512 55.275590551181104 13.88976377952756 jardinier
56.976377952755904 601.7952755905512 25.511811023622048 13.88976377952756 au
69.73228346456693 601.7952755905512 38.267716535433074 13.88976377952756 rayon
95.24409448818898 601.7952755905512 29.763779527559056 13.88976377952756 des
112.25196850393701 601.7952755905512 42.51968503937008 13.88976377952756 fleurs
137.76377952755905 601.7952755905512 68.03149606299213 13.88976377952756 artificielles.

194.74015748031496 617.1023622047244 56.69291338582677 18.708661417322833 Catherine
233.85826771653544 617.1023622047244 39.40157480314961 18.708661417322833 Millet.

7.3700787401574805 639.7795275590552 27.496062992125985 15.023622047244094 182
