301.03937007874015 669.2598425196851
3.1181102362204722 22.96062992125984 66.33070866141732 19.84251968503937 FRANCE

29.480314960629922 58.960629921259844 59.24409448818898 24.094488188976378 Jiirgen
75.96850393700787 58.960629921259844 93.25984251968504 24.094488188976378 MURURATA-EHRE
156.4724409448819 58.960629921259844 25.511811023622048 24.094488188976378 né
169.22834645669292 58.960629921259844 25.511811023622048 24.094488188976378 en
181.98425196850394 58.960629921259844 34.01574803149607 24.094488188976378 1941
203.24409448818898 58.960629921259844 21.25984251968504 24.094488188976378 à
211.748031496063 58.960629921259844 42.23622047244095 24.094488188976378 Kassel
236.9763779527559 58.960629921259844 34.01574803149607 24.094488188976378 (Alle-

29.480314960629922 72.28346456692914 51.874015748031496 11.622047244094489 magne).
62.645669291338585 72.28346456692914 56.40944881889764 11.622047244094489 Sculpteur.

29.480314960629922 85.32283464566929 53.00787401574803 17.858267716535433 Félix
68.03149606299213 85.32283464566929 125.5748031496063 17.858267716535433 REBOLLEDO-HERRERA
179.1496062992126 85.32283464566929 28.913385826771652 17.858267716535433 né
193.60629921259843 85.32283464566929 28.913385826771652 17.858267716535433 en
208.06299212598427 85.32283464566929 38.55118110236221 17.858267716535433 1944
232.15748031496062 85.32283464566929 24.094488188976378 17.858267716535433 à
236.9763779527559 85.32283464566929 33.732283464566926 17.858267716535433 Piura

29.763779527559056 95.24409448818898 52.15748031496063 13.32283464566929 (Pérou).
64.34645669291339 95.24409448818898 43.653543307086615 13.32283464566929 Peintre.

30.330708661417322 107.71653543307086 62.645669291338585 22.393700787401574 Fernando
80.50393700787401 107.71653543307086 87.8740157480315 22.393700787401574 TORRES-BRAVO
155.90551181102362 107.71653543307086 25.228346456692915 22.393700787401574 né
168.3779527559055 107.71653543307086 25.228346456692915 22.393700787401574 en
180.8503937007874 107.71653543307086 33.44881889763779 22.393700787401574 1938
201.82677165354332 107.71653543307086 20.976377952755904 22.393700787401574 à
210.33070866141733 107.71653543307086 33.44881889763779 22.393700787401574 Lima
227.0551181102362 107.71653543307086 41.95275590551181 22.393700787401574 (Pérou).

25.228346456692915 119.90551181102362 43.93700787401575 11.338582677165354 Peintre.

15.307086614173228 139.1811023622047 37.98425196850393 23.244094488188978 30
40.818897637795274 139.1811023622047 46.488188976377955 23.244094488188978 L’ŒUVRE
74.55118110236221 139.1811023622047 75.96850393700787 23.244094488188978 COLLECTIVE
137.76377952755905 139.1811023622047 67.74803149606299 23.244094488188978 (réalisation
192.75590551181102 139.1811023622047 21.25984251968504 23.244094488188978 à
197.00787401574803 139.1811023622047 50.74015748031496 23.244094488188978 grandeur).

29.480314960629922 159.8740157480315 32.031496062992126 17.291338582677167 But
47.62204724409449 159.8740157480315 27.496062992125985 17.291338582677167 de
61.511811023622045 159.8740157480315 54.99212598425197 17.291338582677167 l’équipe
102.61417322834646 159.8740157480315 22.96062992125984 17.291338582677167 :
107.14960629921259 159.8740157480315 59.52755905511811 17.291338582677167 didactique.

29.480314960629922 172.06299212598427 78.23622047244095 13.606299212598426 Présentation:
89.29133858267717 172.06299212598427 41.38582677165354 13.606299212598426 voulue.

29.480314960629922 184.8188976377953 68.31496062992126 13.039370078740157 Intentions:
83.90551181102362 184.8188976377953 31.748031496062993 13.039370078740157 les
97.79527559055119 184.8188976377953 58.960629921259844 13.039370078740157 meilleures.

28.913385826771652 195.0236220472441 44.78740157480315 18.708661417322833 Raison
60.37795275590551 195.0236220472441 44.78740157480315 18.708661417322833 d’être
91.84251968503936 195.0236220472441 22.393700787401574 18.708661417322833 :
100.62992125984252 195.0236220472441 26.929133858267715 18.708661417322833 le
114.23622047244095 195.0236220472441 49.32283464566929 18.708661417322833 pouvoir
145.70078740157481 195.0236220472441 44.78740157480315 18.708661417322833 d’achat.

25.79527559055118 208.91338582677164 117.35433070866142 17.5748031496063 Conséquences:
115.65354330708661 208.91338582677164 62.07874015748032 17.5748031496063 .......

22.96062992125984 220.53543307086613 70.58267716535433 16.15748031496063 Responsable:

28.62992125984252 236.1259842519685 54.425196850393704 18.4251968503937 Manuel
70.58267716535433 236.1259842519685 62.645669291338585 18.4251968503937 ALVESS
120.75590551181102 236.1259842519685 25.228346456692915 18.4251968503937 né
133.22834645669292 236.1259842519685 25.228346456692915 18.4251968503937 en
145.70078740157481 236.1259842519685 33.44881889763779 18.4251968503937 1939
166.6771653543307 236.1259842519685 20.976377952755904 18.4251968503937 à
175.1811023622047 236.1259842519685 37.7007874015748 18.4251968503937 Viseu
195.8740157480315 236.1259842519685 54.425196850393704 18.4251968503937 (Portugal).

28.62992125984252 246.61417322834646 56.976377952755904 16.15748031496063 Directeur
67.74803149606299 246.61417322834646 56.976377952755904 16.15748031496063 artistique.

28.913385826771652 260.503937007874 53.00787401574803 20.125984251968504 Leonel
69.73228346456693 260.503937007874 28.62992125984252 20.125984251968504 DOS
85.88976377952756 260.503937007874 61.22834645669291 20.125984251968504 SANTOS
134.9291338582677 260.503937007874 24.37795275590551 20.125984251968504 né
147.11811023622047 260.503937007874 24.37795275590551 20.125984251968504 en
159.30708661417322 260.503937007874 32.59842519685039 20.125984251968504 1939
179.71653543307087 260.503937007874 20.409448818897637 20.125984251968504 à
187.93700787401573 260.503937007874 44.78740157480315 20.125984251968504 Maciera
216.56692913385828 260.503937007874 53.00787401574803 20.125984251968504 (Portugal).

23.244094488188978 271.2755905511811 41.95275590551181 12.755905511811024 Acteur.

28.062992125984252 281.4803149606299 49.039370078740156 23.811023622047244 Jose
63.77952755905512 281.4803149606299 66.89763779527559 23.811023622047244 XAVIER
117.35433070866142 281.4803149606299 26.929133858267715 23.811023622047244 né
130.96062992125985 281.4803149606299 26.929133858267715 23.811023622047244 en
144.28346456692913 281.4803149606299 35.71653543307087 23.811023622047244 1944
166.6771653543307 281.4803149606299 22.393700787401574 23.811023622047244 à
175.46456692913387 281.4803149606299 53.574803149606296 23.811023622047244 Lisbonne
211.1811023622047 281.4803149606299 58.110236220472444 23.811023622047244 (Portugal).

27.77952755905512 296.2204724409449 56.125984251968504 13.32283464566929 Cinéaste
69.73228346456693 296.2204724409449 28.062992125984252 13.32283464566929 et
79.08661417322834 296.2204724409449 51.30708661417323 13.32283464566929 musicien.

13.88976377952756 318.0472440944882 36.0 17.007874015748033 31
37.7007874015748 318.0472440944882 39.968503937007874 17.007874015748033 bPIECE
65.76377952755905 318.0472440944882 19.84251968503937 17.007874015748033 A
73.7007874015748 318.0472440944882 47.90551181102362 17.007874015748033 JEUX
109.7007874015748 318.0472440944882 51.874015748031496 17.007874015748033 (maquette
149.66929133858267 318.0472440944882 24.094488188976378 17.007874015748033 et
157.60629921259843 318.0472440944882 51.874015748031496 17.007874015748033 cyclotone).

28.062992125984252 330.23622047244095 41.10236220472441 16.15748031496063 Ecole
55.275590551181104 330.23622047244095 31.748031496062993 16.15748031496063 des
73.7007874015748 330.23622047244095 63.77952755905512 16.15748031496063 Beaux-Arts
123.59055118110236 330.23622047244095 27.212598425196852 16.15748031496063 de
132.66141732283464 330.23622047244095 36.56692913385827 16.15748031496063 Lille.

27.496062992125985 344.40944881889766 81.92125984251969 16.440944881889763 Micro-univers,
95.81102362204724 344.40944881889766 27.212598425196852 16.440944881889763 ma
109.41732283464567 344.40944881889766 41.10236220472441 16.440944881889763 pièce
136.91338582677164 344.40944881889766 22.677165354330707 16.440944881889763 à
145.98425196850394 344.40944881889766 36.56692913385827 16.440944881889763 jeux
168.66141732283464 344.40944881889766 27.212598425196852 16.440944881889763 se
182.5511811023622 344.40944881889766 54.70866141732284 16.440944881889763 présente
218.83464566929135 344.40944881889766 50.173228346456696 16.440944881889763 extérieu-

27.212598425196852 357.4488188976378 47.338582677165356 14.740157480314961 rement
60.37795275590551 357.4488188976378 42.51968503937008 14.740157480314961 comme
89.00787401574803 357.4488188976378 28.346456692913385 14.740157480314961 un
103.18110236220473 357.4488188976378 47.338582677165356 14.740157480314961 solide
136.3464566929134 357.4488188976378 42.51968503937008 14.740157480314961 capté
164.69291338582678 357.4488188976378 42.51968503937008 14.740157480314961 juste
193.03937007874015 357.4488188976378 23.811023622047244 14.740157480314961 à
202.6771653543307 357.4488188976378 28.346456692913385 14.740157480314961 sa
212.03149606299212 357.4488188976378 56.976377952755904 14.740157480314961 naissance,

26.929133858267715 367.65354330708664 28.062992125984252 14.740157480314961 au
40.818897637795274 367.65354330708664 46.77165354330709 14.740157480314961 moment
73.41732283464567 367.65354330708664 28.062992125984252 14.740157480314961 où
87.59055118110236 367.65354330708664 28.062992125984252 14.740157480314961 il
101.48031496062993 367.65354330708664 46.77165354330709 14.740157480314961 hésite
134.07874015748033 367.65354330708664 46.77165354330709 14.740157480314961 encore
166.96062992125985 367.65354330708664 32.59842519685039 14.740157480314961 sur
185.66929133858267 367.65354330708664 32.59842519685039 14.740157480314961 son
204.09448818897638 367.65354330708664 46.77165354330709 14.740157480314961 propre
232.15748031496062 367.65354330708664 37.41732283464567 14.740157480314961 avenir

26.64566929133858 375.87401574803147 48.47244094488189 15.023622047244094 formel.
62.07874015748032 375.87401574803147 39.68503937007874 15.023622047244094 C’est
88.44094488188976 375.87401574803147 39.68503937007874 15.023622047244094 qu’il
115.08661417322834 375.87401574803147 26.362204724409448 15.023622047244094 ne
128.40944881889763 375.87401574803147 44.22047244094488 15.023622047244094 s’agit
159.30708661417322 375.87401574803147 30.89763779527559 15.023622047244094 pas
176.88188976377953 375.87401574803147 57.25984251968504 15.023622047244094 d’imposer
221.10236220472441 375.87401574803147 30.89763779527559 15.023622047244094 une
234.14173228346456 375.87401574803147 35.43307086614173 15.023622047244094 archi-

26.64566929133858 385.79527559055117 47.62204724409449 13.88976377952756 tecture
61.22834645669291 385.79527559055117 34.58267716535433 13.88976377952756 mais
82.77165354330708 385.79527559055117 51.874015748031496 13.88976377952756 d’entrer
121.60629921259843 385.79527559055117 34.58267716535433 13.88976377952756 dans
143.43307086614172 385.79527559055117 73.41732283464567 13.88976377952756 l’irrationnel
203.81102362204723 385.79527559055117 56.125984251968504 13.88976377952756 fascinant
242.64566929133858 385.79527559055117 26.078740157480315 13.88976377952756 d’un

26.929133858267715 395.1496062992126 46.488188976377955 14.456692913385826 monde
57.826771653543304 395.1496062992126 92.97637795275591 14.456692913385826 psychédélique,
135.21259842519686 395.1496062992126 67.18110236220473 14.456692913385826 empêchant
186.8031496062992 395.1496062992126 30.89763779527559 14.456692913385826 du
202.11023622047244 395.1496062992126 41.38582677165354 14.456692913385826 même
227.90551181102362 395.1496062992126 41.38582677165354 14.456692913385826 coup
248.5984251968504 395.1496062992126 20.69291338582677 14.456692913385826 la

26.64566929133858 406.20472440944883 75.96850393700787 14.173228346456693 contradiction
89.29133858267717 406.20472440944883 40.25196850393701 14.173228346456693 entre
116.22047244094489 406.20472440944883 71.71653543307086 14.173228346456693 l’imaginable
174.33070866141733 406.20472440944883 26.929133858267715 14.173228346456693 et
183.4015748031496 406.20472440944883 75.96850393700787 14.173228346456693 l’inimaginable.

26.929133858267715 414.4251968503937 30.330708661417322 13.606299212598426 En
42.23622047244095 414.4251968503937 65.76377952755905 13.606299212598426 remontant
92.69291338582677 414.4251968503937 45.354330708661415 13.606299212598426 comme
123.02362204724409 414.4251968503937 35.43307086614173 13.606299212598426 aux
143.1496062992126 414.4251968503937 55.55905511811024 13.606299212598426 sources
183.4015748031496 414.4251968503937 30.330708661417322 13.606299212598426 de
198.70866141732284 414.4251968503937 30.330708661417322 13.606299212598426 la
208.62992125984252 414.4251968503937 60.661417322834644 13.606299212598426 gestation,

26.929133858267715 423.496062992126 69.73228346456693 14.456692913385826 l’obscurité
82.77165354330708 423.496062992126 37.13385826771653 14.456692913385826 d’un
106.01574803149606 423.496062992126 51.30708661417323 14.456692913385826 couloir
143.1496062992126 423.496062992126 51.30708661417323 14.456692913385826 ébranle
180.56692913385828 423.496062992126 28.062992125984252 14.456692913385826 au
194.45669291338584 423.496062992126 51.30708661417323 14.456692913385826 passage
227.0551181102362 423.496062992126 41.95275590551181 14.456692913385826 l’image

26.078740157480315 433.98425196850394 66.04724409448819 13.606299212598426 mémorisée
76.81889763779527 433.98425196850394 30.330708661417322 13.606299212598426 de
92.1259842519685 433.98425196850394 60.94488188976378 13.606299212598426 l’espace
132.66141732283464 433.98425196850394 45.63779527559055 13.606299212598426 commun.

25.79527559055118 442.20472440944883 34.86614173228347 13.32283464566929 Les
45.92125984251968 442.20472440944883 49.60629921259842 13.32283464566929 formes
80.50393700787401 442.20472440944883 84.4724409448819 13.32283464566929 accueillantes
149.95275590551182 442.20472440944883 29.763779527559056 13.32283464566929 de
164.9763779527559 442.20472440944883 34.86614173228347 13.32283464566929 mon
184.8188976377953 442.20472440944883 39.68503937007874 13.32283464566929 rêve
204.66141732283464 442.20472440944883 64.62992125984252 13.32283464566929 m’attendent

26.078740157480315 452.9763779527559 32.031496062992126 11.338582677165354 sur
44.503937007874015 452.9763779527559 27.496062992125985 11.338582677165354 le
58.110236220472444 452.9763779527559 41.38582677165354 11.338582677165354 seuil
85.60629921259843 452.9763779527559 36.56692913385827 11.338582677165354 pour
108.56692913385827 452.9763779527559 32.031496062992126 11.338582677165354 une
126.99212598425197 452.9763779527559 45.92125984251968 11.338582677165354 parade
159.0236220472441 452.9763779527559 32.031496062992126 11.338582677165354 que
177.4488188976378 452.9763779527559 32.031496062992126 11.338582677165354 des
195.59055118110237 452.9763779527559 36.56692913385827 11.338582677165354 jets
218.5511811023622 452.9763779527559 27.496062992125985 11.338582677165354 de
227.6220472440945 452.9763779527559 41.38582677165354 11.338582677165354 lumière

25.79527559055118 463.18110236220474 53.574803149606296 12.188976377952756 rendent
64.62992125984252 463.18110236220474 58.39370078740158 12.188976377952756 lyrique.
108.56692913385827 463.18110236220474 43.93700787401575 12.188976377952756 Cette
137.76377952755905 463.18110236220474 68.31496062992126 12.188976377952756 chevauchée
191.6220472440945 463.18110236220474 58.39370078740158 12.188976377952756 onirique
230.45669291338584 463.18110236220474 39.118110236220474 12.188976377952756 charge

26.362204724409448 470.8346456692913 56.125984251968504 12.472440944881889 l’espace
68.31496062992126 470.8346456692913 41.95275590551181 12.472440944881889 mille
96.37795275590551 470.8346456692913 37.41732283464567 12.472440944881889 fois
119.62204724409449 470.8346456692913 28.062992125984252 12.472440944881889 de
133.79527559055117 470.8346456692913 46.77165354330709 12.472440944881889 signes
166.39370078740157 470.8346456692913 28.062992125984252 12.472440944881889 et
180.56692913385828 470.8346456692913 28.062992125984252 12.472440944881889 de
194.45669291338584 470.8346456692913 60.661417322834644 12.472440944881889 couleurs.
236.69291338582678 470.8346456692913 32.59842519685039 12.472440944881889 C’est

25.228346456692915 481.03937007874015 44.22047244094488 12.188976377952756 tantôt
56.40944881889764 481.03937007874015 26.64566929133858 12.188976377952756 le
69.73228346456693 481.03937007874015 62.07874015748032 12.188976377952756 labyrinthe
118.48818897637796 481.03937007874015 66.33070866141732 12.188976377952756 chromatique
171.49606299212599 481.03937007874015 30.89763779527559 12.188976377952756 des
189.35433070866142 481.03937007874015 48.75590551181102 12.188976377952756 orangés
220.251968503937 481.03937007874015 48.75590551181102 12.188976377952756 brillants

25.79527559055118 490.6771653543307 43.37007874015748 11.338582677165354 filant
56.125984251968504 490.6771653543307 39.118110236220474 11.338582677165354 entre
82.20472440944881 490.6771653543307 78.23622047244095 11.338582677165354 d’harmonieuses
147.4015748031496 490.6771653543307 60.94488188976378 11.338582677165354 sinuosités
195.0236220472441 490.6771653543307 26.078740157480315 11.338582677165354 de
208.06299212598427 490.6771653543307 39.118110236220474 11.338582677165354 verts
229.88976377952756 490.6771653543307 39.118110236220474 11.338582677165354 acides,

25.228346456692915 500.31496062992125 47.05511811023622 12.472440944881889 tantôt
58.39370078740158 500.31496062992125 32.881889763779526 12.472440944881889 les
77.10236220472441 500.31496062992125 51.59055118110236 12.472440944881889 éclairs
114.80314960629921 500.31496062992125 28.346456692913385 12.472440944881889 de
128.69291338582678 500.31496062992125 56.40944881889764 12.472440944881889 chaleurs
171.21259842519686 500.31496062992125 70.58267716535433 12.472440944881889 rougeoyants
222.8031496062992 500.31496062992125 47.05511811023622 12.472440944881889 inondant

24.944881889763778 510.8031496062992 27.77952755905512 9.637795275590552 de
38.83464566929134 510.8031496062992 41.669291338582674 9.637795275590552 rosée
66.33070866141732 510.8031496062992 32.31496062992126 9.637795275590552 des
85.03937007874016 510.8031496062992 36.8503937007874 9.637795275590552 lacs
108.0 510.8031496062992 27.77952755905512 9.637795275590552 de
121.88976377952756 510.8031496062992 50.74015748031496 9.637795275590552 lumière
159.0236220472441 510.8031496062992 27.77952755905512 9.637795275590552 où
172.91338582677164 510.8031496062992 55.55905511811024 9.637795275590552 dérivent
214.29921259842519 510.8031496062992 32.31496062992126 9.637795275590552 des
228.18897637795277 510.8031496062992 41.669291338582674 9.637795275590552 pétales

25.511811023622048 519.0236220472441 48.75590551181102 10.204724409448819 d’azur.
61.22834645669291 519.0236220472441 26.64566929133858 10.204724409448819 Le
74.26771653543307 519.0236220472441 35.43307086614173 10.204724409448819 ciel
96.66141732283465 519.0236220472441 26.64566929133858 10.204724409448819 et
109.98425196850394 519.0236220472441 26.64566929133858 10.204724409448819 la
123.30708661417323 519.0236220472441 39.968503937007874 10.204724409448819 terre
149.95275590551182 519.0236220472441 66.61417322834646 10.204724409448819 s’épousent.
202.96062992125985 519.0236220472441 31.181102362204726 10.204724409448819 Les
216.28346456692913 519.0236220472441 53.29133858267716 10.204724409448819 continents

24.944881889763778 528.6614173228346 28.062992125984252 9.921259842519685 de
39.118110236220474 528.6614173228346 46.77165354330709 9.921259842519685 formes
72.0 528.6614173228346 84.4724409448819 9.921259842519685 impossiblement
142.29921259842519 528.6614173228346 60.94488188976378 9.921259842519685 nouvelles
189.35433070866142 528.6614173228346 75.11811023622047 9.921259842519685 apostrophent
245.48031496062993 528.6614173228346 23.52755905511811 9.921259842519685 mon

24.094488188976378 538.8661417322835 51.874015748031496 10.488188976377952 regard,
62.07874015748032 538.8661417322835 61.511811023622045 10.488188976377952 remontent
109.13385826771653 538.8661417322835 56.69291338582677 10.488188976377952 jusqu’au
151.6535433070866 538.8661417322835 47.338582677165356 10.488188976377952 songe.
184.8188976377953 538.8661417322835 28.346456692913385 10.488188976377952 Un
198.99212598425197 538.8661417322835 33.16535433070866 10.488188976377952 mur
217.98425196850394 538.8661417322835 28.346456692913385 10.488188976377952 me
232.15748031496062 538.8661417322835 37.7007874015748 10.488188976377952 tend
250.86614173228347 538.8661417322835 18.992125984251967 10.488188976377952 sa

24.661417322834644 546.8031496062993 49.039370078740156 11.622047244094489 lèvre,
58.960629921259844 546.8031496062993 44.22047244094488 11.622047244094489 molle
88.15748031496064 546.8031496062993 53.85826771653543 11.622047244094489 station
127.55905511811024 546.8031496062993 29.480314960629922 11.622047244094489 de
142.29921259842519 546.8031496062993 49.039370078740156 11.622047244094489 mousse
176.5984251968504 546.8031496062993 29.480314960629922 11.622047244094489 où
191.0551181102362 546.8031496062993 29.480314960629922 11.622047244094489 se
205.79527559055117 546.8031496062993 58.67716535433071 11.622047244094489 prolonge
245.1968503937008 546.8031496062993 24.37795275590551 11.622047244094489 mon

18.708661417322833 556.7244094488188 49.60629921259842 10.771653543307087 absence.

24.37795275590551 566.6456692913385 62.645669291338585 11.05511811023622 Cérémonie
72.56692913385827 566.6456692913385 57.826771653543304 11.05511811023622 secrète,
115.93700787401575 566.6456692913385 33.732283464566926 11.05511811023622 mes
135.21259842519686 566.6456692913385 48.188976377952756 11.05511811023622 doigts
168.66141732283464 566.6456692913385 72.28346456692914 11.05511811023622 rencontrent
226.48818897637796 566.6456692913385 33.732283464566926 11.05511811023622 des
240.9448818897638 566.6456692913385 28.913385826771652 11.05511811023622 jeux

24.37795275590551 575.4330708661417 67.46456692913385 14.456692913385826 dissimulés
77.38582677165354 575.4330708661417 38.55118110236221 14.456692913385826 dans
101.48031496062993 575.4330708661417 28.913385826771652 14.456692913385826 la
115.93700787401575 575.4330708661417 43.37007874015748 14.456692913385826 paroi
144.8503937007874 575.4330708661417 28.913385826771652 14.456692913385826 et
159.30708661417322 575.4330708661417 62.645669291338585 14.456692913385826 s’animent
207.49606299212599 575.4330708661417 38.55118110236221 14.456692913385826 pour
231.59055118110237 575.4330708661417 28.913385826771652 14.456692913385826 me
241.22834645669292 575.4330708661417 28.913385826771652 14.456692913385826 rap-

24.661417322834644 585.3543307086615 41.10236220472441 11.905511811023622 peler
51.874015748031496 585.3543307086615 22.677165354330707 11.905511811023622 à
61.22834645669291 585.3543307086615 27.496062992125985 11.905511811023622 ma
70.2992125984252 585.3543307086615 54.70866141732284 11.905511811023622 fantaisie.

19.275590551181104 599.5275590551181 70.58267716535433 13.039370078740157 Responsable:

24.37795275590551 612.5669291338583 68.03149606299213 11.338582677165354 Philippe
78.80314960629921 612.5669291338583 72.56692913385827 11.338582677165354 LECOURT
137.76377952755905 612.5669291338583 27.212598425196852 11.338582677165354 né
151.08661417322836 612.5669291338583 27.212598425196852 11.338582677165354 en
164.69291338582678 612.5669291338583 36.28346456692913 11.338582677165354 1947
187.37007874015748 612.5669291338583 22.677165354330707 11.338582677165354 à
191.90551181102362 612.5669291338583 77.10236220472441 11.338582677165354 Vendin

24.661417322834644 621.6377952755905 56.40944881889764 15.023622047244094 (France).
63.496062992125985 621.6377952755905 65.19685039370079 15.023622047244094 Architecture.

4.818897637795276 643.7480314960629 25.511811023622048 15.023622047244094 148
