1101 2361
785 75 278 62 <b>POLOGNE</b>

210 455 259 65 Commissaire
417 455 190 65 général
554 455 86 65 :
589 455 276 65 <b>Stanislaw
796 455 241 65 Tesseyre</b>

216 513 185 49 Recteur
351 513 101 49 de
401 513 185 49 l’Ecole
535 513 235 49 Supérieure
720 513 118 49 des
770 513 202 49 Beaux

214 557 105 45 de
249 557 158 45 Poznan.

173 681 201 51 Depuis
314 681 141 51 dix
394 681 161 51 ans,
495 681 121 51 la
556 681 242 51 Biennale
737 681 121 51 de
797 681 181 51 Paris
898 681 141 51 donne

119 724 120 55 la
179 724 300 55 possibilité
419 724 120 55 de
479 724 240 55 comparer
660 724 180 55 d’une
780 724 180 55 façon
880 724 160 55 suivie

122 760 131 59 les
197 760 300 59 réalisations
441 760 113 59 et
497 760 131 59 les
572 760 244 59 tendances
760 760 263 59 créatrices
947 760 94 59 des

120 809 255 51 nouvelles
316 809 294 51 générations
551 809 274 51 d’artistes
767 809 118 51 de
806 809 235 51 différents

123 841 173 67 pays.
238 841 173 67 Cette
353 841 192 67 année,
487 841 134 67 les
564 841 326 67 organisateurs
832 841 134 67 ont
890 841 153 67 décidé

121 884 115 60 de
178 884 231 60 répartir
352 884 308 60 l’exposition
602 884 135 60 non
679 884 154 60 plus
775 884 135 60 par
852 884 154 60 pays
929 884 115 60 mais

122 936 207 55 suivant
273 936 132 55 les
348 936 282 55 différentes
574 936 301 55 disciplines.
818 936 113 55 Un
875 936 132 55 tel
931 936 113 55 amé-

124 971 231 56 nagement
297 971 307 56 contribuera,
546 971 154 56 sans
643 971 173 56 aucun
758 971 192 56 doute,
892 971 96 56 à
912 971 134 56 mieux

125 1012 177 55 saisir
249 1012 124 55 les
320 1012 247 55 recherches
514 1012 230 55 actuelles
691 1012 88 55 à
726 1012 194 55 travers
867 1012 106 55 le
903 1012 141 55 monde.

179 1053 113 56 La
236 1053 170 56 jeune
349 1053 264 56 génération
556 1053 245 56 polonaise
744 1053 132 56 est
801 1053 245 56 représentée

123 1096 96 61 à
161 1096 116 61 la
219 1096 212 61 Sixième
373 1096 231 61 Biennale
546 1096 116 61 de
604 1096 173 61 Paris
720 1096 135 61 par
797 1096 135 61 les
854 1096 193 61 artistes

123 1139 126 55 de
186 1139 210 55 divers
333 1139 231 55 centres
501 1139 126 55 de
564 1139 189 55 notre
689 1139 189 55 pays.
815 1139 105 55 A
857 1139 168 55 côté
941 1139 105 55 des

124 1191 236 47 artistes
301 1191 118 47 de
360 1191 255 47 Varsovie,
557 1191 295 47 participent
793 1191 157 47 ceux
891 1191 118 47 de
930 1191 118 47 Cra-

124 1226 181 56 covie
244 1226 121 56 et
305 1226 121 56 de
365 1226 221 56 Poznan.
526 1226 181 56 Leurs
646 1226 221 56 travaux
787 1226 261 56 rassemblent

124 1268 154 51 une
212 1268 198 51 vaste
344 1268 198 51 gamme
476 1268 374 51 d’expériences
783 1268 132 51 et
849 1268 154 51 une
915 1268 132 51 très

127 1311 184 55 grande
256 1311 240 55 diversité
440 1311 111 55 de
496 1311 203 55 visions
643 1311 295 55 artistiques.
883 1311 111 55 En
920 1311 129 55 pein-

128 1348 157 50 ture,
232 1348 87 50 à
267 1348 157 50 l’une
372 1348 122 50 des
441 1348 261 50 extrémités,
650 1348 105 50 se
703 1348 192 50 situent
842 1348 122 50 les
894 1348 157 50 recher-

126 1387 161 56 ches
226 1387 120 56 de
286 1387 140 56 Jan
367 1387 281 56 Berdyszak.
587 1387 161 56 Dans
688 1387 140 56 ses
768 1387 221 56 toiles,
909 1387 140 56 grâce

129 1436 90 47 à
165 1436 307 47 l’application
418 1436 235 47 fréquente
598 1436 108 47 de
652 1436 271 47 découpages,
869 1436 108 47 il
905 1436 144 47 arrive

127 1480 94 46 à
165 1480 151 46 unir
259 1480 226 46 l’espace
428 1480 263 46 imaginaire
635 1480 113 46 du
692 1480 207 46 tableau
842 1480 94 46 à
861 1480 188 46 l’espace

129 1511 255 60 physique.
326 1511 98 60 A
365 1511 216 60 l’autre
522 1511 275 60 extrémité,
738 1511 118 60 on
797 1511 196 60 trouve
915 1511 137 60 Jacek

128 1555 157 53 Gaj,
227 1555 157 53 l’un
325 1555 137 53 des
403 1555 157 53 plus
501 1555 236 53 éminents
678 1555 236 53 graveurs
835 1555 216 53 polonais,

129 1608 261 46 passionné
330 1608 140 46 par
410 1608 120 46 le
470 1608 241 46 problème
651 1608 221 46 éternel
811 1608 120 46 du
871 1608 181 46 drame
972 1608 80 46 de

131 1639 300 48 l’existence
371 1639 240 48 humaine.
551 1639 180 48 Entre
672 1639 140 48 ces
752 1639 160 48 deux
852 1639 200 48 pôles,
972 1639 80 48 on

131 1678 235 58 pourrait
308 1678 196 58 placer
445 1678 216 58 l’œuvre
602 1678 294 58 sculpturale
837 1678 118 58 de
877 1678 176 58 Ryszard

130 1725 346 47 Wojciechowski,
418 1725 269 47 déterminée
629 1725 134 47 par
706 1725 134 47 une
783 1725 173 47 forte
879 1725 173 47 tension

133 1773 107 50 de
169 1773 267 50 l’expression.

185 1806 119 48 On
245 1806 237 48 retrouve
422 1806 119 48 la
482 1806 158 48 même
581 1806 217 48 variété
739 1806 277 48 thématique
936 1806 119 48 dans

136 1851 118 49 les
203 1851 185 49 travaux
321 1851 219 49 collectifs.

191 1892 144 51 Dans
281 1892 108 51 le
335 1892 198 51 domaine
480 1892 108 51 de
534 1892 325 51 l’architecture
804 1892 108 51 et
859 1892 108 51 de
895 1892 162 51 l’urba-

134 1933 193 47 nisme,
269 1933 116 47 le
326 1933 193 47 projet
461 1933 327 47 d’aménagement
731 1933 116 47 de
788 1933 116 47 la
846 1933 173 47 ville
942 1933 116 47 fin-

137 1976 221 45 landaise
302 1976 221 45 d’Espoo,
468 1976 202 45 réalisé
615 1976 129 45 par
688 1976 129 45 les
762 1976 276 45 architectes
964 1976 92 45 Jan

132 2014 338 47 Chmielewski,
406 2014 211 47 Janusz
554 2014 296 47 Kazubinski
786 2014 127 47 et
829 2014 232 47 KrZysztOf

135 2055 210 49 Kuras,
282 2055 105 49 a
324 2055 168 49 valu
429 2055 105 49 à
471 2055 147 49 ses
555 2055 231 49 auteurs
724 2055 126 49 le
787 2055 231 49 premier
934 2055 126 49 prix

134 2099 118 47 au
193 2099 236 47 Concours
371 2099 355 47 International.
666 2099 158 47 Dans
765 2099 177 47 cette
863 2099 197 47 section,

137 2145 322 46 l’architecte
398 2145 141 46 Ewa
479 2145 241 46 Galinska
660 2145 241 46 présente
841 2145 141 46 son
901 2145 161 46 projet

135 2185 353 60 d’établissement
433 2185 112 60 de
470 2185 279 60 pisciculture.

969 2268 95 50 103
