1101 2361
199 55 616 92 <b>MANIFESTATIONS
697 55 352 92 ANNEXE</b>

404 194 170 56 <b>MUSEE
517 194 199 56 GALLIERA</b>

147 249 104 76 10,
207 249 148 76 avenue
310 249 371 76 Pierre-ler-de-Serbie,
637 249 134 76 Paris
726 249 134 76 (16e)
815 249 74 76 -
830 249 163 76 727.96.85

260 295 244 58 Exposition
451 295 105 58 du
504 295 87 58 2
539 295 105 58 au
591 295 105 58 25
643 295 192 58 octobre
765 295 105 58 1969

173 325 246 71 Vernissage
366 325 105 71 le
419 325 158 71 jeudi
524 325 88 71 2
559 325 193 71 octobre
700 325 105 71 de
752 325 105 71 15
805 325 88 71 h
840 325 88 71 à
875 325 105 71 18
910 325 53 71 h

329 375 126 55 Tous
408 375 110 55 les
471 375 141 55 jours
565 375 94 55 de
612 375 94 55 13
659 375 78 55 h
690 375 78 55 à
722 375 94 55 21
753 375 47 55 h

257 407 164 59 Michel
371 407 164 59 Ragon,
486 407 164 59 Gérald
585 407 295 59 Gassiot

234 441 267 59 Jean-Jacques
451 441 184 59 Lévêque
585 441 100 59 et
635 441 234 59 Raoul-Jean
802 441 133 59 Moulin

458 500 205 46 présentent

351 572 198 59 <b>JEUNES
503 572 182 59 ARTISTES
640 572 76 59 A
655 572 167 59 PARIS</b>

124 630 103 69 La
175 630 206 69 Biennale
330 630 103 69 de
381 630 155 69 Paris
484 630 155 69 étant
588 630 309 69 principalement
828 630 206 69 consacrée,

123 674 149 51 cette
223 674 166 51 année,
339 674 116 51 aux
405 674 182 51 travaux
538 674 215 51 d’équipe,
704 674 99 51 et
753 674 99 51 la
803 674 149 51 place
886 674 149 51 offerte

124 701 83 62 à
158 701 166 62 chaque
274 701 133 62 pays
357 701 149 62 étant
456 701 133 62 fort
539 701 249 62 restreinte,
738 701 183 62 Jacques
854 701 183 62 Lassaigne

124 736 142 53 s’est
219 736 158 53 montré
329 736 189 53 soucieux
471 736 189 53 d’offrir
613 736 95 53 un
660 736 126 53 lieu
739 736 126 53 qui,
802 736 236 53 parallèlement

124 771 85 56 à
158 771 102 56 la
209 771 220 56 Biennale,
378 771 169 56 puisse
496 771 220 56 permettre
666 771 118 56 aux
733 771 203 56 artistes
886 771 102 56 de
920 771 118 56 moins

125 802 96 60 de
173 802 96 60 35
221 802 128 60 ans,
302 802 161 60 vivant
414 802 80 60 à
446 802 161 60 Paris,
558 802 209 60 d’exposer
719 802 128 60 leur
799 802 193 60 travail.
928 802 112 60 C’est

127 830 147 62 ainsi
225 830 147 62 qu’il
322 830 114 62 m’a
388 830 179 62 demandé
518 830 261 62 d’organiser,
730 830 98 62 au
779 830 147 62 Musée
861 830 179 62 Galliéra,

128 869 121 55 une
197 869 293 55 manifestation
438 869 121 55 que
507 869 155 55 j’ai,
610 869 155 55 avant
714 869 155 55 tout,
817 869 172 55 conçue
920 869 121 55 comme

130 912 111 44 une
193 912 221 44 exposition
351 912 253 44 d’information.

131 928 179 65 Partant
261 928 98 65 de
310 928 98 65 ce
359 928 212 65 principe,
521 928 179 65 j’avais
651 928 179 65 demandé
782 928 81 65 à
814 928 114 65 des
863 928 179 65 critiques

132 973 152 52 d’art,
238 973 91 52 de
284 973 197 52 tendances
435 973 106 52 les
496 973 121 52 plus
572 973 197 52 opposées,
723 973 91 52 de
769 973 137 52 faire
860 973 121 52 leur
921 973 121 52 choix.

133 1002 205 54 Certains,
291 1002 110 54 qui
354 1002 220 54 récusaient
527 1002 94 54 ce
574 1002 205 54 caractère
731 1002 268 54 d’information
936 1002 110 54 donné

133 1042 81 49 à
165 1042 260 49 l’exposition
377 1042 98 49 et
426 1042 114 49 lui
491 1042 179 49 eussent
621 1042 179 49 préféré
751 1042 98 49 un
800 1042 130 49 rôle
865 1042 179 49 manifeste

134 1076 98 49 en
183 1076 163 49 faveur
296 1076 98 49 de
345 1076 146 49 telle
443 1076 98 49 ou
492 1076 146 49 telle
589 1076 212 49 tendance,
752 1076 98 49 se
801 1076 130 49 sont
866 1076 179 49 désistés.

133 1103 166 55 Gérald
250 1103 333 55 Gassiot-Talabot,
532 1103 266 55 Jean-Jacques
749 1103 183 55 Lévêque
882 1103 100 55 et
915 1103 133 55 Raoul-

133 1138 136 57 Jean
218 1138 170 57 Moulin
337 1138 119 57 ont
404 1138 136 57 bien
489 1138 153 57 voulu
591 1138 204 57 procéder
744 1138 136 57 avec
828 1138 119 57 moi
896 1138 102 57 au
930 1138 119 57 choix

132 1172 119 50 des
200 1172 221 50 artistes,
370 1172 85 50 à
403 1172 254 50 l’exception
607 1172 102 50 de
658 1172 102 50 la
709 1172 153 50 salle
811 1172 204 50 anonyme,
946 1172 102 50 dite

139 1205 200 53 l’Atelier
293 1205 92 53 du
339 1205 231 53 Spectateur,
524 1205 123 53 dont
601 1205 123 53 j’ai
678 1205 154 53 confié
786 1205 92 53 la
832 1205 231 53 réalisation
1002 1205 46 53 à

138 1253 147 44 Frank
219 1253 147 44 Popper.

136 1271 169 51 Toutes
255 1271 119 51 les
322 1271 169 51 salles
441 1271 102 51 se
492 1271 254 51 complètent,
695 1271 186 51 surtout
814 1271 237 51 lorsqu’elles

140 1313 228 48 paraissent
319 1313 211 48 s’opposer
481 1313 98 48 ou
530 1313 98 48 se
579 1313 244 48 contredire.
774 1313 98 48 De
806 1313 244 48 l’abstraction

143 1339 167 50 lyrique
264 1339 152 50 (rare)
370 1339 106 50 aux
431 1339 152 50 formes
537 1339 212 50 primaires,
703 1339 91 50 du
749 1339 167 50 tableau
870 1339 91 50 de
900 1339 152 50 chevalet

140 1371 82 51 à
172 1371 147 51 l’art
270 1371 179 51 pauvre,
401 1371 98 51 du
450 1371 212 51 manifeste
613 1371 82 51 à
645 1371 98 51 la
694 1371 228 51 réflexion,
874 1371 98 51 de
923 1371 147 51 l’art
1004 1371 49 51 à

145 1404 216 57 l’anti-art,
317 1404 86 57 de
361 1404 158 57 l’objet
476 1404 86 57 au
519 1404 202 57 non-objet,
678 1404 130 57 cette
764 1404 202 57 exposition
908 1404 144 57 présente

142 1438 105 52 un
195 1438 246 52 microcosme
388 1438 105 52 de
441 1438 140 52 tout
529 1438 105 52 ce
581 1438 123 52 qui
651 1438 140 52 boût
739 1438 281 52 actuellement
950 1438 105 52 dans

144 1484 97 42 la
192 1484 162 42 popote
306 1484 113 42 des
370 1484 162 42 jeunes
467 1484 162 42 classes.

144 1508 235 52 Devons-nous
333 1508 173 52 ajouter
458 1508 125 52 que,
536 1508 157 52 voyant
646 1508 110 52 les
709 1508 251 52 hésitations,
913 1508 125 52 puis
976 1508 78 52 les

140 1541 233 48 dérobades
320 1541 144 48 d’un
409 1541 198 48 certain
553 1541 180 48 nombre
679 1541 108 48 de
733 1541 126 48 nos
805 1541 233 48 confrères
966 1541 90 48 que

141 1576 174 57 j’avais
268 1576 174 57 conviés
394 1576 79 57 à
425 1576 189 57 procéder
568 1576 79 57 à
599 1576 95 57 ce
646 1576 142 57 choix
741 1576 126 57 pour
820 1576 205 57 Galliéra,
962 1576 95 57 nous

143 1608 133 49 nous
226 1608 166 49 sommes
343 1608 150 49 posés
442 1608 100 49 la
492 1608 199 49 question
642 1608 100 49 de
692 1608 216 49 l’utilité
858 1608 150 49 d’une
941 1608 116 49 telle

145 1639 217 50 exposition
315 1639 124 50 dans
393 1639 109 50 les
455 1639 264 50 circonstances
672 1639 217 50 présentes.
842 1639 93 50 Il
889 1639 78 50 y
920 1639 78 50 a
935 1639 124 50 d’ail-

146 1680 146 43 leurs
243 1680 146 43 belle
341 1680 179 43 lurette
471 1680 114 43 que
536 1680 130 43 nous
618 1680 130 43 nous
699 1680 260 43 interrogeons
911 1680 114 43 (et
959 1680 98 43 nous

143 1707 153 55 avons
245 1707 136 55 posé
330 1707 271 55 publiquement
550 1707 102 55 la
601 1707 221 55 question)
771 1707 119 55 sur
838 1707 102 55 la
872 1707 187 55 nécessité

144 1739 183 46 sociale
278 1739 117 46 des
344 1739 233 46 Biennales,
528 1739 117 46 des
594 1739 183 46 Salons,
728 1739 117 46 des
794 1739 217 46 galeries,
944 1739 117 46 voire

147 1775 152 45 même,
248 1775 101 45 et
299 1775 203 45 surtout,
451 1775 118 45 des
519 1775 220 45 peintres,
687 1775 118 45 des
755 1775 236 45 sculpteurs
941 1775 101 45 et
975 1775 84 45 des

148 1813 202 44 critiques
303 1813 155 44 d’art.
411 1813 124 44 Mais
489 1813 171 44 puisque
613 1813 217 44 l’occasion
783 1813 124 44 nous
861 1813 140 44 était
938 1813 124 44 donnée

147 1836 96 46 de
195 1836 176 46 pouvoir
323 1836 160 46 offrir
435 1836 112 46 une
499 1836 144 46 salle
595 1836 112 46 aux
660 1836 160 46 jeunes
772 1836 192 46 artistes
916 1836 160 46 vivant
1012 1836 48 46 à

148 1881 173 37 Paris,
269 1881 138 37 nous
355 1881 190 37 n’avons
493 1881 121 37 pas
562 1881 155 37 voulu
665 1881 121 37 les
734 1881 173 37 priver
838 1881 224 37 nous

148 1913 328 36 arbitrairement,
424 1913 155 36 d’une
527 1913 190 36 «chance
665 1913 104 36 :.
717 1913 138 36 Nous
803 1913 121 36 les
872 1913 155 36 avons
959 1913 104 36 donc

152 1937 217 46 interrogés
322 1937 108 46 sur
384 1937 139 46 leurs
477 1937 232 46 intentions.
662 1937 108 46 Non
724 1937 201 46 seulement
879 1937 108 46 ils
926 1937 139 46 souhai-

151 1978 163 42 taient
265 1978 179 42 exposer
395 1978 81 42 à
427 1978 211 42 Galliéra,
590 1978 130 42 mais
671 1978 98 42 il
720 1978 114 42 est
785 1978 130 42 très
866 1978 130 42 vite
931 1978 130 42 apparu

150 2011 119 35 que
218 2011 119 35 les
286 2011 237 35 dimensions
472 2011 102 35 du
523 2011 152 35 Musée
624 2011 186 35 étaient
760 2011 136 35 trop
845 2011 186 35 exiguës
963 2011 102 35 pour

151 2040 195 39 contenir
297 2040 130 39 tous
379 2040 114 39 les
444 2040 195 39 produits
591 2040 244 39 esthétiques
786 2040 98 39 ou
819 2040 244 39 anesthétiques

152 2074 114 43 qui
217 2074 130 43 nous
298 2074 179 43 étaient
428 2074 212 43 proposés.
591 2074 146 43 Cette
689 2074 228 43 exposition
868 2074 114 43 est
933 2074 130 43 donc
998 2074 65 43 le

153 2106 182 40 résultat
289 2106 121 40 d’un
365 2106 137 40 choix
456 2106 212 40 restreint,
623 2106 121 40 trop
699 2106 212 40 restrictif
866 2106 76 40 à
896 2106 137 40 notre
972 2106 91 40 gré.

153 2137 128 42 Mais
233 2137 96 42 il
281 2137 96 42 ne
329 2137 128 42 nous
409 2137 224 42 appartient
585 2137 112 42 pas
649 2137 96 42 de
697 2137 176 42 décider
825 2137 96 42 de
857 2137 208 42 l’agrandis-

151 2171 166 49 sement
268 2171 116 49 des
334 2171 216 49 bâtiments
500 2171 232 49 municipaux
682 2171 100 49 ou
732 2171 232 49 nationaux.
915 2171 100 49 La
948 2171 116 49 seule

970 2248 95 52 175
