308.6929133858268 676.0629921259842
184.53543307086613 14.456692913385826 102.89763779527559 23.244094488188978 BELGIQUE

41.38582677165354 126.14173228346456 74.83464566929133 23.244094488188978 Commissaire
101.19685039370079 126.14173228346456 54.70866141732284 23.244094488188978 général
141.16535433070865 126.14173228346456 24.944881889763778 23.244094488188978 :
151.08661417322836 126.14173228346456 69.73228346456693 23.244094488188978 Francis
205.79527559055117 126.14173228346456 29.763779527559056 23.244094488188978 De
216.0 126.14173228346456 54.70866141732284 23.244094488188978 Lulle

41.38582677165354 142.86614173228347 41.669291338582674 18.992125984251967 Chef
67.18110236220473 142.86614173228347 31.181102362204726 18.992125984251967 du
83.05511811023622 142.86614173228347 57.25984251968504 18.992125984251967 Service
124.7244094488189 142.86614173228347 31.181102362204726 18.992125984251967 de
140.31496062992127 142.86614173228347 72.85039370078741 18.992125984251967 Propagande
197.5748031496063 142.86614173228347 72.85039370078741 18.992125984251967 Artistique
249.73228346456693 142.86614173228347 20.69291338582677 18.992125984251967 au

42.51968503937008 153.0708661417323 62.645669291338585 18.992125984251967 Ministère
90.70866141732283 153.0708661417323 28.913385826771652 18.992125984251967 de
105.16535433070867 153.0708661417323 28.913385826771652 18.992125984251967 la
119.62204724409449 153.0708661417323 53.00787401574803 18.992125984251967 Culture
158.17322834645668 153.0708661417323 24.094488188976378 18.992125984251967 à
162.99212598425197 153.0708661417323 57.826771653543304 18.992125984251967 Bruxelles.

30.89763779527559 183.68503937007873 49.32283464566929 21.25984251968504 Trois
63.77952755905512 183.68503937007873 54.70866141732284 21.25984251968504 jeunes
102.04724409448819 183.68503937007873 65.76377952755905 21.25984251968504 artistes
151.37007874015748 183.68503937007873 32.881889763779526 21.25984251968504 de
167.81102362204723 183.68503937007873 43.93700787401575 21.25984251968504 Gand
195.30708661417322 183.68503937007873 32.881889763779526 21.25984251968504 se
211.748031496063 183.68503937007873 43.93700787401575 21.25984251968504 sont
233.85826771653544 183.68503937007873 38.267716535433074 21.25984251968504 asso-

16.724409448818896 194.74015748031496 41.669291338582674 22.677165354330707 ciés
42.803149606299215 194.74015748031496 41.669291338582674 22.677165354330707 pour
68.88188976377953 194.74015748031496 62.645669291338585 22.677165354330707 réaliser
115.65354330708661 194.74015748031496 31.181102362204726 22.677165354330707 un
131.24409448818898 194.74015748031496 57.25984251968504 22.677165354330707 travail
172.91338582677164 194.74015748031496 73.13385826771653 22.677165354330707 collectif,
230.45669291338584 194.74015748031496 41.669291338582674 22.677165354330707 mais
251.1496062992126 194.74015748031496 20.976377952755904 22.677165354330707 où

17.5748031496063 206.64566929133858 61.22834645669291 21.25984251968504 apparaît
63.496062992125985 206.64566929133858 66.61417322834646 21.25984251968504 néanmoins
114.80314960629921 206.64566929133858 71.71653543307086 21.25984251968504 clairement
170.9291338582677 206.64566929133858 45.92125984251968 21.25984251968504 toute
196.44094488188978 206.64566929133858 76.81889763779527 21.25984251968504 l’originalité

17.5748031496063 223.6535433070866 30.330708661417322 16.724409448818896 de
32.881889763779526 223.6535433070866 40.25196850393701 16.724409448818896 leur
58.110236220472444 223.6535433070866 50.45669291338583 16.724409448818896 apport
88.44094488188976 223.6535433070866 65.76377952755905 16.724409448818896 individuel.

31.748031496062993 231.30708661417322 41.38582677165354 19.275590551181104 Van
55.275590551181104 231.30708661417322 41.38582677165354 19.275590551181104 Den
79.08661417322834 231.30708661417322 64.91338582677166 19.275590551181104 Abbeel,
126.14173228346456 231.30708661417322 70.86614173228347 19.275590551181104 Plompen,
179.1496062992126 231.30708661417322 41.38582677165354 19.275590551181104 Van
202.6771653543307 231.30708661417322 53.00787401574803 19.275590551181104 Snick
238.11023622047244 231.30708661417322 35.43307086614173 19.275590551181104 et
250.01574803149606 231.30708661417322 23.52755905511811 19.275590551181104 le

18.141732283464567 244.62992125984252 65.48031496062993 18.708661417322833 cinéaste
67.18110236220473 244.62992125984252 70.86614173228347 18.708661417322833 Liefooghe
121.88976377952756 244.62992125984252 27.212598425196852 18.708661417322833 —
132.66141732283464 244.62992125984252 38.267716535433074 18.708661417322833 qui
154.48818897637796 244.62992125984252 60.09448818897638 18.708661417322833 réalisa
198.14173228346456 244.62992125984252 32.881889763779526 18.708661417322833 un
214.58267716535434 244.62992125984252 43.653543307086615 18.708661417322833 film
236.40944881889763 244.62992125984252 38.267716535433074 18.708661417322833 expé-

18.992125984251967 253.98425196850394 63.77952755905512 22.96062992125984 rimental
66.89763779527559 253.98425196850394 37.41732283464567 22.96062992125984 sur
88.15748031496064 253.98425196850394 47.90551181102362 22.96062992125984 cette
120.18897637795276 253.98425196850394 74.55118110236221 22.96062992125984 entreprise
178.86614173228347 253.98425196850394 74.55118110236221 22.96062992125984 collective
237.25984251968504 253.98425196850394 26.64566929133858 22.96062992125984 —
242.64566929133858 253.98425196850394 32.031496062992126 22.96062992125984 font

18.992125984251967 267.3070866141732 54.425196850393704 21.826771653543307 partie
56.976377952755904 267.3070866141732 32.59842519685039 21.826771653543307 de
73.41732283464567 267.3070866141732 49.039370078740156 21.826771653543307 cette
106.01574803149606 267.3070866141732 81.63779527559055 21.826771653543307 remarquable
171.49606299212599 267.3070866141732 49.039370078740156 21.826771653543307 Ecole
204.09448818897638 267.3070866141732 65.48031496062993 21.826771653543307 gantoise
247.748031496063 267.3070866141732 27.212598425196852 21.826771653543307 qui

19.559055118110237 280.06299212598424 52.15748031496063 18.4251968503937 depuis
55.84251968503937 280.06299212598424 52.15748031496063 18.4251968503937 longue
92.40944881889764 280.06299212598424 41.669291338582674 18.4251968503937 date
118.48818897637796 280.06299212598424 62.645669291338585 18.4251968503937 témoigne
165.54330708661416 280.06299212598424 31.181102362204726 18.4251968503937 de
181.13385826771653 280.06299212598424 31.181102362204726 18.4251968503937 la
196.7244094488189 280.06299212598424 62.645669291338585 18.4251968503937 vitalité
243.7795275590551 280.06299212598424 31.181102362204726 18.4251968503937 et
253.98425196850394 280.06299212598424 20.976377952755904 18.4251968503937 du

19.559055118110237 294.8031496062992 70.58267716535433 15.590551181102363 dynamisme
73.7007874015748 294.8031496062992 32.59842519685039 15.590551181102363 de
89.85826771653544 294.8031496062992 48.75590551181102 15.590551181102363 l’art
117.07086614173228 294.8031496062992 43.37007874015748 15.590551181102363 belge.

34.86614173228347 304.4409448818898 40.25196850393701 17.858267716535433 Sur
57.826771653543304 304.4409448818898 34.58267716535433 17.858267716535433 le
75.11811023622047 304.4409448818898 45.92125984251968 17.858267716535433 plan
103.74803149606299 304.4409448818898 86.1732283464567 17.858267716535433 individuel,
172.62992125984252 304.4409448818898 34.58267716535433 17.858267716535433 le
189.92125984251967 304.4409448818898 63.21259842519685 17.858267716535433 peintre
230.17322834645668 304.4409448818898 45.92125984251968 17.858267716535433 Roquet

20.69291338582677 316.34645669291336 54.425196850393704 19.84251968503937 montre
58.67716535433071 316.34645669291336 37.98425196850393 19.84251968503937 des
80.50393700787401 316.34645669291336 54.425196850393704 19.84251968503937 œuvres
118.48818897637796 316.34645669291336 37.98425196850393 19.84251968503937 qui
140.31496062992127 316.34645669291336 70.58267716535433 19.84251968503937 reflètent
194.45669291338584 316.34645669291336 32.59842519685039 19.84251968503937 un
205.51181102362204 316.34645669291336 70.58267716535433 19.84251968503937 surréalisme

20.976377952755904 329.1023622047244 62.645669291338585 16.440944881889763 onirique
68.03149606299213 329.1023622047244 31.46456692913386 16.440944881889763 et
83.62204724409449 329.1023622047244 78.51968503937007 16.440944881889763 biologique.
146.26771653543307 329.1023622047244 31.46456692913386 16.440944881889763 Le
161.85826771653544 329.1023622047244 68.03149606299213 16.440944881889763 sculpteur
214.29921259842519 329.1023622047244 52.15748031496063 16.440944881889763 Souply
245.48031496062993 329.1023622047244 31.46456692913386 16.440944881889763 tra-

20.976377952755904 342.1417322834646 53.29133858267716 17.291338582677167 vaille
58.39370078740158 342.1417322834646 32.031496062992126 17.291338582677167 le
74.26771653543307 342.1417322834646 47.90551181102362 17.291338582677167 métal
106.01574803149606 342.1417322834646 42.51968503937008 17.291338582677167 dans
132.66141732283464 342.1417322834646 32.031496062992126 17.291338582677167 un
148.8188976377953 342.1417322834646 53.29133858267716 17.291338582677167 esprit
180.56692913385828 342.1417322834646 95.81102362204724 17.291338582677167 constructiviste,

21.543307086614174 354.8976377952756 69.16535433070867 14.173228346456693 cependant
74.83464566929133 354.8976377952756 37.41732283464567 14.173228346456693 que
96.09448818897638 354.8976377952756 32.031496062992126 14.173228346456693 le
112.25196850393701 354.8976377952756 58.67716535433071 14.173228346456693 graveur
154.77165354330708 354.8976377952756 32.031496062992126 14.173228346456693 De
170.64566929133858 354.8976377952756 47.90551181102362 14.173228346456693 Guide
202.6771653543307 354.8976377952756 26.64566929133858 14.173228346456693 a
213.4488188976378 354.8976377952756 42.51968503937008 14.173228346456693 déjà
234.70866141732284 354.8976377952756 42.51968503937008 14.173228346456693 démon-

21.25984251968504 366.23622047244095 37.98425196850393 15.590551181102363 tré
43.08661417322835 366.23622047244095 43.37007874015748 15.590551181102363 dans
70.01574803149606 366.23622047244095 37.98425196850393 15.590551181102363 les
91.84251968503936 366.23622047244095 97.79527559055119 15.590551181102363 confrontations
173.48031496062993 366.23622047244095 103.18110236220473 15.590551181102363 internationales
254.83464566929135 366.23622047244095 21.826771653543307 15.590551181102363 la

22.96062992125984 380.12598425196853 60.661417322834644 16.15748031496063 maturité
68.5984251968504 380.12598425196853 30.330708661417322 16.15748031496063 de
83.90551181102362 380.12598425196853 35.43307086614173 16.15748031496063 son
98.92913385826772 380.12598425196853 45.63779527559055 16.15748031496063 talent.

179.1496062992126 387.7795275590551 60.09448818897638 16.440944881889763 Francis
222.8031496062992 387.7795275590551 32.881889763779526 16.440944881889763 De
233.85826771653544 387.7795275590551 43.653543307086615 16.440944881889763 Lulle.

109.41732283464567 422.92913385826773 70.2992125984252 17.007874015748033 PEINTURE

37.7007874015748 441.07086614173227 58.960629921259844 16.15748031496063 Maurice
83.90551181102362 441.07086614173227 63.21259842519685 16.15748031496063 ROQUET
134.64566929133858 441.07086614173227 25.228346456692915 16.15748031496063 né
147.11811023622047 441.07086614173227 25.228346456692915 16.15748031496063 en
159.8740157480315 441.07086614173227 33.732283464566926 16.15748031496063 1938
180.8503937007874 441.07086614173227 20.976377952755904 16.15748031496063 à
189.35433070866142 441.07086614173227 37.98425196850393 16.15748031496063 Liège
210.33070866141733 441.07086614173227 54.70866141732284 16.15748031496063 (Belgique).

30.04724409448819 456.09448818897636 86.1732283464567 12.755905511811024 1Triptyque
103.74803149606299 456.09448818897636 28.62992125984252 12.755905511811024 XI,
120.18897637795276 456.09448818897636 32.881889763779526 12.755905511811024 1968
140.5984251968504 456.09448818897636 53.29133858267716 12.755905511811024 (pigments
181.70078740157481 456.09448818897636 28.62992125984252 12.755905511811024 sur
198.14173228346456 456.09448818897636 45.07086614173228 12.755905511811024 carton,
230.74015748031496 456.09448818897636 28.62992125984252 12.755905511811024 102
247.1811023622047 456.09448818897636 20.409448818897637 12.755905511811024 x
251.43307086614172 456.09448818897636 28.62992125984252 12.755905511811024 219).

30.330708661417322 467.43307086614175 47.62204724409449 11.905511811023622 2
66.04724409448819 467.43307086614175 59.52755905511811 11.905511811023622 Composition
113.66929133858268 467.43307086614175 27.77952755905512 11.905511811023622 VI,
129.54330708661416 467.43307086614175 31.748031496062993 11.905511811023622 1969
149.38582677165354 467.43307086614175 51.59055118110236 11.905511811023622 (pigments
189.0708661417323 467.43307086614175 27.77952755905512 11.905511811023622 sur
204.9448818897638 467.43307086614175 43.653543307086615 11.905511811023622 carton,
236.69291338582678 467.43307086614175 23.811023622047244 11.905511811023622 73
248.5984251968504 467.43307086614175 19.84251968503937 11.905511811023622 x
252.56692913385828 467.43307086614175 27.77952755905512 11.905511811023622 100).

30.89763779527559 476.78740157480314 46.77165354330709 13.039370078740157 3
66.04724409448819 476.78740157480314 58.39370078740158 13.039370078740157 Composition
112.81889763779527 476.78740157480314 31.181102362204726 13.039370078740157 VII,
132.3779527559055 476.78740157480314 31.181102362204726 13.039370078740157 1969
151.93700787401573 476.78740157480314 50.74015748031496 13.039370078740157 (pigments
190.77165354330708 476.78740157480314 27.212598425196852 13.039370078740157 sur
206.64566929133858 476.78740157480314 42.803149606299215 13.039370078740157 carton,
237.82677165354332 476.78740157480314 23.52755905511811 13.039370078740157 73
249.4488188976378 476.78740157480314 19.559055118110237 13.039370078740157 x
253.41732283464566 476.78740157480314 27.212598425196852 13.039370078740157 100).

105.73228346456693 499.46456692913387 80.50393700787401 20.125984251968504 SCULPTURE

40.53543307086614 521.5748031496063 47.05511811023622 12.755905511811024 Emile
75.68503937007874 521.5748031496063 58.67716535433071 12.755905511811024 SOUPLY
122.74015748031496 521.5748031496063 23.52755905511811 12.755905511811024 né
134.36220472440945 521.5748031496063 23.52755905511811 12.755905511811024 en
146.26771653543307 521.5748031496063 31.181102362204726 12.755905511811024 1935
165.82677165354332 521.5748031496063 19.559055118110237 12.755905511811024 à
173.48031496062993 521.5748031496063 50.74015748031496 12.755905511811024 Charleroi
208.91338582677164 521.5748031496063 50.74015748031496 12.755905511811024 (Belgique).

32.31496062992126 534.0472440944882 54.99212598425197 10.771653543307087 4N°
75.4015748031496 534.0472440944882 27.496062992125985 10.771653543307087 31,
91.2755905511811 534.0472440944882 31.46456692913386 10.771653543307087 1966
110.83464566929133 534.0472440944882 43.08661417322835 10.771653543307087 (acier,
142.29921259842519 534.0472440944882 27.496062992125985 10.771653543307087 177
157.88976377952756 534.0472440944882 19.559055118110237 10.771653543307087 x
165.82677165354332 534.0472440944882 27.496062992125985 10.771653543307087 145
181.41732283464566 534.0472440944882 19.559055118110237 10.771653543307087 x
185.38582677165354 534.0472440944882 27.496062992125985 10.771653543307087 162).

32.881889763779526 544.2519685039371 54.99212598425197 12.188976377952756 5N°
75.96850393700787 544.2519685039371 27.496062992125985 12.188976377952756 38,
91.84251968503936 544.2519685039371 31.46456692913386 12.188976377952756 1969
111.4015748031496 544.2519685039371 43.08661417322835 12.188976377952756 (acier,
142.58267716535434 544.2519685039371 27.496062992125985 12.188976377952756 230
158.17322834645668 544.2519685039371 19.559055118110237 12.188976377952756 x
166.11023622047244 544.2519685039371 27.496062992125985 12.188976377952756 250
181.70078740157481 544.2519685039371 19.559055118110237 12.188976377952756 x
185.66929133858267 544.2519685039371 27.496062992125985 12.188976377952756 380).

33.732283464566926 553.8897637795276 54.70866141732284 12.472440944881889 6N°
76.81889763779527 553.8897637795276 27.212598425196852 12.472440944881889 39,
92.40944881889764 553.8897637795276 31.181102362204726 12.472440944881889 1969
111.96850393700787 553.8897637795276 43.08661417322835 12.472440944881889 (acier,
143.1496062992126 553.8897637795276 27.212598425196852 12.472440944881889 200
158.74015748031496 553.8897637795276 19.559055118110237 12.472440944881889 x
166.6771653543307 553.8897637795276 27.212598425196852 12.472440944881889 200
182.26771653543307 553.8897637795276 19.559055118110237 12.472440944881889 x
186.23622047244095 553.8897637795276 27.212598425196852 12.472440944881889 200).

114.23622047244095 575.4330708661417 67.74803149606299 16.15748031496063 GRAVURE

42.803149606299215 593.5748031496063 56.40944881889764 13.88976377952756 Frédéric
87.02362204724409 593.5748031496063 24.094488188976378 13.88976377952756 DE
99.21259842519684 593.5748031496063 56.40944881889764 13.88976377952756 GUIDE
143.43307086614172 593.5748031496063 24.094488188976378 13.88976377952756 né
155.6220472440945 593.5748031496063 24.094488188976378 13.88976377952756 en
167.81102362204723 593.5748031496063 32.31496062992126 13.88976377952756 1940
187.93700787401573 593.5748031496063 20.125984251968504 13.88976377952756 à
195.8740157480315 593.5748031496063 52.44094488188976 13.88976377952756 Etterbeek
232.15748031496062 593.5748031496063 52.44094488188976 13.88976377952756 (Belgique).

35.1496062992126 609.7322834645669 42.803149606299215 13.32283464566929 7
66.33070866141732 609.7322834645669 66.04724409448819 13.32283464566929 Métamorphose,
120.4724409448819 609.7322834645669 31.181102362204726 13.32283464566929 1969
140.03149606299212 609.7322834645669 58.110236220472444 13.32283464566929 (eau-forte,
186.51968503937007 609.7322834645669 23.244094488188978 13.32283464566929 75
198.14173228346456 609.7322834645669 19.275590551181104 13.32283464566929 x
202.11023622047244 609.7322834645669 23.244094488188978 13.32283464566929 52).

35.71653543307087 619.0866141732283 43.93700787401575 12.472440944881889 8
68.5984251968504 619.0866141732283 21.826771653543307 12.472440944881889 Le
79.65354330708661 619.0866141732283 40.25196850393701 12.472440944881889 mirage,
108.85039370078741 619.0866141732283 29.19685039370079 12.472440944881889 1969
127.2755905511811 619.0866141732283 54.99212598425197 12.472440944881889 (eau-forte,
171.21259842519686 619.0866141732283 21.826771653543307 12.472440944881889 75
182.26771653543307 619.0866141732283 18.4251968503937 12.472440944881889 x
185.95275590551182 619.0866141732283 21.826771653543307 12.472440944881889 52).

35.43307086614173 628.7244094488188 47.90551181102362 17.007874015748033 9
71.43307086614173 628.7244094488188 36.0 17.007874015748033 Monde
95.24409448818898 628.7244094488188 47.90551181102362 17.007874015748033 inconnu,
131.24409448818898 628.7244094488188 32.031496062992126 17.007874015748033 1969
151.37007874015748 628.7244094488188 60.09448818897638 17.007874015748033 (eau-forte,
199.2755905511811 628.7244094488188 24.094488188976378 17.007874015748033 45
211.1811023622047 628.7244094488188 20.125984251968504 17.007874015748033 x
215.1496062992126 628.7244094488188 20.125984251968504 17.007874015748033 63)

261.6377952755906 652.8188976377953 24.944881889763778 16.15748031496063 29
