301.03937007874015 669.2598425196851
-2.5511811023622046 16.724409448818896 78.51968503937007 20.69291338582677 CANADA

49.039370078740156 125.29133858267717 94.11023622047244 18.992125984251967 Commissaires
125.5748031496063 125.29133858267717 76.53543307086615 18.992125984251967 généraux:
184.53543307086613 125.29133858267717 76.53543307086615 18.992125984251967 Joanna
237.54330708661416 125.29133858267717 64.62992125984252 18.992125984251967 Woods

19.84251968503937 139.1811023622047 282.8976377952756 15.307086614173228 Marsden

50.45669291338583 152.50393700787401 83.90551181102362 15.590551181102363 Coordinatrice
119.62204724409449 152.50393700787401 34.58267716535433 15.590551181102363 des
139.1811023622047 152.50393700787401 74.26771653543307 15.590551181102363 expositions
198.70866141732284 152.50393700787401 93.8267716535433 15.590551181102363 internationales
277.79527559055117 152.50393700787401 24.661417322834644 15.590551181102363 à
282.61417322834643 152.50393700787401 19.84251968503937 15.590551181102363 la

48.188976377952756 162.70866141732284 73.7007874015748 17.5748031496063 Galerie
101.76377952755905 162.70866141732284 87.02362204724409 17.5748031496063 Nationale
168.9448818897638 162.70866141732284 40.25196850393701 17.5748031496063 du
188.78740157480314 162.70866141732284 66.89763779527559 17.5748031496063 Canada
235.84251968503938 162.70866141732284 33.44881889763779 17.5748031496063 à
242.36220472440945 162.70866141732284 60.37795275590551 17.5748031496063 Ottawa.

43.93700787401575 179.43307086614172 145.98425196850394 15.590551181102363 Pierre
145.13385826771653 179.43307086614172 157.3228346456693 15.590551181102363 Théberge

51.30708661417323 193.3228346456693 104.88188976377953 15.874015748031496 Assistant-Conservateur
144.0 193.3228346456693 24.094488188976378 15.874015748031496 de
156.18897637795277 193.3228346456693 36.28346456692913 15.874015748031496 l’Art
180.56692913385828 193.3228346456693 48.47244094488189 15.874015748031496 canadien
216.8503937007874 193.3228346456693 20.125984251968504 15.874015748031496 à
224.78740157480314 193.3228346456693 24.094488188976378 15.874015748031496 la
233.00787401574803 193.3228346456693 36.28346456692913 15.874015748031496 Galerie

47.338582677165356 204.09448818897638 107.14960629921259 15.590551181102363 Nationale
129.82677165354332 204.09448818897638 49.32283464566929 15.590551181102363 du
154.48818897637796 204.09448818897638 82.48818897637796 15.590551181102363 Canada
212.03149606299212 204.09448818897638 41.10236220472441 15.590551181102363 à
220.251968503937 204.09448818897638 74.26771653543307 15.590551181102363 Ottawa.

37.41732283464567 241.79527559055117 34.01574803149607 15.307086614173228 La
54.425196850393704 241.79527559055117 73.7007874015748 15.307086614173228 sélection
111.11811023622047 241.79527559055117 79.37007874015748 15.307086614173228 canadienne
173.48031496062993 241.79527559055117 28.346456692913385 15.307086614173228 à
184.8188976377953 241.79527559055117 34.01574803149607 15.307086614173228 la
201.82677165354332 241.79527559055117 68.03149606299213 15.307086614173228 Biennale
247.1811023622047 241.79527559055117 22.677165354330707 15.307086614173228 ée

22.393700787401574 254.26771653543307 47.338582677165356 15.307086614173228 Paris
54.14173228346457 254.26771653543307 36.8503937007874 15.307086614173228 met
75.11811023622047 254.26771653543307 47.338582677165356 15.307086614173228 cette
106.58267716535433 254.26771653543307 47.338582677165356 15.307086614173228 année
138.33070866141733 254.26771653543307 63.21259842519685 15.307086614173228 l’accent
185.66929133858267 254.26771653543307 36.8503937007874 15.307086614173228 sur
201.54330708661416 254.26771653543307 68.31496062992126 15.307086614173228 l’expérimer

17.291338582677167 265.6062992125984 43.37007874015748 15.307086614173228 tation.

38.267716535433074 277.79527559055117 43.08661417322835 19.559055118110237 Dans
65.19685039370079 277.79527559055117 32.31496062992126 19.559055118110237 la
81.35433070866142 277.79527559055117 59.24409448818898 19.559055118110237 section
124.44094488188976 277.79527559055117 75.4015748031496 19.559055118110237 sculpture,
183.96850393700788 277.79527559055117 43.08661417322835 19.559055118110237 nous
205.51181102362204 277.79527559055117 64.62992125984252 19.559055118110237 présentors

22.96062992125984 292.53543307086613 37.41732283464567 15.023622047244094 deux
46.20472440944882 292.53543307086613 46.77165354330709 15.023622047244094 œuvres
78.80314960629921 292.53543307086613 28.062992125984252 15.023622047244094 de
92.69291338582677 292.53543307086613 32.59842519685039 15.023622047244094 Les
111.4015748031496 292.53543307086613 51.30708661417323 15.023622047244094 Levine,
148.8188976377953 292.53543307086613 28.062992125984252 15.023622047244094 le
162.70866141732284 292.53543307086613 51.30708661417323 15.023622047244094 Choc
195.59055118110237 292.53543307086613 74.55118110236221 15.023622047244094 électrique

23.52755905511811 306.99212598425197 25.228346456692915 12.472440944881889 et
36.28346456692913 306.99212598425197 45.92125984251968 12.472440944881889 Body
69.73228346456693 306.99212598425197 58.67716535433071 12.472440944881889 color
115.65354330708661 306.99212598425197 25.228346456692915 12.472440944881889 Le
128.1259842519685 306.99212598425197 45.92125984251968 12.472440944881889 Choc
161.5748031496063 306.99212598425197 75.4015748031496 12.472440944881889 électrique
224.50393700787401 306.99212598425197 45.92125984251968 12.472440944881889 propose
253.70078740157481 306.99212598425197 16.724409448818896 12.472440944881889 là

22.11023622047244 317.4803149606299 72.56692913385827 15.023622047244094 perception
79.08661417322834 317.4803149606299 62.07874015748032 15.023622047244094 tactile,
125.5748031496063 317.4803149606299 41.38582677165354 15.023622047244094 dans
151.37007874015748 317.4803149606299 31.181102362204726 15.023622047244094 un
166.96062992125985 317.4803149606299 62.07874015748032 15.023622047244094 contexte
208.3464566929134 317.4803149606299 62.07874015748032 15.023622047244094 sculptural

23.52755905511811 329.1023622047244 50.45669291338583 13.88976377952756 Body
60.09448818897638 329.1023622047244 59.52755905511811 13.88976377952756 Golor
106.01574803149606 329.1023622047244 32.031496062992126 13.88976377952756 est
124.15748031496064 329.1023622047244 32.031496062992126 13.88976377952756 une
142.58267716535434 329.1023622047244 41.10236220472441 13.88976377952756 œuvre
170.07874015748033 329.1023622047244 22.96062992125984 13.88976377952756 à
179.1496062992126 329.1023622047244 77.95275590551181 13.88976377952756 participation
238.6771653543307 329.1023622047244 32.031496062992126 13.88976377952756 actie

22.393700787401574 341.00787401574803 31.181102362204726 13.606299212598426 du
37.98425196850393 341.00787401574803 77.66929133858268 13.606299212598426 spectateur;
100.06299212598425 341.00787401574803 31.181102362204726 13.606299212598426 en
115.65354330708661 341.00787401574803 51.874015748031496 13.606299212598426 effet,
151.93700787401573 341.00787401574803 62.07874015748032 13.606299212598426 celui-ci
198.4251968503937 341.00787401574803 31.181102362204726 13.606299212598426 se
214.01574803149606 341.00787401574803 41.38582677165354 13.606299212598426 voit
234.70866141732284 341.00787401574803 36.28346456692913 13.606299212598426 trans

21.826771653543307 351.496062992126 44.78740157480315 16.440944881889763 formé
51.874015748031496 351.496062992126 34.86614173228347 16.440944881889763 par
71.71653543307086 351.496062992126 30.04724409448819 16.440944881889763 la
86.74015748031496 351.496062992126 54.99212598425197 16.440944881889763 couleur
126.70866141732283 351.496062992126 30.04724409448819 16.440944881889763 de
141.73228346456693 351.496062992126 54.99212598425197 16.440944881889763 l’objet
181.41732283464566 351.496062992126 44.78740157480315 16.440944881889763 qu’il
211.46456692913387 351.496062992126 59.811023622047244 16.440944881889763 traverse
251.43307086614172 351.496062992126 19.84251968503937 16.440944881889763 el

22.677165354330707 363.68503937007875 28.62992125984252 15.023622047244094 il
37.13385826771653 363.68503937007875 52.44094488188976 15.023622047244094 devient
75.11811023622047 363.68503937007875 47.62204724409449 15.023622047244094 partie
108.56692913385827 363.68503937007875 66.89763779527559 15.023622047244094 intégrante
161.29133858267716 363.68503937007875 28.62992125984252 15.023622047244094 de
175.46456692913387 363.68503937007875 57.25984251968504 15.023622047244094 l’œuvre.
218.5511811023622 363.68503937007875 33.44881889763779 15.023622047244094 Les
232.7244094488189 363.68503937007875 38.267716535433074 15.023622047244094 Levire

22.11023622047244 377.29133858267716 59.811023622047244 16.440944881889763 cherche,
67.18110236220473 377.29133858267716 44.78740157480315 16.440944881889763 entre
96.94488188976378 377.29133858267716 54.70866141732284 16.440944881889763 autres,
136.91338582677164 377.29133858267716 24.944881889763778 16.440944881889763 à
146.83464566929135 377.29133858267716 74.83464566929133 16.440944881889763 transformer
206.64566929133858 377.29133858267716 34.86614173228347 16.440944881889763 les
221.38582677165354 377.29133858267716 49.889763779527556 16.440944881889763 rapports

21.826771653543307 388.34645669291336 45.92125984251968 14.740157480314961 entre
52.44094488188976 388.34645669291336 56.125984251968504 14.740157480314961 l’œuvre
92.97637795275591 388.34645669291336 45.92125984251968 14.740157480314961 d’art
123.59055118110236 388.34645669291336 30.614173228346456 14.740157480314961 et
138.89763779527559 388.34645669291336 30.614173228346456 14.740157480314961 le
154.20472440944883 388.34645669291336 71.14960629921259 14.740157480314961 spectateur
210.33070866141733 388.34645669291336 30.614173228346456 14.740157480314961 en
220.251968503937 388.34645669291336 51.023622047244096 14.740157480314961 confiant

21.543307086614174 399.40157480314963 26.64566929133858 18.4251968503937 à
32.31496062992126 399.40157480314963 63.77952755905512 18.4251968503937 celui-ci
79.93700787401575 399.40157480314963 31.748031496062993 18.4251968503937 le
96.09448818897638 399.40157480314963 42.51968503937008 18.4251968503937 soin
122.45669291338582 399.40157480314963 90.4251968503937 18.4251968503937 d’appréhender
197.00787401574803 399.40157480314963 58.39370078740158 18.4251968503937 l’œuvre
234.14173228346456 399.40157480314963 37.13385826771653 18.4251968503937 autre

22.11023622047244 414.1417322834646 41.95275590551181 14.456692913385826 ment
48.188976377952756 414.1417322834646 36.56692913385827 14.456692913385826 que
69.16535433070867 414.1417322834646 36.56692913385827 14.456692913385826 par
90.14173228346456 414.1417322834646 31.46456692913386 14.456692913385826 la
105.73228346456693 414.1417322834646 73.41732283464567 14.456692913385826 perception
163.2755905511811 414.1417322834646 62.92913385826772 14.456692913385826 visuelle
205.22834645669292 414.1417322834646 52.44094488188976 14.456692913385826 stricte.

39.40157480314961 426.0472440944882 35.71653543307087 14.456692913385826 Dans
61.79527559055118 426.0472440944882 26.64566929133858 14.456692913385826 la
75.11811023622047 426.0472440944882 49.039370078740156 14.456692913385826 section
110.83464566929133 426.0472440944882 58.110236220472444 14.456692913385826 musicale,
155.6220472440945 426.0472440944882 26.64566929133858 14.456692913385826 le
168.9448818897638 426.0472440944882 66.89763779527559 14.456692913385826 Nihilist
217.98425196850394 426.0472440944882 53.574803149606296 14.456692913385826 Spasni

22.677165354330707 439.0866141732283 70.2992125984252 14.456692913385826 Band
79.08661417322834 439.0866141732283 28.062992125984252 14.456692913385826 un
93.25984251968504 439.0866141732283 60.94488188976378 14.456692913385826 orchestre
140.03149606299212 439.0866141732283 60.94488188976378 14.456692913385826 bruitiste
187.08661417322836 439.0866141732283 28.062992125984252 14.456692913385826 de
201.25984251968504 439.0866141732283 37.41732283464567 14.456692913385826 sept
219.96850393700788 439.0866141732283 51.59055118110236 14.456692913385826 musiciens

22.11023622047244 453.25984251968504 67.18110236220473 11.622047244094489 représente
74.83464566929133 453.25984251968504 28.62992125984252 11.622047244094489 le
89.29133858267717 453.25984251968504 52.724409448818896 11.622047244094489 Canada.
127.55905511811024 453.25984251968504 28.62992125984252 11.622047244094489 Le
142.01574803149606 453.25984251968504 72.0 11.622047244094489 Nihilist
199.2755905511811 453.25984251968504 43.08661417322835 11.622047244094489 Spasm
223.37007874015748 453.25984251968504 47.90551181102362 11.622047244094489 Band

21.826771653543307 465.1653543307087 43.37007874015748 15.307086614173228 peut
49.039370078740156 465.1653543307087 43.37007874015748 15.307086614173228 être
76.25196850393701 465.1653543307087 59.811023622047244 15.307086614173228 entendu
119.62204724409449 465.1653543307087 49.039370078740156 15.307086614173228 d’une
152.2204724409449 465.1653543307087 49.039370078740156 15.307086614173228 part,
184.8188976377953 465.1653543307087 49.039370078740156 15.307086614173228 comme
217.41732283464566 465.1653543307087 37.98425196850393 15.307086614173228 une
233.85826771653544 465.1653543307087 37.98425196850393 15.307086614173228 forme

20.69291338582677 477.07086614173227 32.031496062992126 15.590551181102363 de
36.8503937007874 477.07086614173227 58.960629921259844 15.590551181102363 musique
79.65354330708661 477.07086614173227 80.22047244094489 15.590551181102363 folklorique
143.71653543307087 477.07086614173227 26.64566929133858 15.590551181102363 :
154.48818897637796 477.07086614173227 48.188976377952756 15.590551181102363 c’est
186.51968503937007 477.07086614173227 48.188976377952756 15.590551181102363 aussi
218.5511811023622 477.07086614173227 37.41732283464567 15.590551181102363 une
234.70866141732284 477.07086614173227 37.41732283464567 15.590551181102363 exple

21.543307086614174 487.84251968503935 52.15748031496063 12.755905511811024 ration
57.826771653543304 487.84251968503935 36.56692913385827 12.755905511811024 des
78.80314960629921 487.84251968503935 62.645669291338585 12.755905511811024 rapports
125.85826771653544 487.84251968503935 47.05511811023622 12.755905511811024 entre
157.03937007874015 487.84251968503935 36.56692913385827 12.755905511811024 des
178.01574803149606 487.84251968503935 52.15748031496063 12.755905511811024 bruits
209.1968503937008 487.84251968503935 62.645669291338585 12.755905511811024 improvisés

21.543307086614174 500.0314960629921 35.71653543307087 13.039370078740157 par
41.95275590551181 500.0314960629921 35.71653543307087 13.039370078740157 des
62.36220472440945 500.0314960629921 76.81889763779527 13.039370078740157 instruments
123.8740157480315 500.0314960629921 35.71653543307087 13.039370078740157 que
144.28346456692913 500.0314960629921 35.71653543307087 13.039370078740157 les
164.69291338582678 500.0314960629921 66.61417322834646 13.039370078740157 musiciens
216.0 500.0314960629921 35.71653543307087 13.039370078740157 ont
231.30708661417322 500.0314960629921 40.818897637795274 13.039370078740157 fabrie

20.409448818897637 513.6377952755905 43.653543307086615 15.590551181102363 qués
47.62204724409449 513.6377952755905 71.14960629921259 15.590551181102363 eux-mêmes
102.33070866141732 513.6377952755905 43.653543307086615 15.590551181102363 pour
129.82677165354332 513.6377952755905 54.70866141732284 15.590551181102363 tenter
168.09448818897638 513.6377952755905 38.267716535433074 15.590551181102363 une
189.92125984251967 513.6377952755905 65.76377952755905 15.590551181102363 nouvelle
233.85826771653544 513.6377952755905 38.267716535433074 15.590551181102363 appre

20.125984251968504 524.6929133858267 39.118110236220474 13.32283464566929 che
42.51968503937008 524.6929133858267 39.118110236220474 13.32283464566929 des
64.91338582677166 524.6929133858267 61.511811023622045 13.32283464566929 notions
109.7007874015748 524.6929133858267 78.23622047244095 13.32283464566929 d’harmonie
171.21259842519686 524.6929133858267 33.44881889763779 13.32283464566929 et
187.93700787401573 524.6929133858267 33.44881889763779 13.32283464566929 de
199.2755905511811 524.6929133858267 72.56692913385827 13.32283464566929 dissonance;

20.409448818897637 535.4645669291339 108.85039370078741 13.606299212598426 paradoxalement,
111.96850393700787 535.4645669291339 39.968503937007874 13.606299212598426 des
134.9291338582677 535.4645669291339 62.92913385826772 13.606299212598426 rythmes
180.8503937007874 535.4645669291339 34.2992125984252 13.606299212598426 se
197.85826771653544 535.4645669291339 57.25984251968504 13.606299212598426 créent
232.44094488188978 535.4645669291339 39.968503937007874 13.606299212598426 d’eux

20.409448818897637 549.0708661417323 53.574803149606296 16.15748031496063 mêmes.
57.826771653543304 549.0708661417323 48.188976377952756 16.15748031496063 C’est
90.14173228346456 549.0708661417323 74.83464566929133 16.15748031496063 finalement
149.10236220472441 549.0708661417323 32.031496062992126 16.15748031496063 un
164.9763779527559 549.0708661417323 53.574803149606296 16.15748031496063 groupe
202.39370078740157 549.0708661417323 42.803149606299215 16.15748031496063 dont
223.93700787401573 549.0708661417323 48.188976377952756 16.15748031496063 l’exis.

19.559055118110237 559.5590551181102 49.60629921259842 14.173228346456693 tence
52.44094488188976 559.5590551181102 32.881889763779526 14.173228346456693 et
68.88188976377953 559.5590551181102 38.55118110236221 14.173228346456693 les
90.99212598425197 559.5590551181102 71.43307086614173 14.173228346456693 activités
145.98425196850394 559.5590551181102 38.55118110236221 14.173228346456693 ont
167.81102362204723 559.5590551181102 32.881889763779526 14.173228346456693 le
184.53543307086613 559.5590551181102 71.43307086614173 14.173228346456693 caractère
233.85826771653544 559.5590551181102 38.55118110236221 14.173228346456693 d’ure

20.125984251968504 571.1811023622047 90.4251968503937 17.007874015748033 manifestation
89.29133858267717 571.1811023622047 58.67716535433071 17.007874015748033 dadaïste.

36.56692913385827 583.9370078740158 43.93700787401575 14.740157480314961 Dans
63.77952755905512 583.9370078740158 32.881889763779526 14.740157480314961 la
80.50393700787401 583.9370078740158 60.37795275590551 14.740157480314961 section
124.15748031496064 583.9370078740158 60.37795275590551 14.740157480314961 cinéma,
168.09448818897638 583.9370078740158 32.881889763779526 14.740157480314961 le
184.53543307086613 583.9370078740158 54.99212598425197 14.740157480314961 Canada
217.41732283464566 583.9370078740158 54.99212598425197 14.740157480314961 présente

18.992125984251967 598.3937007874016 46.20472440944882 15.023622047244094 cinq
47.62204724409449 598.3937007874016 51.874015748031496 15.023622047244094 films
82.20472440944881 598.3937007874016 98.07874015748031 15.023622047244094 expérimentaux
162.99212598425197 598.3937007874016 46.20472440944882 15.023622047244094 dont
191.90551181102362 598.3937007874016 57.54330708661417 15.023622047244094 quatre
232.44094488188978 598.3937007874016 40.25196850393701 15.023622047244094 ont
249.73228346456693 598.3937007874016 22.96062992125984 15.023622047244094 éé

18.4251968503937 608.3149606299213 47.62204724409449 18.141732283464567 faits
50.173228346456696 608.3149606299213 37.13385826771653 18.141732283464567 par
71.43307086614173 608.3149606299213 37.13385826771653 18.141732283464567 des
92.69291338582677 608.3149606299213 68.88188976377953 18.141732283464567 cinéastes
145.70078740157481 608.3149606299213 37.13385826771653 18.141732283464567 qui
166.6771653543307 608.3149606299213 42.23622047244095 18.141732283464567 sont
193.3228346456693 608.3149606299213 47.62204724409449 18.141732283464567 aussi
219.68503937007873 608.3149606299213 53.00787401574803 18.141732283464567 peintres

19.84251968503937 622.7716535433071 27.212598425196852 16.15748031496063 et
33.44881889763779 622.7716535433071 67.74803149606299 16.15748031496063 sculpteurs.
87.59055118110236 622.7716535433071 36.0 16.15748031496063 Gary
110.26771653543307 622.7716535433071 54.14173228346457 16.15748031496063 Lee-Nova
150.8031496062992 622.7716535433071 36.0 16.15748031496063 nous
173.48031496062993 622.7716535433071 54.14173228346457 16.15748031496063 présente
209.48031496062993 622.7716535433071 63.21259842519685 16.15748031496063 Steel

11.338582677165354 647.7165354330708 24.37795275590551 11.905511811023622 36
