312.09448818897636 669.2598425196851
232.44094488188978 14.173228346456693 79.08661417322834 18.708661417322833 FRANCE

34.86614173228347 53.85826771653543 34.86614173228347 20.409448818897637 56
58.110236220472444 53.85826771653543 30.89763779527559 20.409448818897637 PORZ
77.38582677165354 53.85826771653543 50.173228346456696 20.409448818897637 LAMAT
112.25196850393701 53.85826771653543 50.173228346456696 20.409448818897637 (maquette).

46.20472440944882 66.33070866141732 29.480314960629922 22.11023622047244 Le
60.94488188976378 66.33070866141732 58.67716535433071 22.11023622047244 problème
104.88188976377953 66.33070866141732 29.480314960629922 22.11023622047244 de
119.62204724409449 66.33070866141732 29.480314960629922 22.11023622047244 la
134.36220472440945 66.33070866141732 39.118110236220474 22.11023622047244 mise
158.74015748031496 66.33070866141732 29.480314960629922 22.11023622047244 en
173.48031496062993 66.33070866141732 49.039370078740156 22.11023622047244 valeur
207.49606299212599 66.33070866141732 29.480314960629922 22.11023622047244 du
222.23622047244095 66.33070866141732 39.118110236220474 22.11023622047244 bien
241.79527559055117 66.33070866141732 49.039370078740156 22.11023622047244 national

45.63779527559055 78.23622047244095 36.56692913385827 19.275590551181104 que
66.33070866141732 78.23622047244095 73.13385826771653 19.275590551181104 représente
123.8740157480315 78.23622047244095 31.46456692913386 19.275590551181104 la
139.748031496063 78.23622047244095 41.95275590551181 19.275590551181104 côte
165.82677165354332 78.23622047244095 62.645669291338585 19.275590551181104 bretonne
212.88188976377953 78.23622047244095 41.95275590551181 19.275590551181104 sud,
238.96062992125985 78.23622047244095 36.56692913385827 19.275590551181104 son
254.83464566929135 78.23622047244095 36.56692913385827 19.275590551181104 sous-

46.77165354330709 88.15748031496064 69.44881889763779 17.5748031496063 équipement,
102.04724409448819 88.15748031496064 27.77952755905512 17.5748031496063 le
115.93700787401575 88.15748031496064 46.20472440944882 17.5748031496063 manque
148.251968503937 88.15748031496064 96.94488188976378 17.5748031496063 d’investissements
231.59055118110237 88.15748031496064 32.31496062992126 17.5748031496063 qui
245.48031496062993 88.15748031496064 46.20472440944882 17.5748031496063 accentue

47.338582677165356 97.79527559055119 26.64566929133858 19.275590551181104 le
60.661417322834644 97.79527559055119 71.14960629921259 19.275590551181104 déséquilibre
118.77165354330708 97.79527559055119 53.29133858267716 19.275590551181104 existant
158.74015748031496 97.79527559055119 35.71653543307087 19.275590551181104 avec
180.8503937007874 97.79527559055119 26.64566929133858 19.275590551181104 la
194.45669291338584 97.79527559055119 35.71653543307087 19.275590551181104 côte
212.03149606299212 97.79527559055119 80.22047244094489 19.275590551181104 méditerranéenne,

47.338582677165356 107.43307086614173 39.118110236220474 18.4251968503937 nous
71.71653543307086 107.43307086614173 34.2992125984252 18.4251968503937 ont
91.2755905511811 107.43307086614173 58.67716535433071 18.4251968503937 conduits
135.49606299212599 107.43307086614173 24.37795275590551 18.4251968503937 à
145.13385826771653 107.43307086614173 53.85826771653543 18.4251968503937 étudier
184.251968503937 107.43307086614173 29.480314960629922 18.4251968503937 un
198.99212598425197 107.43307086614173 39.118110236220474 18.4251968503937 port
223.37007874015748 107.43307086614173 29.480314960629922 18.4251968503937 de
238.11023622047244 107.43307086614173 49.039370078740156 18.4251968503937 pleine
267.59055118110234 107.43307086614173 24.37795275590551 18.4251968503937 eau

47.62204724409449 116.50393700787401 38.55118110236221 18.141732283464567 situé
73.41732283464567 116.50393700787401 30.04724409448819 18.141732283464567 sur
90.4251968503937 116.50393700787401 30.04724409448819 18.141732283464567 les
107.71653543307086 116.50393700787401 42.803149606299215 18.141732283464567 grands
137.76377952755905 116.50393700787401 51.59055118110236 18.141732283464567 circuits
176.31496062992127 116.50393700787401 25.79527559055118 18.141732283464567 de
189.35433070866142 116.50393700787401 55.84251968503937 18.141732283464567 plaisance
232.15748031496062 116.50393700787401 25.79527559055118 18.141732283464567 et
244.91338582677164 116.50393700787401 25.79527559055118 18.141732283464567 de
253.70078740157481 116.50393700787401 38.55118110236221 18.141732283464567 régates

47.62204724409449 127.84251968503936 44.503937007874015 18.4251968503937 (entre
78.80314960629921 127.84251968503936 49.039370078740156 18.4251968503937 Bénodet
114.51968503937007 127.84251968503936 26.64566929133858 18.4251968503937 et
127.84251968503936 127.84251968503936 26.64566929133858 18.4251968503937 La
136.91338582677164 127.84251968503936 84.75590551181102 18.4251968503937 Trinité

47.90551181102362 135.7795275590551 36.8503937007874 20.976377952755904 Porz
70.86614173228347 135.7795275590551 41.669291338582674 20.976377952755904 Lamat
98.64566929133858 135.7795275590551 55.55905511811024 20.976377952755904 groupera
140.31496062992127 135.7795275590551 41.669291338582674 20.976377952755904 1.700
168.09448818897638 135.7795275590551 36.8503937007874 20.976377952755904 lits
191.0551181102362 135.7795275590551 27.77952755905512 20.976377952755904 et
204.9448818897638 135.7795275590551 41.669291338582674 20.976377952755904 leurs
228.18897637795277 135.7795275590551 64.62992125984252 20.976377952755904 équipements,

47.338582677165356 147.11811023622047 48.188976377952756 18.708661417322833 autour
81.07086614173228 147.11811023622047 38.55118110236221 18.708661417322833 d’un
105.16535433070867 147.11811023622047 38.55118110236221 18.708661417322833 port
129.25984251968504 147.11811023622047 28.913385826771652 18.708661417322833 de
143.71653543307087 147.11811023622047 38.55118110236221 18.708661417322833 huit
167.81102362204723 147.11811023622047 57.826771653543304 18.708661417322833 hectares
211.46456692913387 147.11811023622047 53.00787401574803 18.708661417322833 pouvant
245.1968503937008 147.11811023622047 48.188976377952756 18.708661417322833 recevoir

48.188976377952756 157.03937007874015 32.31496062992126 17.291338582677167 500
66.61417322834646 157.03937007874015 55.55905511811024 17.291338582677167 bateaux.
108.28346456692914 157.03937007874015 46.20472440944882 17.291338582677167 Chaque
140.5984251968504 157.03937007874015 60.09448818897638 17.291338582677167 logement,
186.8031496062992 157.03937007874015 69.44881889763779 17.291338582677167 individuel,
237.54330708661416 157.03937007874015 55.55905511811024 17.291338582677167 collectif,

48.188976377952756 167.5275590551181 36.28346456692913 16.724409448818896 aura
70.86614173228347 167.5275590551181 31.748031496062993 16.724409448818896 son
89.00787401574803 167.5275590551181 68.03149606299213 16.724409448818896 orientation
143.43307086614172 167.5275590551181 63.496062992125985 16.724409448818896 principale
193.3228346456693 167.5275590551181 49.889763779527556 16.724409448818896 tournée
229.60629921259843 167.5275590551181 36.28346456692913 16.724409448818896 vers
252.28346456692913 167.5275590551181 27.212598425196852 16.724409448818896 ce
261.3543307086614 167.5275590551181 31.748031496062993 16.724409448818896 port.

48.75590551181102 177.4488188976378 36.28346456692913 16.440944881889763 Leur
71.43307086614173 177.4488188976378 68.03149606299213 16.440944881889763 composition
125.85826771653544 177.4488188976378 63.496062992125985 16.440944881889763 accentuera
175.46456692913387 177.4488188976378 54.425196850393704 16.440944881889763 l’esprit
216.28346456692913 177.4488188976378 27.212598425196852 16.440944881889763 de
229.88976377952756 177.4488188976378 49.889763779527556 16.440944881889763 falaise
266.1732283464567 177.4488188976378 27.212598425196852 16.440944881889763 et
275.244094488189 177.4488188976378 18.141732283464567 16.440944881889763 de

48.75590551181102 185.38582677165354 49.039370078740156 17.858267716535433 crique
83.05511811023622 185.38582677165354 29.480314960629922 17.858267716535433 du
97.79527559055119 185.38582677165354 44.22047244094488 17.858267716535433 site.
127.2755905511811 185.38582677165354 29.480314960629922 17.858267716535433 Il
142.01574803149606 185.38582677165354 39.40157480314961 17.858267716535433 aura
166.6771653543307 185.38582677165354 29.480314960629922 17.858267716535433 le
181.13385826771653 185.38582677165354 63.77952755905512 17.858267716535433 caractère
230.45669291338584 185.38582677165354 39.40157480314961 17.858267716535433 d’un
250.01574803149606 185.38582677165354 44.22047244094488 17.858267716535433 village

48.75590551181102 195.30708661417322 49.889763779527556 17.291338582677167 réservé
85.03937007874016 195.30708661417322 31.748031496062993 17.291338582677167 aux
103.18110236220473 195.30708661417322 49.889763779527556 17.291338582677167 piétons
139.748031496063 195.30708661417322 36.28346456692913 17.291338582677167 dont
162.4251968503937 195.30708661417322 31.748031496062993 17.291338582677167 les
180.56692913385828 195.30708661417322 72.85039370078741 17.291338582677167 circulations
235.2755905511811 195.30708661417322 58.960629921259844 17.291338582677167 s’étageront

48.75590551181102 205.22834645669292 22.677165354330707 16.440944881889763 à
57.826771653543304 205.22834645669292 36.28346456692913 16.440944881889763 tous
80.50393700787401 205.22834645669292 31.748031496062993 16.440944881889763 les
98.64566929133858 205.22834645669292 49.889763779527556 16.440944881889763 niveaux
134.9291338582677 205.22834645669292 36.28346456692913 16.440944881889763 sous
157.60629921259843 205.22834645669292 40.818897637795274 16.440944881889763 forme
185.10236220472441 205.22834645669292 27.212598425196852 16.440944881889763 de
198.70866141732284 205.22834645669292 72.56692913385827 16.440944881889763 passerelles,
253.13385826771653 205.22834645669292 40.818897637795274 16.440944881889763 ruelles

49.039370078740156 214.01574803149606 25.511811023622048 18.708661417322833 et
61.79527559055118 214.01574803149606 59.52755905511811 18.708661417322833 placettes.
108.56692913385827 214.01574803149606 25.511811023622048 18.708661417322833 La
121.32283464566929 214.01574803149606 29.763779527559056 18.708661417322833 vie
138.33070866141733 214.01574803149606 25.511811023622048 18.708661417322833 et
151.08661417322836 214.01574803149606 25.511811023622048 18.708661417322833 la
163.84251968503938 214.01574803149606 55.275590551181104 18.708661417322833 gestation
206.07874015748033 214.01574803149606 21.25984251968504 18.708661417322833 y
214.58267716535434 214.01574803149606 42.51968503937008 18.708661417322833 seront
244.3464566929134 214.01574803149606 42.51968503937008 18.708661417322833 celles
269.8582677165354 214.01574803149606 25.511811023622048 18.708661417322833 d’un

49.039370078740156 225.92125984251967 44.78740157480315 17.858267716535433 grand
78.80314960629921 225.92125984251967 39.68503937007874 17.858267716535433 club
103.46456692913385 225.92125984251967 44.78740157480315 17.858267716535433 conçu
133.22834645669292 225.92125984251967 39.68503937007874 17.858267716535433 pour
158.17322834645668 225.92125984251967 29.763779527559056 17.858267716535433 le
168.09448818897638 225.92125984251967 54.70866141732284 17.858267716535433 nautisme.

49.60629921259842 242.36220472440945 104.31496062992126 17.007874015748033 Marie-Marguerite
140.31496062992127 242.36220472440945 72.56692913385827 17.007874015748033 BULLIER
199.55905511811022 242.36220472440945 31.748031496062993 17.007874015748033 née
217.70078740157481 242.36220472440945 27.212598425196852 17.007874015748033 en
231.30708661417322 242.36220472440945 36.28346456692913 17.007874015748033 1943
253.98425196850394 242.36220472440945 22.677165354330707 17.007874015748033 à
258.5196850393701 242.36220472440945 36.28346456692913 17.007874015748033 Meudon

50.173228346456696 257.1023622047244 54.14173228346457 13.88976377952756 (France).
87.8740157480315 257.1023622047244 54.14173228346457 13.88976377952756 Architecte.

50.173228346456696 270.1417322834646 61.511811023622045 15.023622047244094 Solange
98.36220472440945 270.1417322834646 123.02362204724409 15.023622047244094 CHARPENTIER-LEVEQUE
208.06299212598427 270.1417322834646 30.614173228346456 15.023622047244094 née
225.63779527559055 270.1417322834646 26.362204724409448 15.023622047244094 en
238.96062992125985 270.1417322834646 35.1496062992126 15.023622047244094 1943
260.78740157480314 270.1417322834646 21.826771653543307 15.023622047244094 à
265.3228346456693 270.1417322834646 30.614173228346456 15.023622047244094 Bois-

46.488188976377955 284.31496062992125 97.22834645669292 11.622047244094489 Colombes
119.62204724409449 284.31496062992125 105.16535433070867 11.622047244094489 (France).
200.40944881889763 284.31496062992125 121.32283464566929 11.622047244094489 Architecte.
289.4173228346457 284.31496062992125 24.37795275590551 11.622047244094489 1

50.74015748031496 292.53543307086613 86.1732283464567 18.708661417322833 André-Norbert
123.8740157480315 292.53543307086613 68.88188976377953 18.708661417322833 LEVEQUE
180.0 292.53543307086613 25.79527559055118 18.708661417322833 né
193.03937007874015 292.53543307086613 25.79527559055118 18.708661417322833 en
206.07874015748033 292.53543307086613 34.58267716535433 18.708661417322833 1945
227.6220472440945 292.53543307086613 21.543307086614174 18.708661417322833 à
236.1259842519685 292.53543307086613 38.83464566929134 18.708661417322833 Laval
261.9212598425197 292.53543307086613 56.125984251968504 18.708661417322833 (France).
300.755905511811 292.53543307086613 13.039370078740157 18.708661417322833 I

46.77165354330709 310.1102362204724 55.275590551181104 12.755905511811024 Architecte.

50.74015748031496 317.76377952755905 68.31496062992126 19.84251968503937 Francis
104.31496062992126 317.76377952755905 73.13385826771653 19.84251968503937 MIGUET
162.70866141732284 317.76377952755905 29.19685039370079 19.84251968503937 né
177.4488188976378 317.76377952755905 29.19685039370079 19.84251968503937 en
191.90551181102362 317.76377952755905 39.118110236220474 19.84251968503937 1943
216.28346456692913 317.76377952755905 24.37795275590551 19.84251968503937 à
226.20472440944883 317.76377952755905 43.93700787401575 19.84251968503937 Paris
255.4015748031496 317.76377952755905 63.21259842519685 19.84251968503937 (France).
299.0551181102362 317.76377952755905 14.740157480314961 19.84251968503937 I

47.05511811023622 336.18897637795277 55.55905511811024 15.023622047244094 Architecte.

309.54330708661416 338.74015748031496 2.5511811023622046 12.472440944881889 I

51.874015748031496 347.244094488189 66.89763779527559 15.590551181102363 Catherine
106.2992125984252 347.244094488189 75.11811023622047 15.590551181102363 MORGOULIS
168.9448818897638 347.244094488189 29.19685039370079 15.590551181102363 née
185.66929133858267 347.244094488189 24.944881889763778 15.590551181102363 en
198.14173228346456 347.244094488189 33.44881889763779 15.590551181102363 1943
219.11811023622047 347.244094488189 20.976377952755904 15.590551181102363 à
227.33858267716536 347.244094488189 45.92125984251968 15.590551181102363 Athènes
256.81889763779526 347.244094488189 41.669291338582674 15.590551181102363 (Grèce).

48.188976377952756 362.26771653543307 54.99212598425197 11.622047244094489 Architecte.

53.00787401574803 369.9212598425197 67.46456692913385 20.69291338582677 Philippe
106.86614173228347 369.9212598425197 72.0 20.69291338582677 RIVIERE
165.54330708661416 369.9212598425197 26.929133858267715 20.69291338582677 né
178.86614173228347 369.9212598425197 26.929133858267715 20.69291338582677 en
192.4724409448819 369.9212598425197 36.0 20.69291338582677 1946
214.86614173228347 369.9212598425197 22.393700787401574 20.69291338582677 à
223.93700787401573 369.9212598425197 53.85826771653543 20.69291338582677 Boulogne
264.4724409448819 369.9212598425197 58.39370078740158 20.69291338582677 (France).

11.622047244094489 386.3622047244094 302.1732283464567 12.472440944881889 Architecte.

40.25196850393701 414.4251968503937 44.78740157480315 22.393700787401574 57
70.2992125984252 414.4251968503937 29.763779527559056 22.393700787401574 UN
85.03937007874016 414.4251968503937 74.55118110236221 22.393700787401574 RENDEZ-VOUS
144.8503937007874 414.4251968503937 109.41732283464567 22.393700787401574 SOCIECOLOGIQUE
239.24409448818898 414.4251968503937 64.62992125984252 22.393700787401574 (maquette
288.8503937007874 414.4251968503937 29.763779527559056 22.393700787401574 et
298.7716535433071 414.4251968503937 15.023622047244094 22.393700787401574 »

42.803149606299215 432.8503937007874 286.01574803149606 12.188976377952756 environnement).
268.7244094488189 432.8503937007874 45.07086614173228 12.188976377952756 »

52.724409448818896 443.0551181102362 44.503937007874015 16.15748031496063 Face
80.50393700787401 443.0551181102362 27.77952755905512 16.15748031496063 à
91.84251968503936 443.0551181102362 38.83464566929134 16.15748031496063 une
113.95275590551181 443.0551181102362 49.889763779527556 16.15748031496063 prise
147.11811023622047 443.0551181102362 33.44881889763779 16.15748031496063 de
163.84251968503938 443.0551181102362 77.66929133858268 16.15748031496063 conscience
225.0708661417323 443.0551181102362 33.44881889763779 16.15748031496063 de
241.51181102362204 443.0551181102362 44.503937007874015 16.15748031496063 plus
269.29133858267716 443.0551181102362 33.44881889763779 16.15748031496063 en
280.34645669291336 443.0551181102362 33.44881889763779 16.15748031496063 plus

53.29133858267716 453.25984251968504 47.62204724409449 15.874015748031496 globale
87.8740157480315 453.25984251968504 26.078740157480315 15.874015748031496 du
100.91338582677166 453.25984251968504 43.37007874015748 15.874015748031496 monde,
131.24409448818898 453.25984251968504 77.95275590551181 15.874015748031496 l’architecture
196.15748031496062 453.25984251968504 34.58267716535433 15.874015748031496 elle
217.70078740157481 453.25984251968504 38.83464566929134 15.874015748031496 aussi
243.7795275590551 453.25984251968504 26.078740157480315 15.874015748031496 ne
252.28346456692913 453.25984251968504 47.62204724409449 15.874015748031496 doit

53.574803149606296 467.7165354330709 33.16535433070866 11.338582677165354 pas
72.56692913385827 467.7165354330709 37.7007874015748 11.338582677165354 être
96.09448818897638 467.7165354330709 70.86614173228347 11.338582677165354 appréhendée
153.0708661417323 467.7165354330709 37.7007874015748 11.338582677165354 dans
176.5984251968504 467.7165354330709 28.346456692913385 11.338582677165354 un
190.77165354330708 467.7165354330709 42.51968503937008 11.338582677165354 cadre
219.11811023622047 467.7165354330709 85.03937007874016 11.338582677165354 sociécologique
290.26771653543307 467.7165354330709 28.346456692913385 11.338582677165354 de
299.62204724409446 467.7165354330709 14.173228346456693 11.338582677165354 »

53.574803149606296 476.78740157480314 66.33070866141732 10.771653543307087 synthèse?
104.5984251968504 476.78740157480314 30.614173228346456 10.771653543307087 La
119.90551181102362 476.78740157480314 86.74015748031496 10.771653543307087 planification
191.33858267716536 476.78740157480314 30.614173228346456 10.771653543307087 de
206.64566929133858 476.78740157480314 61.22834645669291 10.771653543307087 l’avenir
252.56692913385828 476.78740157480314 56.125984251968504 10.771653543307087 exigera
288.2834645669291 476.78740157480314 25.511811023622048 10.771653543307087 une

53.574803149606296 484.15748031496065 56.69291338582677 12.472440944881889 attitude
96.37795275590551 484.15748031496065 47.338582677165356 12.472440944881889 fondée
129.54330708661416 484.15748031496065 33.16535433070866 12.472440944881889 sur
148.251968503937 484.15748031496065 28.346456692913385 12.472440944881889 le
162.70866141732284 484.15748031496065 71.14960629921259 12.472440944881889 changement.
219.4015748031496 484.15748031496065 33.16535433070866 12.472440944881889 Les
233.5748031496063 484.15748031496065 66.33070866141732 12.472440944881889 interactions

53.574803149606296 494.3622047244094 74.26771653543307 10.488188976377952 constantes
111.96850393700787 494.3622047244094 47.62204724409449 10.488188976377952 entre
143.71653543307087 494.3622047244094 58.39370078740158 10.488188976377952 l’homme
186.23622047244095 494.3622047244094 31.748031496062993 10.488188976377952 et
202.11023622047244 494.3622047244094 37.13385826771653 10.488188976377952 son
223.37007874015748 494.3622047244094 53.00787401574803 10.488188976377952 milieu
255.11811023622047 494.3622047244094 58.39370078740158 10.488188976377952 supposent

54.14173228346457 502.2992125984252 87.02362204724409 13.32283464566929 nécessairement
126.70866141732283 502.2992125984252 33.732283464566926 13.32283464566929 des
145.98425196850394 502.2992125984252 82.20472440944881 13.32283464566929 modifications
213.4488188976378 502.2992125984252 62.92913385826772 13.32283464566929 continues
261.9212598425197 502.2992125984252 28.913385826771652 13.32283464566929 de
271.5590551181102 502.2992125984252 28.913385826771652 13.32283464566929 l’un

54.70866141732284 511.93700787401576 28.346456692913385 12.188976377952756 et
68.88188976377953 511.93700787401576 28.346456692913385 12.188976377952756 de
83.33858267716535 511.93700787401576 56.976377952755904 12.188976377952756 l’autre,
125.85826771653544 511.93700787401576 80.50393700787401 12.188976377952756 modifications
192.18897637795277 511.93700787401576 33.16535433070866 12.188976377952756 qui
211.1811023622047 511.93700787401576 61.511811023622045 12.188976377952756 devraient
253.98425196850394 511.93700787401576 47.338582677165356 12.188976377952756 toujours

55.275590551181104 524.4094488188977 47.90551181102362 8.503937007874017 rester
88.7244094488189 524.4094488188977 38.267716535433074 8.503937007874017 dans
112.81889763779527 524.4094488188977 28.62992125984252 8.503937007874017 le
126.99212598425197 524.4094488188977 43.08661417322835 8.503937007874017 cadre
155.6220472440945 524.4094488188977 33.44881889763779 8.503937007874017 des
174.89763779527559 524.4094488188977 71.71653543307086 8.503937007874017 contraintes
232.15748031496062 524.4094488188977 71.71653543307086 8.503937007874017 qu’imposent
284.88188976377955 524.4094488188977 28.62992125984252 8.503937007874017 les»

55.55905511811024 532.3464566929134 37.7007874015748 9.637795275590552 lois
79.37007874015748 532.3464566929134 28.346456692913385 9.637795275590552 de
93.54330708661418 532.3464566929134 28.346456692913385 9.637795275590552 la
107.71653543307086 532.3464566929134 47.338582677165356 9.637795275590552 nature
140.88188976377953 532.3464566929134 28.346456692913385 9.637795275590552 et
155.0551181102362 532.3464566929134 33.16535433070866 9.637795275590552 les
173.76377952755905 532.3464566929134 61.511811023622045 9.637795275590552 immuables
216.56692913385828 532.3464566929134 85.03937007874016 9.637795275590552 caractéristiques

55.275590551181104 536.8818897637796 70.2992125984252 16.440944881889763 biologiques
111.68503937007874 536.8818897637796 28.062992125984252 16.440944881889763 et
125.85826771653544 536.8818897637796 56.40944881889764 16.440944881889763 mentales
168.09448818897638 536.8818897637796 28.062992125984252 16.440944881889763 de
181.98425196850394 536.8818897637796 47.05511811023622 16.440944881889763 l’être
214.86614173228347 536.8818897637796 51.59055118110236 16.440944881889763 humain.
252.56692913385828 536.8818897637796 32.881889763779526 16.440944881889763 Par
266.45669291338584 536.8818897637796 47.05511811023622 16.440944881889763 l’inter-

56.40944881889764 553.0393700787401 63.21259842519685 8.78740157480315 médiaire,
104.88188976377953 553.0393700787401 29.19685039370079 8.78740157480315 et
119.62204724409449 553.0393700787401 53.29133858267716 8.78740157480315 surtout
158.45669291338584 553.0393700787401 43.653543307086615 8.78740157480315 grâce
187.6535433070866 553.0393700787401 24.37795275590551 8.78740157480315 à
197.29133858267716 553.0393700787401 29.19685039370079 8.78740157480315 la
211.748031496063 553.0393700787401 58.39370078740158 8.78740157480315 création
255.4015748031496 553.0393700787401 29.19685039370079 8.78740157480315 du
265.3228346456693 553.0393700787401 48.47244094488189 8.78740157480315 «rendez-

56.40944881889764 561.8267716535433 36.28346456692913 8.220472440944881 vous
79.08661417322834 561.8267716535433 27.212598425196852 8.220472440944881 »,
92.69291338582677 561.8267716535433 36.28346456692913 8.220472440944881 nous
115.37007874015748 561.8267716535433 40.818897637795274 8.220472440944881 avons
142.86614173228347 561.8267716535433 40.818897637795274 8.220472440944881 voulu
170.07874015748033 561.8267716535433 49.889763779527556 8.220472440944881 reposer
206.36220472440945 561.8267716535433 31.748031496062993 8.220472440944881 ces
224.50393700787401 561.8267716535433 58.960629921259844 8.220472440944881 problèmes
265.6062992125984 561.8267716535433 36.28346456692913 8.220472440944881 essen-

56.40944881889764 566.0787401574803 43.653543307086615 13.32283464566929 tiels
85.60629921259843 566.0787401574803 34.01574803149607 13.32283464566929 qui
104.88188976377953 566.0787401574803 38.83464566929134 13.32283464566929 dans
129.25984251968504 566.0787401574803 29.19685039370079 13.32283464566929 le
143.71653543307087 566.0787401574803 58.110236220472444 13.32283464566929 contexte
187.37007874015748 566.0787401574803 48.47244094488189 13.32283464566929 actuel
221.38582677165354 566.0787401574803 29.19685039370079 13.32283464566929 de
235.84251968503938 566.0787401574803 29.19685039370079 13.32283464566929 la
250.58267716535434 566.0787401574803 34.01574803149607 13.32283464566929 fin
269.8582677165354 566.0787401574803 29.19685039370079 13.32283464566929 de
279.496062992126 566.0787401574803 34.01574803149607 13.32283464566929 notre

56.976377952755904 576.8503937007874 31.46456692913386 13.039370078740157 ère
75.11811023622047 576.8503937007874 72.0 13.039370078740157 industrielle
133.51181102362204 576.8503937007874 54.14173228346457 13.039370078740157 semblent
174.04724409448818 576.8503937007874 40.53543307086614 13.039370078740157 avoir
201.25984251968504 576.8503937007874 31.46456692913386 13.039370078740157 été
219.11811023622047 576.8503937007874 36.0 13.039370078740157 bien
241.79527559055117 576.8503937007874 49.60629921259842 13.039370078740157 souvent
273.25984251968504 576.8503937007874 40.53543307086614 13.039370078740157 délais-

18.992125984251967 584.2204724409448 337.03937007874015 13.32283464566929 sés.

56.69291338582677 602.6456692913385 75.96850393700787 13.88976377952756 Jean-Claude
119.90551181102362 602.6456692913385 71.71653543307086 13.88976377952756 PONDEVIE
179.1496062992126 602.6456692913385 25.228346456692915 13.88976377952756 né
191.6220472440945 602.6456692913385 25.228346456692915 13.88976377952756 en
204.3779527559055 602.6456692913385 33.732283464566926 13.88976377952756 1942
225.35433070866142 602.6456692913385 20.976377952755904 13.88976377952756 à
233.85826771653544 602.6456692913385 25.228346456692915 13.88976377952756 La
242.36220472440945 602.6456692913385 58.960629921259844 13.88976377952756 Mothe

49.889763779527556 613.9842519685039 142.86614173228347 17.007874015748033 (France).
159.8740157480315 613.9842519685039 164.9763779527559 17.007874015748033 Architecte.
280.9133858267717 613.9842519685039 32.881889763779526 17.007874015748033 1

275.81102362204723 637.2283464566929 26.362204724409448 16.440944881889763 161
