1062 2361
7 54 200 67 <b>CHILI</b>

188 441 249 64 Commissaire
388 441 183 64 général
521 441 83 64 :
554 441 216 64 <b>Victor
703 441 233 64 Carvacho</b>

168 489 180 54 Herrera

143 629 306 59 L’isolement
387 629 326 59 géographique
653 629 122 59 du
714 629 184 59 Chili
836 629 122 59 et
877 629 102 59 ses

85 682 273 48 contrastes
299 682 234 48 naturels
474 682 136 48 ont
552 682 253 48 déterminé
746 682 117 48 un
785 682 195 48 dévelop-

85 725 195 46 pement
221 725 253 46 singulier
416 725 136 46 des
494 725 156 46 arts
591 725 292 46 plastiques.
806 725 175 46 Enfermé

82 771 239 50 derrière
261 771 279 50 d’immenses
481 771 259 50 montagnes
680 771 120 50 et
740 771 140 50 des
800 771 179 50 déserts

85 803 146 52 sans
176 803 146 52 fin,
267 803 110 52 se
322 803 201 52 perdant
468 803 146 52 dans
560 803 128 52 les
633 803 238 52 solitudes
816 803 110 52 de
852 803 128 52 l’An-

84 847 253 52 tarctique
278 847 117 52 et
337 847 195 52 baigné
473 847 136 52 par
551 847 214 52 l’Océan
707 847 273 52 Pacifique,
902 847 78 52 le

87 893 164 52 noyau
196 893 219 52 culturel
361 893 219 52 dominant
525 893 164 52 s’est
634 893 237 52 concentré
817 893 146 52 dans
890 893 91 52 les

87 927 189 56 limites
224 927 155 56 d’une
328 927 155 56 ville
431 927 103 56 de
482 927 138 56 plus
568 927 103 56 de
620 927 155 56 trois
723 927 206 56 millions
861 927 120 56 d’ha-

85 974 229 53 bitants:
257 974 248 53 Santiago.
447 974 114 53 La
504 974 248 53 diffusion
695 974 286 53 universelle
905 974 76 53 de

82 1018 176 49 toutes
206 1018 123 49 les
276 1018 229 49 tendances
452 1018 123 49 qui
523 1018 300 49 caractérisent
770 1018 123 49 les
840 1018 141 49 arts
911 1018 70 49 de

87 1056 110 52 la
142 1056 183 52 forme,
269 1056 164 52 entre
379 1056 274 52 l’expansion
598 1056 110 52 de
634 1056 347 52 l’impressionnisme

85 1106 104 37 et
137 1106 121 37 les
206 1106 173 37 toutes
326 1106 224 37 nouvelles
499 1106 259 37 expériences
706 1106 242 37 actuelles,
878 1106 104 37 pos-

83 1147 187 46 sèdent
214 1147 131 46 une
289 1147 243 46 constante
476 1147 94 46 :
513 1147 112 46 la
570 1147 187 46 vision
700 1147 112 46 du
757 1147 224 46 surréel.
906 1147 75 46 La

85 1189 187 44 poésie
216 1189 112 44 de
272 1189 187 44 Neruda
403 1189 205 44 reflète
552 1189 149 44 dans
646 1189 112 44 le
702 1189 205 44 domaine
833 1189 149 44 litté-

84 1230 172 49 raire
199 1230 115 49 et
256 1230 153 49 dans
351 1230 134 49 une
428 1230 229 49 certaine
600 1230 191 49 mesure
734 1230 134 49 une
810 1230 172 49 forme
906 1230 76 49 de

86 1272 190 52 rapport
224 1272 121 52 qui
293 1272 242 52 s’accentue
483 1272 138 52 dans
569 1272 104 52 la
621 1272 173 52 vision
741 1272 121 52 des
793 1272 190 52 peintres.

85 1305 179 59 Mattà,
211 1305 215 59 Antûnez,
372 1305 215 59 Barreda,
534 1305 215 59 Zanartu,
695 1305 179 59 Toral,
803 1305 179 59 Carreno,

82 1355 263 45 confirment
289 1355 169 45 cette
401 1355 244 45 immersion
589 1355 150 45 dans
683 1355 113 45 le
739 1355 206 45 surréel
870 1355 113 45 avec

81 1390 141 56 tous
170 1390 124 56 les
240 1390 177 56 traits
364 1390 248 56 soulignant
559 1390 106 56 la
612 1390 265 56 singularité
824 1390 106 56 de
859 1390 124 56 leurs

84 1430 259 49 caractères
268 1430 222 49 picturaux.

142 1502 115 51 La
199 1502 229 51 peinture
371 1502 115 51 de
428 1502 210 51 Rodolfo
581 1502 172 51 Opazo
696 1502 248 51 s’inscrit
867 1502 115 51 dans

81 1549 118 48 ce
140 1549 235 48 puissant
317 1549 216 48 courant
473 1549 118 48 de
532 1549 118 48 la
591 1549 235 48 peinture
748 1549 235 48 chilienne,

82 1592 153 52 mais
178 1592 153 52 chez
274 1592 134 52 lui
350 1592 134 52 les
427 1592 230 52 éléments
600 1592 249 52 provenant
791 1592 153 52 d’un
868 1592 115 52 fond

84 1625 208 53 ibérique
240 1625 190 53 diffus,
378 1625 139 53 d’un
465 1625 277 53 déséquilibre
690 1625 225 53 spirituel
845 1625 139 53 chargé

82 1670 265 43 d’érotisme,
294 1670 283 43 s’accentuent
524 1670 106 43 et
577 1670 265 43 aboutissent
790 1670 88 43 à
825 1670 106 43 un
860 1670 124 43 équi-

84 1710 162 63 libre
192 1710 216 63 pictural
354 1710 108 63 de
408 1710 180 63 formes
534 1710 126 63 qui
607 1710 108 63 se
661 1710 234 63 découpent
823 1710 162 63 claire-

82 1755 154 64 ment
178 1755 135 64 sur
255 1755 135 64 des
332 1755 212 64 espaces
486 1755 116 64 de
525 1755 250 64 désolation.

142 1821 128 61 Les
215 1821 220 61 gravures
380 1821 110 61 de
435 1821 238 61 Francisco
618 1821 202 61 Copello
747 1821 238 61 proviennent

80 1866 261 52 également
281 1866 181 52 d’une
402 1866 201 52 nature
543 1866 221 52 saturée
703 1866 121 52 de
744 1866 241 52 tellurisme

82 1912 148 44 mais
174 1912 203 44 greffée
321 1912 258 44 d’éléments
524 1912 369 44 contradictoires,
819 1912 166 44 résolus

78 1947 350 50 plastiquement
367 1947 123 50 en
428 1947 144 50 une
511 1947 247 50 synthèse
696 1947 123 50 de
758 1947 206 50 formes
881 1947 103 50 qui

79 1997 148 55 sont
171 1997 167 55 comme
282 1997 111 55 un
338 1997 148 55 écho
430 1997 278 55 ordonnateur
652 1997 111 55 du
708 1997 167 55 chaos
800 1997 185 55 initial.

54 2264 82 56 40
