1030 2385
245 72 346 71 <b>EXTRAIT
517 72 148 71 DU
566 72 371 71 REGLEMENT</b>

37 197 206 69 suivantes
196 197 143 69 s’ils
291 197 174 69 restent
418 197 127 69 dans
497 197 111 69 les
560 197 174 69 limites
687 197 143 69 d’âge
767 197 174 69 imposées.

38 257 167 48 Chaque
155 257 134 48 pays
239 257 201 48 étranger
390 257 117 48 est
457 257 251 48 responsable
657 257 100 48 de
708 257 100 48 sa
741 257 201 48 sélection,

39 278 125 59 sans
117 278 156 59 aucune
227 278 250 59 intervention
430 278 94 59 de
477 278 94 59 la
523 278 203 59 Biennale.
680 278 203 59 Celle-ci,
820 278 125 59 cepen-

37 319 157 54 dant,
141 319 139 54 émet
228 319 104 54 le
280 319 122 54 vœu
350 319 122 54 que
420 319 122 54 les
489 319 174 54 jeunes
611 319 174 54 soient
733 319 209 54 associés
872 319 70 54 au

41 357 135 49 choix
131 357 241 49 représentant
327 357 120 49 leur
402 357 120 49 pays
477 357 120 49 dans
553 357 105 49 les
613 357 226 49 différentes
778 357 166 49 sections.

40 395 101 54 Le
91 395 184 54 Conseil
225 395 335 54 d’Administration
509 395 101 54 se
560 395 201 54 réserve,
710 395 235 54 cependant,
878 395 67 54 la

41 425 169 58 faculté
164 425 200 58 d’exclure
317 425 92 58 de
364 425 92 58 la
410 425 185 58 Biennale
548 425 108 58 les
610 425 154 58 œuvres
717 425 108 58 qui
763 425 185 58 pourraient

41 462 132 53 être
123 462 248 53 considérées
321 462 149 53 comme
420 462 248 53 offensantes
618 462 132 53 pour
701 462 99 53 la
750 462 182 53 morale,
866 462 83 53 les

43 492 275 56 institutions,
270 492 113 56 les
334 492 227 56 sentiments
513 492 211 56 religieux
675 492 97 56 ou
723 492 211 56 nationaux
869 492 81 56 des

42 540 213 51 différents
194 540 106 51 pays.

43 611 184 53 Article
177 611 83 53 5
210 611 83 53 —
244 611 184 53 Bourses
377 611 100 53 et
410 611 234 53 récompenses.

45 651 132 70 Pour
128 651 165 70 chaque
244 651 198 70 section,
392 651 99 70 un
442 651 132 70 jury
525 651 297 70 international,
772 651 182 70 composé
888 651 66 70 de

45 694 281 62 personnalités
277 694 182 62 nommées
409 694 116 62 par
475 694 99 62 le
525 694 182 62 Conseil
640 694 314 62 d’Administration,

47 737 95 52 se
95 737 175 52 réunira
222 737 175 52 pendant
349 737 95 52 la
397 737 191 52 Biennale
540 737 95 52 et
588 737 223 52 attribuera
763 737 111 52 des
811 737 143 52 bourses

47 774 101 47 et
98 774 252 47 récompenses
300 774 118 47 aux
367 774 202 47 artistes
518 774 219 47 étrangers
687 774 101 47 et
737 774 219 47 français.
889 774 67 47 Ce

45 797 143 60 jury
135 797 143 60 sera
224 797 197 60 composé
367 797 143 60 d’au
457 797 161 60 moins
564 797 143 60 deux
654 797 161 60 tiers
761 797 107 60 de
797 797 161 60 membres

47 833 245 51 étrangers.
240 833 123 51 Les
310 833 280 51 commissaires
538 833 210 51 généraux
695 833 105 51 de
748 833 175 51 chaque
853 833 105 51 pays

51 871 94 47 ne
98 871 188 47 pourront
240 871 110 47 pas
302 871 141 47 faire
397 871 157 47 partie
506 871 110 47 des
553 871 126 47 jurys.

53 909 109 58 Les
116 909 203 58 décisions
272 909 109 58 des
334 909 141 58 jurys
428 909 281 58 internationaux
662 909 125 58 sont
740 909 125 58 sans
803 909 156 58 recours.

53 951 111 68 Les
117 951 143 68 jurys
212 951 111 68 ont
276 951 95 68 la
323 951 175 68 faculté
450 951 95 68 de
498 951 223 68 s’abstenir
673 951 95 68 de
721 951 223 68 distribuer
880 951 79 68 les

53 991 253 56 récompenses
255 991 185 56 prêvues
390 991 118 56 et,
458 991 135 56 dans
542 991 101 56 ce
592 991 135 56 cas,
677 991 185 56 peuvent
795 991 168 56 proposer

52 1025 110 54 que
115 1025 110 54 les
178 1025 157 54 sommes
288 1025 173 54 rendues
413 1025 141 54 ainsi
507 1025 235 54 disponibles
695 1025 157 54 soient
789 1025 173 54 utilisées

54 1066 125 45 sous
133 1066 109 45 une
195 1066 141 45 autre
289 1066 141 45 forme
383 1066 94 45 au
430 1066 156 45 profit
539 1066 125 45 d’un
617 1066 94 45 ou
664 1066 203 45 plusieurs
805 1066 156 45 artistes

42 1108 219 50 participants.

59 1139 92 52 Le
105 1139 169 52 nombre,
228 1139 92 52 la
274 1139 230 52 répartition
458 1139 92 52 et
504 1139 92 52 le
550 1139 169 52 montant
673 1139 108 52 des
735 1139 169 52 bourses
842 1139 123 52 seront

56 1184 139 50 fixés
133 1184 262 50 ultérieurement.

58 1211 118 59 Les
125 1211 185 59 bourses
260 1211 219 59 destinées
428 1211 118 59 aux
496 1211 219 59 étrangers
664 1211 168 59 seront
765 1211 202 59 attribuées

58 1251 130 56 sans
139 1251 146 56 tenir
236 1251 162 56 compte
350 1251 146 56 d’une
447 1251 243 56 répartition
642 1251 114 56 par
707 1251 259 56 nationalité;
901 1251 65 56 il

60 1288 111 48 n’y
124 1288 127 48 aura
203 1288 111 48 nul
267 1288 254 48 inconvénient
473 1288 79 48 à
505 1288 95 48 ce
553 1288 159 48 qu’une
664 1288 127 48 même
728 1288 238 48 participation

61 1325 209 56 étrangère
221 1325 161 56 compte
334 1325 209 56 plusieurs
478 1325 177 56 lauréats.

65 1358 108 65 Les
126 1358 184 65 artistes
264 1358 138 65 ayant
357 1358 154 65 obtenu
464 1358 123 65 hors
541 1358 92 65 de
587 1358 92 65 la
633 1358 184 65 Biennale
771 1358 108 65 des
817 1358 154 65 distinc-

62 1394 143 60 tions
158 1394 223 60 nationales
333 1394 96 60 ou
381 1394 319 60 internationales,
651 1394 96 60 ou
699 1394 143 60 ayant
795 1394 159 60 acquis
890 1394 80 60 une

60 1431 202 55 certaine
212 1431 236 55 notoriété,
397 1431 101 55 ne
448 1431 169 55 seront
566 1431 118 55 pas
634 1431 169 55 exclus
752 1431 101 55 de
802 1431 101 55 la
836 1431 135 55 compé-

64 1466 169 53 tition.
187 1466 215 53 Cependant,
356 1466 108 53 les
417 1466 185 53 artistes
556 1466 138 53 ayant
648 1466 200 53 bénéficié
802 1466 92 53 de
833 1466 138 53 bourses

63 1498 105 60 ou
115 1498 105 60 de
167 1498 262 60 récompenses
377 1498 87 60 à
412 1498 157 60 l’une
517 1498 122 60 des
587 1498 262 60 précédentes
780 1498 192 60 Biennales

64 1535 101 52 ne
115 1535 202 52 pourront
266 1535 185 52 obtenir
400 1535 118 52 une
468 1535 168 52 bourse
585 1535 101 52 ou
636 1535 118 52 une
703 1535 235 52 récompense
871 1535 101 52 dans

66 1582 106 50 la
119 1582 142 50 même
190 1582 213 50 technique.

69 1607 116 60 Les
135 1607 182 60 bourses
267 1607 132 60 sont
349 1607 215 60 accordées
514 1607 116 60 aux
580 1607 198 60 lauréats
729 1607 215 60 étrangers
877 1607 99 60 pour

69 1640 127 62 leur
149 1640 207 62 permettre
308 1640 95 62 de
355 1640 143 62 faire
451 1640 95 62 en
499 1640 159 62 France
610 1640 95 62 un
658 1640 159 62 séjour
769 1640 95 62 de
801 1640 175 62 plusieurs

69 1680 143 57 mois.
164 1680 143 57 Elles
260 1680 127 57 sont
339 1680 175 57 versées
466 1680 286 57 mensuellement.
705 1680 95 57 Ce
753 1680 159 57 séjour
848 1680 127 57 pourra

69 1710 125 56 être
148 1710 188 56 effectué
288 1710 94 56 en
335 1710 110 56 une
398 1710 94 56 ou
445 1710 203 56 plusieurs
601 1710 125 56 fois
680 1710 78 56 à
711 1710 203 56 condition
852 1710 125 56 d’être

71 1750 141 52 situé
165 1750 141 52 avant
259 1750 282 52 l’inauguration
494 1750 94 52 de
541 1750 94 52 la
588 1750 188 52 Biennale
714 1750 172 52 suivante.

69 1781 164 64 Après
178 1781 182 64 accord
306 1781 109 64 de
361 1781 109 64 la
415 1781 237 64 Biennale,
598 1781 109 64 un
653 1781 201 64 certain
799 1781 182 64 nombre
908 1781 73 64 de

73 1823 185 60 bourses
208 1823 101 60 ou
258 1823 101 60 de
309 1823 252 60 récompenses
510 1823 202 60 offertes
662 1823 118 60 par
729 1823 118 60 des
779 1823 202 60 organismes

75 1860 197 54 officiels
226 1860 91 54 ou
272 1860 166 54 privés,
393 1860 197 54 étrangers
544 1860 91 54 ou
589 1860 197 54 français,
741 1860 182 54 pourront
862 1860 121 54 égale-

75 1909 135 45 ment
160 1909 135 45 être
227 1909 203 45 décernées.

77 1939 122 63 Les
146 1939 209 63 artistes
303 1939 157 63 ayant
408 1939 175 63 obtenu
530 1939 122 63 une
600 1939 175 63 bourse
722 1939 105 63 ou
775 1939 122 63 une
827 1939 157 63 mention

77 1973 125 59 sont
156 1973 141 59 tenus
249 1973 94 59 de
296 1973 172 59 laisser
421 1973 109 59 une
484 1973 94 59 ou
531 1973 125 59 deux
609 1973 156 59 œuvres
718 1973 78 59 à
750 1973 94 59 la
781 1973 203 59 disposition

79 2003 91 65 de
124 2003 91 65 la
170 2003 182 65 Biennale
306 2003 121 65 pour
382 2003 212 65 participer
548 2003 106 65 aux
609 2003 227 65 expositions
790 2003 106 65 des
836 2003 151 65 lauréats

78 2038 116 62 que
145 2038 198 62 celle-ci
293 2038 132 62 peut
376 2038 215 62 organiser
542 2038 99 62 en
591 2038 165 62 France
707 2038 99 62 ou
756 2038 83 62 à
773 2038 215 62 l’étranger.

80 2079 103 64 Si
131 2079 120 64 ces
200 2079 172 64 œuvres
320 2079 155 64 n’ont
423 2079 120 64 pas
492 2079 120 64 été
561 2079 206 64 achetées
715 2079 103 64 au
767 2079 155 64 cours
870 2079 103 64 de
904 2079 86 64 ces

82 2113 220 67 expositions
258 2113 234 67 itinérantes,
448 2113 132 67 elles
536 2113 146 67 seront
639 2113 190 67 renvoyées
785 2113 102 67 aux
829 2113 161 67 artistes,

77 2148 125 65 aux
149 2148 161 65 frais
256 2148 108 65 de
310 2148 108 65 la
364 2148 233 65 Biennale,
543 2148 143 65 dans
633 2148 108 65 un
686 2148 161 65 délai
794 2148 197 65 maximum
919 2148 72 65 de

80 2209 134 43 deux
147 2209 101 43 ans.

919 2263 76 46 15
