1030 2385
16 208 311 77 confrontation
272 208 256 77 d’artistes
473 208 220 77 résidant
638 208 92 77 à
675 208 183 77 Paris,
785 208 146 77 ouver-

16 252 140 73 ture
104 252 158 73 d’une
209 252 158 73 salle
315 252 105 73 de
367 252 211 73 création
525 252 88 73 à
560 252 211 73 laquelle
701 252 228 73 participera

18 292 122 75 le
79 292 224 75 public,
242 292 224 75 hommage
405 292 183 75 rendu
527 292 102 75 à
567 292 143 75 des
649 292 244 75 artistes
812 292 122 75 dis-

18 337 176 75 parus
135 337 117 75 ou
193 337 137 75 qui
271 337 117 75 ne
330 337 215 75 peuvent
486 337 156 75 être
583 337 234 75 présents
759 337 98 75 à
778 337 156 75 Paris.

21 389 126 60 Cet
93 389 180 60 effort
219 389 251 60 correspond
416 389 251 60 d’ailleurs
614 389 90 60 à
650 389 162 60 celui
757 389 108 60 de
793 389 144 60 décen-

19 427 281 61 tralisation
244 427 131 61 que
319 427 150 61 nous
413 427 281 61 poursuivons
637 427 150 61 dans
731 427 112 61 le
768 427 169 61 domaine

23 484 111 55 du
61 484 185 55 théâtre.

81 519 117 76 En
140 519 195 76 effet,
277 519 176 76 cette
394 519 195 76 année,
530 519 137 76 les
608 519 273 76 spectacles
823 519 117 76 de
862 519 78 76 la

24 565 257 74 Biennale
216 565 129 74 se
281 565 321 74 dérouleront
538 565 364 74 simultanément
816 565 129 74 dans

28 600 239 82 plusieurs
211 600 239 82 théâtres,
395 600 110 82 ce
450 600 129 82 qui
524 600 147 82 nous
615 600 239 82 permettra
781 600 165 82 d’assu-

28 642 140 73 rer
108 642 120 73 de
168 642 160 73 plus
268 642 280 73 nombreuses
488 642 380 73 représentations
807 642 100 73 à
827 642 120 73 cha-

30 692 160 72 cune
130 692 140 72 des
210 692 220 72 troupes
370 692 360 72 sélectionnées.
669 692 160 72 Nous
749 692 200 72 espérons

31 733 245 68 qu’elles
214 733 327 68 apporteront,
480 733 184 68 comme
602 733 122 68 il
663 733 102 68 y
704 733 102 68 a
745 733 163 68 deux
827 733 122 68 ans,

34 777 125 65 un
97 777 167 65 élan
201 777 125 65 et
264 777 146 65 une
347 777 271 65 explosion
556 777 271 65 d’apports
743 777 209 65 nouveaux

36 817 89 69 à
72 817 268 69 l’ouverture
286 817 107 69 de
339 817 107 69 la
393 817 178 69 saison
500 817 214 69 théâtrale.

96 860 187 76 Enfin,
227 860 168 76 grâce
339 860 93 76 à
376 860 112 76 la
432 860 317 76 collaboration
694 860 112 76 de
731 860 224 76 l’O.RT.F.,

41 911 120 74 un
101 911 259 74 programme
300 911 219 74 musical
460 911 259 74 important
659 911 100 74 a
699 911 120 74 pu
759 911 159 74 être
838 911 120 74 éta-

42 950 157 76 bli;
140 950 117 76 il
199 950 235 76 comprend
375 950 137 76 des
453 950 196 76 œuvres
590 950 196 76 venues
727 950 117 76 de
766 950 196 76 nombreux

44 1004 153 73 pays
140 1004 115 73 et
197 1004 249 73 plusieurs
388 1004 249 73 créations
579 1004 268 73 commandées
790 1004 115 73 en
828 1004 134 73 cette

46 1039 249 72 occasion.
237 1039 115 72 Il
295 1039 153 72 sera
390 1039 210 72 diffusé
543 1039 153 72 dans
639 1039 306 72 l’auditorium
868 1039 96 72 que

46 1074 160 78 nous
146 1074 180 78 avons
266 1074 220 78 aménagé
425 1074 160 78 avec
525 1074 259 78 l’aimable
725 1074 239 78 concours
884 1074 80 78 de

26 1145 175 56 l’ARC.

103 1155 176 90 Telle
221 1155 156 90 sera
319 1155 176 90 notre
436 1155 215 90 Sixième
592 1155 235 90 Biennale
768 1155 117 90 de
808 1155 156 90 Paris.

52 1218 163 76 Nous
154 1218 245 76 espérons
337 1218 143 76 que
419 1218 143 76 les
500 1218 224 76 efforts
663 1218 285 76 passionnés
867 1218 102 76 des

53 1265 230 67 artistes
225 1265 325 67 rencontreront
493 1265 268 67 l’adhésion
703 1265 115 67 et
761 1265 115 67 la
799 1265 172 67 réponse

54 1297 150 76 d’un
148 1297 187 76 public
279 1297 243 76 fraternel
466 1297 112 76 et
522 1297 131 76 que
597 1297 168 76 cette
690 1297 281 76 manifestation

54 1339 256 74 marquera
246 1339 128 74 un
310 1339 192 74 jalon
438 1339 235 74 nouveau
609 1339 171 74 dans
716 1339 128 74 la
758 1339 214 74 création

58 1398 167 73 d’une
170 1398 223 73 nouvelle
319 1398 186 73 société.

605 1445 215 76 Jacques
742 1445 235 76 Lassaigne.

930 2265 80 40 13
