<alto xmlns:xsi="http://www.w3.org/2001/XMLSchema-instance" xmlns="http://www.loc.gov/standards/alto/ns-v2#" xmlns:page="http://schema.primaresearch.org/PAGE/gts/pagecontent/2013-07-15" xsi:schemaLocation="http://www.loc.gov/standards/alto/ns-v2# http://www.loc.gov/standards/alto/alto.xsd">
  <Description>
    <MeasurementUnit>pixel</MeasurementUnit>
    <sourceImageInformation>
         <fileName>Cat_Paris_1969-0108.xml</fileName>
      </sourceImageInformation>
    <OCRProcessing ID="IdOcr">
      <ocrProcessingStep>
        <processingDateTime>2020-07-06T17:32:51.96+02:00</processingDateTime>
        <processingSoftware>
               <softwareCreator>CONTRIBUTORS</softwareCreator>
               <softwareName>pdfalto</softwareName>
               <softwareVersion>0.1</softwareVersion>
            </processingSoftware>
      </ocrProcessingStep>
    </OCRProcessing>
  </Description>
  <Styles>
     <TextStyle ID="FONT0" FONTFAMILY="unknown" FONTSIZE="unknown" FONTTYPE="unknown" FONTWIDTH="unknown" FONTCOLOR="unknown" FONTSTYLE=""/>
     <TextStyle ID="FONT1" FONTFAMILY="unknown" FONTSIZE="unknown" FONTTYPE="unknown" FONTWIDTH="unknown" FONTCOLOR="unknown" FONTSTYLE="bold"/>
     <TextStyle ID="FONT2" FONTFAMILY="unknown" FONTSIZE="unknown" FONTTYPE="unknown" FONTWIDTH="unknown" FONTCOLOR="unknown" FONTSTYLE="italics"/>
</Styles>
  <Tags/>
  <Layout>
    <Page ID="Page1" PHYSICAL_IMG_NR="1" HEIGHT="669.2598425196851" WIDTH="312.09448818897636">
      <PrintSpace HEIGHT="635.2440944881889" WIDTH="271.2755905511811" VPOS="22.96062992125984" HPOS="40.818897637795274">
        <TextBlock ID="r_1_1" HEIGHT="13.039370078740157" WIDTH="89.5748031496063" VPOS="24.37795275590551" HPOS="221.95275590551182">
          <TextLine ID="tl_1" BASELINE="141" HEIGHT="20.976377952755904" WIDTH="92.40944881889764" VPOS="18.992125984251967" HPOS="220.251968503937">
            <String HEIGHT="20.976377952755904" WIDTH="104.5984251968504" VPOS="18.992125984251967" HPOS="208.06299212598427" CONTENT="PORTUGAL" ID="tl_1_1" STYLEREFS="FONT1"/>
          </TextLine>
        </TextBlock>
        <TextBlock ID="r_2_1" HEIGHT="15.874015748031496" WIDTH="225.35433070866142" VPOS="133.22834645669292" HPOS="66.89763779527559">
          <TextLine ID="tl_2" BASELINE="533" HEIGHT="22.677165354330707" WIDTH="228.18897637795277" VPOS="128.40944881889763" HPOS="65.48031496062993">
            <String HEIGHT="22.677165354330707" WIDTH="67.18110236220473" VPOS="128.40944881889763" HPOS="60.94488188976378" CONTENT="Commissaire" ID="tl_2_1" STYLEREFS="FONT0"/>
            <SP HEIGHT="22.677165354330707" WIDTH="4.535433070866142" VPOS="128.40944881889763" HPOS="128.1259842519685"/>
            <String HEIGHT="22.677165354330707" WIDTH="49.32283464566929" VPOS="128.40944881889763" HPOS="114.80314960629921" CONTENT="général" ID="tl_2_2" STYLEREFS="FONT0"/>
            <SP HEIGHT="22.677165354330707" WIDTH="4.535433070866142" VPOS="128.40944881889763" HPOS="163.84251968503938"/>
            <String HEIGHT="22.677165354330707" WIDTH="22.393700787401574" VPOS="128.40944881889763" HPOS="150.51968503937007" CONTENT=":" ID="tl_2_3" STYLEREFS="FONT0"/>
            <SP HEIGHT="22.677165354330707" WIDTH="4.535433070866142" VPOS="128.40944881889763" HPOS="172.91338582677164"/>
            <String HEIGHT="22.677165354330707" WIDTH="40.25196850393701" VPOS="128.40944881889763" HPOS="159.30708661417322" CONTENT="Dr" ID="tl_2_4" STYLEREFS="FONT1"/>
            <SP HEIGHT="22.677165354330707" WIDTH="4.535433070866142" VPOS="128.40944881889763" HPOS="199.84251968503938"/>
            <String HEIGHT="22.677165354330707" WIDTH="58.110236220472444" VPOS="128.40944881889763" HPOS="186.23622047244095" CONTENT="Francisco" ID="tl_2_5" STYLEREFS="FONT1"/>
            <SP HEIGHT="22.677165354330707" WIDTH="4.535433070866142" VPOS="128.40944881889763" HPOS="244.3464566929134"/>
            <String HEIGHT="22.677165354330707" WIDTH="67.18110236220473" VPOS="128.40944881889763" HPOS="226.48818897637796" CONTENT="d’Avillez" ID="tl_2_6" STYLEREFS="FONT1"/>
          </TextLine>
        </TextBlock>
        <TextBlock ID="r_2_2" HEIGHT="33.16535433070866" WIDTH="226.20472440944883" VPOS="147.11811023622047" HPOS="66.89763779527559">
          <TextLine ID="tl_3" BASELINE="574" HEIGHT="17.5748031496063" WIDTH="228.4724409448819" VPOS="145.13385826771653" HPOS="65.76377952755905">
            <String HEIGHT="17.5748031496063" WIDTH="37.98425196850393" VPOS="145.13385826771653" HPOS="60.94488188976378" CONTENT="Chef" ID="tl_3_1" STYLEREFS="FONT0"/>
            <SP HEIGHT="17.5748031496063" WIDTH="4.818897637795276" VPOS="145.13385826771653" HPOS="99.21259842519684"/>
            <String HEIGHT="17.5748031496063" WIDTH="28.62992125984252" VPOS="145.13385826771653" HPOS="84.75590551181102" CONTENT="de" ID="tl_3_2" STYLEREFS="FONT0"/>
            <SP HEIGHT="17.5748031496063" WIDTH="4.818897637795276" VPOS="145.13385826771653" HPOS="113.38582677165354"/>
            <String HEIGHT="17.5748031496063" WIDTH="28.62992125984252" VPOS="145.13385826771653" HPOS="99.21259842519684" CONTENT="la" ID="tl_3_3" STYLEREFS="FONT0"/>
            <SP HEIGHT="17.5748031496063" WIDTH="4.818897637795276" VPOS="145.13385826771653" HPOS="127.55905511811024"/>
            <String HEIGHT="17.5748031496063" WIDTH="52.44094488188976" VPOS="145.13385826771653" HPOS="113.38582677165354" CONTENT="Section" ID="tl_3_4" STYLEREFS="FONT0"/>
            <SP HEIGHT="17.5748031496063" WIDTH="4.818897637795276" VPOS="145.13385826771653" HPOS="165.82677165354332"/>
            <String HEIGHT="17.5748031496063" WIDTH="33.44881889763779" VPOS="145.13385826771653" HPOS="151.37007874015748" CONTENT="des" ID="tl_3_5" STYLEREFS="FONT0"/>
            <SP HEIGHT="17.5748031496063" WIDTH="4.818897637795276" VPOS="145.13385826771653" HPOS="184.8188976377953"/>
            <String HEIGHT="17.5748031496063" WIDTH="37.98425196850393" VPOS="145.13385826771653" HPOS="170.36220472440945" CONTENT="Arts" ID="tl_3_6" STYLEREFS="FONT0"/>
            <SP HEIGHT="17.5748031496063" WIDTH="4.818897637795276" VPOS="145.13385826771653" HPOS="208.62992125984252"/>
            <String HEIGHT="17.5748031496063" WIDTH="66.61417322834646" VPOS="145.13385826771653" HPOS="194.17322834645668" CONTENT="plastiques" ID="tl_3_7" STYLEREFS="FONT0"/>
            <SP HEIGHT="17.5748031496063" WIDTH="4.818897637795276" VPOS="145.13385826771653" HPOS="260.78740157480314"/>
            <String HEIGHT="17.5748031496063" WIDTH="28.62992125984252" VPOS="145.13385826771653" HPOS="246.61417322834646" CONTENT="au" ID="tl_3_8" STYLEREFS="FONT0"/>
            <SP HEIGHT="17.5748031496063" WIDTH="4.818897637795276" VPOS="145.13385826771653" HPOS="275.244094488189"/>
            <String HEIGHT="17.5748031496063" WIDTH="37.98425196850393" VPOS="145.13385826771653" HPOS="256.251968503937" CONTENT="Secré" SUBS_TYPE="HypPart1" SUBS_CONTENT="Secrétariat" ID="tl_3_9" STYLEREFS="FONT0"/>
            <HYP CONTENT="-"/>
          </TextLine>
          <TextLine ID="tl_4" BASELINE="606" HEIGHT="16.440944881889763" WIDTH="228.75590551181102" VPOS="155.33858267716536" HPOS="65.76377952755905">
            <String HEIGHT="16.440944881889763" WIDTH="44.78740157480315" VPOS="155.33858267716536" HPOS="61.22834645669291" CONTENT="tariat" SUBS_TYPE="HypPart2" SUBS_CONTENT="Secrétariat" ID="tl_4_1" STYLEREFS="FONT0"/>
            <SP HEIGHT="16.440944881889763" WIDTH="4.535433070866142" VPOS="155.33858267716536" HPOS="106.01574803149606"/>
            <String HEIGHT="16.440944881889763" WIDTH="53.85826771653543" VPOS="155.33858267716536" HPOS="92.69291338582677" CONTENT="National" ID="tl_4_2" STYLEREFS="FONT0"/>
            <SP HEIGHT="16.440944881889763" WIDTH="4.535433070866142" VPOS="155.33858267716536" HPOS="146.5511811023622"/>
            <String HEIGHT="16.440944881889763" WIDTH="22.393700787401574" VPOS="155.33858267716536" HPOS="132.9448818897638" CONTENT="à" ID="tl_4_3" STYLEREFS="FONT0"/>
            <SP HEIGHT="16.440944881889763" WIDTH="4.535433070866142" VPOS="155.33858267716536" HPOS="155.33858267716536"/>
            <String HEIGHT="16.440944881889763" WIDTH="80.78740157480316" VPOS="155.33858267716536" HPOS="142.01574803149606" CONTENT="l’Information," ID="tl_4_4" STYLEREFS="FONT0"/>
            <SP HEIGHT="16.440944881889763" WIDTH="4.535433070866142" VPOS="155.33858267716536" HPOS="222.8031496062992"/>
            <String HEIGHT="16.440944881889763" WIDTH="22.393700787401574" VPOS="155.33858267716536" HPOS="209.1968503937008" CONTENT="à" ID="tl_4_5" STYLEREFS="FONT0"/>
            <SP HEIGHT="16.440944881889763" WIDTH="4.535433070866142" VPOS="155.33858267716536" HPOS="231.59055118110237"/>
            <String HEIGHT="16.440944881889763" WIDTH="26.929133858267715" VPOS="155.33858267716536" HPOS="218.26771653543307" CONTENT="la" ID="tl_4_6" STYLEREFS="FONT0"/>
            <SP HEIGHT="16.440944881889763" WIDTH="4.535433070866142" VPOS="155.33858267716536" HPOS="245.1968503937008"/>
            <String HEIGHT="16.440944881889763" WIDTH="49.32283464566929" VPOS="155.33858267716536" HPOS="231.59055118110237" CONTENT="Culture" ID="tl_4_7" STYLEREFS="FONT0"/>
            <SP HEIGHT="16.440944881889763" WIDTH="4.535433070866142" VPOS="155.33858267716536" HPOS="281.1968503937008"/>
            <String HEIGHT="16.440944881889763" WIDTH="31.46456692913386" VPOS="155.33858267716536" HPOS="263.0551181102362" CONTENT="Popu" SUBS_TYPE="HypPart1" SUBS_CONTENT="Populaire" ID="tl_4_8" STYLEREFS="FONT0"/>
            <HYP CONTENT="-"/>
          </TextLine>
          <TextLine ID="tl_5" BASELINE="648" HEIGHT="15.307086614173228" WIDTH="146.26771653543307" VPOS="168.3779527559055" HPOS="66.89763779527559">
            <String HEIGHT="15.307086614173228" WIDTH="41.10236220472441" VPOS="168.3779527559055" HPOS="62.36220472440945" CONTENT="laire" SUBS_TYPE="HypPart2" SUBS_CONTENT="Populaire" ID="tl_5_1" STYLEREFS="FONT0"/>
            <SP HEIGHT="15.307086614173228" WIDTH="4.535433070866142" VPOS="168.3779527559055" HPOS="103.46456692913385"/>
            <String HEIGHT="15.307086614173228" WIDTH="27.496062992125985" VPOS="168.3779527559055" HPOS="89.85826771653544" CONTENT="et" ID="tl_5_2" STYLEREFS="FONT0"/>
            <SP HEIGHT="15.307086614173228" WIDTH="4.535433070866142" VPOS="168.3779527559055" HPOS="117.07086614173228"/>
            <String HEIGHT="15.307086614173228" WIDTH="27.496062992125985" VPOS="168.3779527559055" HPOS="103.46456692913385" CONTENT="au" ID="tl_5_3" STYLEREFS="FONT0"/>
            <SP HEIGHT="15.307086614173228" WIDTH="4.535433070866142" VPOS="168.3779527559055" HPOS="130.96062992125985"/>
            <String HEIGHT="15.307086614173228" WIDTH="54.99212598425197" VPOS="168.3779527559055" HPOS="117.07086614173228" CONTENT="Tourisme" ID="tl_5_4" STYLEREFS="FONT0"/>
            <SP HEIGHT="15.307086614173228" WIDTH="4.535433070866142" VPOS="168.3779527559055" HPOS="172.06299212598427"/>
            <String HEIGHT="15.307086614173228" WIDTH="22.96062992125984" VPOS="168.3779527559055" HPOS="158.45669291338584" CONTENT="à" ID="tl_5_5" STYLEREFS="FONT0"/>
            <SP HEIGHT="15.307086614173228" WIDTH="4.535433070866142" VPOS="168.3779527559055" HPOS="181.13385826771653"/>
            <String HEIGHT="15.307086614173228" WIDTH="50.173228346456696" VPOS="168.3779527559055" HPOS="162.99212598425197" CONTENT="Lisbonne." ID="tl_5_6" STYLEREFS="FONT0"/>
          </TextLine>
        </TextBlock>
        <TextBlock ID="r_2_3" HEIGHT="38.83464566929134" WIDTH="226.20472440944883" VPOS="182.83464566929135" HPOS="67.46456692913385">
          <TextLine ID="tl_6" BASELINE="702" HEIGHT="18.141732283464567" WIDTH="228.18897637795277" VPOS="180.8503937007874" HPOS="65.76377952755905">
            <String HEIGHT="18.141732283464567" WIDTH="79.65354330708661" VPOS="180.8503937007874" HPOS="60.37795275590551" CONTENT="Commissaire" ID="tl_6_1" STYLEREFS="FONT0"/>
            <SP HEIGHT="18.141732283464567" WIDTH="5.3858267716535435" VPOS="180.8503937007874" HPOS="140.03149606299212"/>
            <String HEIGHT="18.141732283464567" WIDTH="58.39370078740158" VPOS="180.8503937007874" HPOS="124.15748031496064" CONTENT="général" ID="tl_6_2" STYLEREFS="FONT0"/>
            <SP HEIGHT="18.141732283464567" WIDTH="5.3858267716535435" VPOS="180.8503937007874" HPOS="182.5511811023622"/>
            <String HEIGHT="18.141732283464567" WIDTH="63.77952755905512" VPOS="180.8503937007874" HPOS="166.6771653543307" CONTENT="adjoint:" ID="tl_6_3" STYLEREFS="FONT0"/>
            <SP HEIGHT="18.141732283464567" WIDTH="5.3858267716535435" VPOS="180.8503937007874" HPOS="230.17322834645668"/>
            <String HEIGHT="18.141732283464567" WIDTH="47.62204724409449" VPOS="180.8503937007874" HPOS="214.29921259842519" CONTENT="Paulo" ID="tl_6_4" STYLEREFS="FONT0"/>
            <SP HEIGHT="18.141732283464567" WIDTH="5.3858267716535435" VPOS="180.8503937007874" HPOS="262.20472440944883"/>
            <String HEIGHT="18.141732283464567" WIDTH="53.00787401574803" VPOS="180.8503937007874" HPOS="240.9448818897638" CONTENT="Ferreira" ID="tl_6_5" STYLEREFS="FONT0"/>
          </TextLine>
          <TextLine ID="tl_7" BASELINE="748" HEIGHT="18.4251968503937" WIDTH="228.18897637795277" VPOS="193.60629921259843" HPOS="66.89763779527559">
            <String HEIGHT="18.4251968503937" WIDTH="60.661417322834644" VPOS="193.60629921259843" HPOS="62.36220472440945" CONTENT="Directeur" ID="tl_7_1" STYLEREFS="FONT0"/>
            <SP HEIGHT="18.4251968503937" WIDTH="4.535433070866142" VPOS="193.60629921259843" HPOS="122.74015748031496"/>
            <String HEIGHT="18.4251968503937" WIDTH="28.062992125984252" VPOS="193.60629921259843" HPOS="108.85039370078741" CONTENT="du" ID="tl_7_2" STYLEREFS="FONT0"/>
            <SP HEIGHT="18.4251968503937" WIDTH="4.535433070866142" VPOS="193.60629921259843" HPOS="136.62992125984252"/>
            <String HEIGHT="18.4251968503937" WIDTH="51.30708661417323" VPOS="193.60629921259843" HPOS="122.74015748031496" CONTENT="Service" ID="tl_7_3" STYLEREFS="FONT0"/>
            <SP HEIGHT="18.4251968503937" WIDTH="4.535433070866142" VPOS="193.60629921259843" HPOS="174.04724409448818"/>
            <String HEIGHT="18.4251968503937" WIDTH="65.19685039370079" VPOS="193.60629921259843" HPOS="160.15748031496062" CONTENT="artistique" ID="tl_7_4" STYLEREFS="FONT0"/>
            <SP HEIGHT="18.4251968503937" WIDTH="4.535433070866142" VPOS="193.60629921259843" HPOS="225.35433070866142"/>
            <String HEIGHT="18.4251968503937" WIDTH="23.244094488188978" VPOS="193.60629921259843" HPOS="211.1811023622047" CONTENT="à" ID="tl_7_5" STYLEREFS="FONT0"/>
            <SP HEIGHT="18.4251968503937" WIDTH="4.535433070866142" VPOS="193.60629921259843" HPOS="234.4251968503937"/>
            <String HEIGHT="18.4251968503937" WIDTH="28.062992125984252" VPOS="193.60629921259843" HPOS="220.53543307086613" CONTENT="la" ID="tl_7_6" STYLEREFS="FONT0"/>
            <SP HEIGHT="18.4251968503937" WIDTH="4.535433070866142" VPOS="193.60629921259843" HPOS="248.5984251968504"/>
            <String HEIGHT="18.4251968503937" WIDTH="37.13385826771653" VPOS="193.60629921259843" HPOS="234.4251968503937" CONTENT="Casa" ID="tl_7_7" STYLEREFS="FONT0"/>
            <SP HEIGHT="18.4251968503937" WIDTH="4.535433070866142" VPOS="193.60629921259843" HPOS="271.84251968503935"/>
            <String HEIGHT="18.4251968503937" WIDTH="28.062992125984252" VPOS="193.60629921259843" HPOS="257.9527559055118" CONTENT="du" ID="tl_7_8" STYLEREFS="FONT0"/>
            <SP HEIGHT="18.4251968503937" WIDTH="4.535433070866142" VPOS="193.60629921259843" HPOS="285.73228346456693"/>
            <String HEIGHT="18.4251968503937" WIDTH="28.062992125984252" VPOS="193.60629921259843" HPOS="267.0236220472441" CONTENT="Por" SUBS_TYPE="HypPart1" SUBS_CONTENT="Portugal" ID="tl_7_9" STYLEREFS="FONT0"/>
            <HYP CONTENT="-"/>
          </TextLine>
          <TextLine ID="tl_8" BASELINE="793" HEIGHT="15.874015748031496" WIDTH="61.511811023622045" VPOS="208.91338582677164" HPOS="66.33070866141732">
            <String HEIGHT="15.874015748031496" WIDTH="39.68503937007874" VPOS="208.91338582677164" HPOS="62.07874015748032" CONTENT="tugal" SUBS_TYPE="HypPart2" SUBS_CONTENT="Portugal" ID="tl_8_1" STYLEREFS="FONT0"/>
            <SP HEIGHT="15.874015748031496" WIDTH="4.535433070866142" VPOS="208.91338582677164" HPOS="101.48031496062993"/>
            <String HEIGHT="15.874015748031496" WIDTH="22.11023622047244" VPOS="208.91338582677164" HPOS="88.44094488188976" CONTENT="à" ID="tl_8_2" STYLEREFS="FONT0"/>
            <SP HEIGHT="15.874015748031496" WIDTH="4.535433070866142" VPOS="208.91338582677164" HPOS="110.26771653543307"/>
            <String HEIGHT="15.874015748031496" WIDTH="35.1496062992126" VPOS="208.91338582677164" HPOS="92.69291338582677" CONTENT="Paris." ID="tl_8_3" STYLEREFS="FONT0"/>
          </TextLine>
        </TextBlock>
        <TextBlock ID="r_3_1" HEIGHT="216.0" WIDTH="254.26771653543307" VPOS="244.91338582677164" HPOS="43.08661417322835">
          <TextLine ID="tl_9" BASELINE="920" HEIGHT="19.275590551181104" WIDTH="239.24409448818898" VPOS="241.51181102362204" HPOS="56.125984251968504">
            <String HEIGHT="19.275590551181104" WIDTH="51.30708661417323" VPOS="241.51181102362204" HPOS="50.45669291338583" CONTENT="Comme" ID="tl_9_1" STYLEREFS="FONT0"/>
            <SP HEIGHT="19.275590551181104" WIDTH="5.669291338582677" VPOS="241.51181102362204" HPOS="101.76377952755905"/>
            <String HEIGHT="19.275590551181104" WIDTH="45.63779527559055" VPOS="241.51181102362204" HPOS="84.4724409448819" CONTENT="tout" ID="tl_9_2" STYLEREFS="FONT0"/>
            <SP HEIGHT="19.275590551181104" WIDTH="5.669291338582677" VPOS="241.51181102362204" HPOS="130.11023622047244"/>
            <String HEIGHT="19.275590551181104" WIDTH="39.968503937007874" VPOS="241.51181102362204" HPOS="113.10236220472441" CONTENT="art" ID="tl_9_3" STYLEREFS="FONT0"/>
            <SP HEIGHT="19.275590551181104" WIDTH="5.669291338582677" VPOS="241.51181102362204" HPOS="153.0708661417323"/>
            <String HEIGHT="19.275590551181104" WIDTH="85.32283464566929" VPOS="241.51181102362204" HPOS="135.7795275590551" CONTENT="occidental," ID="tl_9_4" STYLEREFS="FONT0"/>
            <SP HEIGHT="19.275590551181104" WIDTH="5.669291338582677" VPOS="241.51181102362204" HPOS="221.38582677165354"/>
            <String HEIGHT="19.275590551181104" WIDTH="51.30708661417323" VPOS="241.51181102362204" HPOS="204.09448818897638" CONTENT="l’art" ID="tl_9_5" STYLEREFS="FONT0"/>
            <SP HEIGHT="19.275590551181104" WIDTH="5.669291338582677" VPOS="241.51181102362204" HPOS="255.4015748031496"/>
            <String HEIGHT="19.275590551181104" WIDTH="62.645669291338585" VPOS="241.51181102362204" HPOS="232.7244094488189" CONTENT="portugais" ID="tl_9_6" STYLEREFS="FONT0"/>
          </TextLine>
          <TextLine ID="tl_10" BASELINE="961" HEIGHT="13.88976377952756" WIDTH="253.70078740157481" VPOS="258.5196850393701" HPOS="41.38582677165354">
            <String HEIGHT="13.88976377952756" WIDTH="88.15748031496064" VPOS="258.5196850393701" HPOS="36.28346456692913" CONTENT="d’aujourd’hui" ID="tl_10_1" STYLEREFS="FONT0"/>
            <SP HEIGHT="13.88976377952756" WIDTH="5.102362204724409" VPOS="258.5196850393701" HPOS="124.15748031496064"/>
            <String HEIGHT="13.88976377952756" WIDTH="36.28346456692913" VPOS="258.5196850393701" HPOS="108.56692913385827" CONTENT="est" ID="tl_10_2" STYLEREFS="FONT0"/>
            <SP HEIGHT="13.88976377952756" WIDTH="5.102362204724409" VPOS="258.5196850393701" HPOS="144.8503937007874"/>
            <String HEIGHT="13.88976377952756" WIDTH="62.07874015748032" VPOS="258.5196850393701" HPOS="129.54330708661416" CONTENT="muitiple" ID="tl_10_3" STYLEREFS="FONT0"/>
            <SP HEIGHT="13.88976377952756" WIDTH="5.102362204724409" VPOS="258.5196850393701" HPOS="191.6220472440945"/>
            <String HEIGHT="13.88976377952756" WIDTH="31.181102362204726" VPOS="258.5196850393701" HPOS="176.03149606299212" CONTENT="et" ID="tl_10_4" STYLEREFS="FONT0"/>
            <SP HEIGHT="13.88976377952756" WIDTH="5.102362204724409" VPOS="258.5196850393701" HPOS="206.9291338582677"/>
            <String HEIGHT="13.88976377952756" WIDTH="98.36220472440945" VPOS="258.5196850393701" HPOS="191.6220472440945" CONTENT="contradictoire." ID="tl_10_5" STYLEREFS="FONT0"/>
            <SP HEIGHT="13.88976377952756" WIDTH="5.102362204724409" VPOS="258.5196850393701" HPOS="289.98425196850394"/>
            <String HEIGHT="13.88976377952756" WIDTH="25.79527559055118" VPOS="258.5196850393701" HPOS="269.29133858267716" CONTENT="Nos" ID="tl_10_6" STYLEREFS="FONT0"/>
          </TextLine>
          <TextLine ID="tl_11" BASELINE="1003" HEIGHT="17.007874015748033" WIDTH="254.26771653543307" VPOS="267.3070866141732" HPOS="41.95275590551181">
            <String HEIGHT="17.007874015748033" WIDTH="64.91338582677166" VPOS="267.3070866141732" HPOS="36.56692913385827" CONTENT="artistes" ID="tl_11_1" STYLEREFS="FONT0"/>
            <SP HEIGHT="17.007874015748033" WIDTH="5.3858267716535435" VPOS="267.3070866141732" HPOS="101.48031496062993"/>
            <String HEIGHT="17.007874015748033" WIDTH="70.2992125984252" VPOS="267.3070866141732" HPOS="85.32283464566929" CONTENT="cherchent" ID="tl_11_2" STYLEREFS="FONT0"/>
            <SP HEIGHT="17.007874015748033" WIDTH="5.3858267716535435" VPOS="267.3070866141732" HPOS="155.6220472440945"/>
            <String HEIGHT="17.007874015748033" WIDTH="26.929133858267715" VPOS="267.3070866141732" HPOS="139.46456692913387" CONTENT="à" ID="tl_11_3" STYLEREFS="FONT0"/>
            <SP HEIGHT="17.007874015748033" WIDTH="5.3858267716535435" VPOS="267.3070866141732" HPOS="166.39370078740157"/>
            <String HEIGHT="17.007874015748033" WIDTH="43.37007874015748" VPOS="267.3070866141732" HPOS="150.23622047244095" CONTENT="tout" ID="tl_11_4" STYLEREFS="FONT0"/>
            <SP HEIGHT="17.007874015748033" WIDTH="5.3858267716535435" VPOS="267.3070866141732" HPOS="193.3228346456693"/>
            <String HEIGHT="17.007874015748033" WIDTH="32.59842519685039" VPOS="267.3070866141732" HPOS="177.16535433070865" CONTENT="le" ID="tl_11_5" STYLEREFS="FONT0"/>
            <SP HEIGHT="17.007874015748033" WIDTH="5.3858267716535435" VPOS="267.3070866141732" HPOS="209.76377952755905"/>
            <String HEIGHT="17.007874015748033" WIDTH="48.75590551181102" VPOS="267.3070866141732" HPOS="193.3228346456693" CONTENT="moins" ID="tl_11_6" STYLEREFS="FONT0"/>
            <SP HEIGHT="17.007874015748033" WIDTH="5.3858267716535435" VPOS="267.3070866141732" HPOS="242.07874015748033"/>
            <String HEIGHT="17.007874015748033" WIDTH="32.59842519685039" VPOS="267.3070866141732" HPOS="225.92125984251967" CONTENT="le" ID="tl_11_7" STYLEREFS="FONT0"/>
            <SP HEIGHT="17.007874015748033" WIDTH="5.3858267716535435" VPOS="267.3070866141732" HPOS="258.23622047244095"/>
            <String HEIGHT="17.007874015748033" WIDTH="43.37007874015748" VPOS="267.3070866141732" HPOS="242.07874015748033" CONTENT="Beau" ID="tl_11_8" STYLEREFS="FONT0"/>
            <SP HEIGHT="17.007874015748033" WIDTH="5.3858267716535435" VPOS="267.3070866141732" HPOS="285.4488188976378"/>
            <String HEIGHT="17.007874015748033" WIDTH="32.59842519685039" VPOS="267.3070866141732" HPOS="263.62204724409446" CONTENT="pour" ID="tl_11_9" STYLEREFS="FONT0"/>
          </TextLine>
          <TextLine ID="tl_12" BASELINE="1043" HEIGHT="15.590551181102363" WIDTH="253.41732283464566" VPOS="280.06299212598424" HPOS="41.669291338582674">
            <String HEIGHT="15.590551181102363" WIDTH="73.98425196850394" VPOS="280.06299212598424" HPOS="36.28346456692913" CONTENT="affranchir" ID="tl_12_1" STYLEREFS="FONT0"/>
            <SP HEIGHT="15.590551181102363" WIDTH="5.3858267716535435" VPOS="280.06299212598424" HPOS="110.26771653543307"/>
            <String HEIGHT="15.590551181102363" WIDTH="42.23622047244095" VPOS="280.06299212598424" HPOS="94.39370078740157" CONTENT="leur" ID="tl_12_2" STYLEREFS="FONT0"/>
            <SP HEIGHT="15.590551181102363" WIDTH="5.3858267716535435" VPOS="280.06299212598424" HPOS="136.62992125984252"/>
            <String HEIGHT="15.590551181102363" WIDTH="52.724409448818896" VPOS="280.06299212598424" HPOS="120.75590551181102" CONTENT="œuvre," ID="tl_12_3" STYLEREFS="FONT0"/>
            <SP HEIGHT="15.590551181102363" WIDTH="5.3858267716535435" VPOS="280.06299212598424" HPOS="173.76377952755905"/>
            <String HEIGHT="15.590551181102363" WIDTH="31.748031496062993" VPOS="280.06299212598424" HPOS="157.88976377952756" CONTENT="si" ID="tl_12_4" STYLEREFS="FONT0"/>
            <SP HEIGHT="15.590551181102363" WIDTH="5.3858267716535435" VPOS="280.06299212598424" HPOS="189.63779527559055"/>
            <String HEIGHT="15.590551181102363" WIDTH="31.748031496062993" VPOS="280.06299212598424" HPOS="173.76377952755905" CONTENT="ce" ID="tl_12_5" STYLEREFS="FONT0"/>
            <SP HEIGHT="15.590551181102363" WIDTH="5.3858267716535435" VPOS="280.06299212598424" HPOS="205.22834645669292"/>
            <String HEIGHT="15.590551181102363" WIDTH="47.62204724409449" VPOS="280.06299212598424" HPOS="189.63779527559055" CONTENT="n’est" ID="tl_12_6" STYLEREFS="FONT0"/>
            <SP HEIGHT="15.590551181102363" WIDTH="5.3858267716535435" VPOS="280.06299212598424" HPOS="236.9763779527559"/>
            <String HEIGHT="15.590551181102363" WIDTH="36.8503937007874" VPOS="280.06299212598424" HPOS="221.10236220472441" CONTENT="que" ID="tl_12_7" STYLEREFS="FONT0"/>
            <SP HEIGHT="15.590551181102363" WIDTH="5.3858267716535435" VPOS="280.06299212598424" HPOS="258.23622047244095"/>
            <String HEIGHT="15.590551181102363" WIDTH="42.23622047244095" VPOS="280.06299212598424" HPOS="242.36220472440945" CONTENT="pour" ID="tl_12_8" STYLEREFS="FONT0"/>
            <SP HEIGHT="15.590551181102363" WIDTH="5.3858267716535435" VPOS="280.06299212598424" HPOS="284.59842519685037"/>
            <String HEIGHT="15.590551181102363" WIDTH="31.748031496062993" VPOS="280.06299212598424" HPOS="263.33858267716533" CONTENT="eux," ID="tl_12_9" STYLEREFS="FONT0"/>
          </TextLine>
          <TextLine ID="tl_13" BASELINE="1093" HEIGHT="14.740157480314961" WIDTH="253.70078740157481" VPOS="295.0866141732283" HPOS="42.51968503937008">
            <String HEIGHT="14.740157480314961" WIDTH="33.732283464566926" VPOS="295.0866141732283" HPOS="36.8503937007874" CONTENT="le" ID="tl_13_1" STYLEREFS="FONT0"/>
            <SP HEIGHT="14.740157480314961" WIDTH="5.669291338582677" VPOS="295.0866141732283" HPOS="70.58267716535433"/>
            <String HEIGHT="14.740157480314961" WIDTH="45.07086614173228" VPOS="295.0866141732283" HPOS="53.85826771653543" CONTENT="Beau" ID="tl_13_2" STYLEREFS="FONT0"/>
            <SP HEIGHT="14.740157480314961" WIDTH="5.669291338582677" VPOS="295.0866141732283" HPOS="98.92913385826772"/>
            <String HEIGHT="14.740157480314961" WIDTH="28.062992125984252" VPOS="295.0866141732283" HPOS="81.92125984251969" CONTENT="—" ID="tl_13_3" STYLEREFS="FONT0"/>
            <SP HEIGHT="14.740157480314961" WIDTH="5.669291338582677" VPOS="295.0866141732283" HPOS="110.26771653543307"/>
            <String HEIGHT="14.740157480314961" WIDTH="62.07874015748032" VPOS="295.0866141732283" HPOS="93.25984251968504" CONTENT="d’après" ID="tl_13_4" STYLEREFS="FONT0"/>
            <SP HEIGHT="14.740157480314961" WIDTH="5.669291338582677" VPOS="295.0866141732283" HPOS="155.33858267716536"/>
            <String HEIGHT="14.740157480314961" WIDTH="39.40157480314961" VPOS="295.0866141732283" HPOS="138.33070866141733" CONTENT="les" ID="tl_13_5" STYLEREFS="FONT0"/>
            <SP HEIGHT="14.740157480314961" WIDTH="5.669291338582677" VPOS="295.0866141732283" HPOS="177.73228346456693"/>
            <String HEIGHT="14.740157480314961" WIDTH="50.74015748031496" VPOS="295.0866141732283" HPOS="161.00787401574803" CONTENT="Grecs" ID="tl_13_6" STYLEREFS="FONT0"/>
            <SP HEIGHT="14.740157480314961" WIDTH="5.669291338582677" VPOS="295.0866141732283" HPOS="211.748031496063"/>
            <String HEIGHT="14.740157480314961" WIDTH="33.732283464566926" VPOS="295.0866141732283" HPOS="194.74015748031496" CONTENT="ou" ID="tl_13_7" STYLEREFS="FONT0"/>
            <SP HEIGHT="14.740157480314961" WIDTH="5.669291338582677" VPOS="295.0866141732283" HPOS="228.4724409448819"/>
            <String HEIGHT="14.740157480314961" WIDTH="62.07874015748032" VPOS="295.0866141732283" HPOS="211.748031496063" CONTENT="d’après" ID="tl_13_8" STYLEREFS="FONT0"/>
            <SP HEIGHT="14.740157480314961" WIDTH="5.669291338582677" VPOS="295.0866141732283" HPOS="273.54330708661416"/>
            <String HEIGHT="14.740157480314961" WIDTH="45.07086614173228" VPOS="295.0866141732283" HPOS="256.81889763779526" CONTENT="Kant" ID="tl_13_9" STYLEREFS="FONT0"/>
            <SP HEIGHT="14.740157480314961" WIDTH="5.669291338582677" VPOS="295.0866141732283" HPOS="301.8897637795276"/>
            <String HEIGHT="14.740157480314961" WIDTH="17.007874015748033" VPOS="295.0866141732283" HPOS="279.21259842519686" CONTENT="—" ID="tl_13_10" STYLEREFS="FONT0"/>
          </TextLine>
          <TextLine ID="tl_14" BASELINE="1126" HEIGHT="17.007874015748033" WIDTH="253.70078740157481" VPOS="302.1732283464567" HPOS="42.23622047244095">
            <String HEIGHT="17.007874015748033" WIDTH="70.86614173228347" VPOS="302.1732283464567" HPOS="36.28346456692913" CONTENT="n’existe" ID="tl_14_1" STYLEREFS="FONT0"/>
            <SP HEIGHT="17.007874015748033" WIDTH="5.952755905511811" VPOS="302.1732283464567" HPOS="107.14960629921259"/>
            <String HEIGHT="17.007874015748033" WIDTH="47.338582677165356" VPOS="302.1732283464567" HPOS="89.5748031496063" CONTENT="plus" ID="tl_14_2" STYLEREFS="FONT0"/>
            <SP HEIGHT="17.007874015748033" WIDTH="5.952755905511811" VPOS="302.1732283464567" HPOS="136.62992125984252"/>
            <String HEIGHT="17.007874015748033" WIDTH="58.960629921259844" VPOS="302.1732283464567" HPOS="119.05511811023622" CONTENT="depuis" ID="tl_14_3" STYLEREFS="FONT0"/>
            <SP HEIGHT="17.007874015748033" WIDTH="5.952755905511811" VPOS="302.1732283464567" HPOS="178.01574803149606"/>
            <String HEIGHT="17.007874015748033" WIDTH="41.38582677165354" VPOS="302.1732283464567" HPOS="160.15748031496062" CONTENT="que" ID="tl_14_4" STYLEREFS="FONT0"/>
            <SP HEIGHT="17.007874015748033" WIDTH="5.952755905511811" VPOS="302.1732283464567" HPOS="201.54330708661416"/>
            <String HEIGHT="17.007874015748033" WIDTH="41.38582677165354" VPOS="302.1732283464567" HPOS="183.96850393700788" CONTENT="les" ID="tl_14_5" STYLEREFS="FONT0"/>
            <SP HEIGHT="17.007874015748033" WIDTH="5.952755905511811" VPOS="302.1732283464567" HPOS="225.0708661417323"/>
            <String HEIGHT="17.007874015748033" WIDTH="88.44094488188976" VPOS="302.1732283464567" HPOS="207.49606299212599" CONTENT="défaitistes" ID="tl_14_6" STYLEREFS="FONT0"/>
            <SP HEIGHT="17.007874015748033" WIDTH="5.952755905511811" VPOS="302.1732283464567" HPOS="295.93700787401576"/>
            <String HEIGHT="17.007874015748033" WIDTH="23.52755905511811" VPOS="302.1732283464567" HPOS="272.40944881889766" CONTENT="de" ID="tl_14_7" STYLEREFS="FONT0"/>
          </TextLine>
          <TextLine ID="tl_15" BASELINE="1168" HEIGHT="15.590551181102363" WIDTH="253.98425196850394" VPOS="315.496062992126" HPOS="42.51968503937008">
            <String HEIGHT="15.590551181102363" WIDTH="67.74803149606299" VPOS="315.496062992126" HPOS="36.8503937007874" CONTENT="l’Europe" ID="tl_15_1" STYLEREFS="FONT0"/>
            <SP HEIGHT="15.590551181102363" WIDTH="5.669291338582677" VPOS="315.496062992126" HPOS="104.5984251968504"/>
            <String HEIGHT="15.590551181102363" WIDTH="33.732283464566926" VPOS="315.496062992126" HPOS="87.59055118110236" CONTENT="du" ID="tl_15_2" STYLEREFS="FONT0"/>
            <SP HEIGHT="15.590551181102363" WIDTH="5.669291338582677" VPOS="315.496062992126" HPOS="121.60629921259843"/>
            <String HEIGHT="15.590551181102363" WIDTH="62.07874015748032" VPOS="315.496062992126" HPOS="104.5984251968504" CONTENT="premier" ID="tl_15_3" STYLEREFS="FONT0"/>
            <SP HEIGHT="15.590551181102363" WIDTH="5.669291338582677" VPOS="315.496062992126" HPOS="166.6771653543307"/>
            <String HEIGHT="15.590551181102363" WIDTH="50.74015748031496" VPOS="315.496062992126" HPOS="149.66929133858267" CONTENT="quart" ID="tl_15_4" STYLEREFS="FONT0"/>
            <SP HEIGHT="15.590551181102363" WIDTH="5.669291338582677" VPOS="315.496062992126" HPOS="200.69291338582678"/>
            <String HEIGHT="15.590551181102363" WIDTH="33.732283464566926" VPOS="315.496062992126" HPOS="183.68503937007873" CONTENT="de" ID="tl_15_5" STYLEREFS="FONT0"/>
            <SP HEIGHT="15.590551181102363" WIDTH="5.669291338582677" VPOS="315.496062992126" HPOS="217.41732283464566"/>
            <String HEIGHT="15.590551181102363" WIDTH="50.74015748031496" VPOS="315.496062992126" HPOS="200.69291338582678" CONTENT="notre" ID="tl_15_6" STYLEREFS="FONT0"/>
            <SP HEIGHT="15.590551181102363" WIDTH="5.669291338582677" VPOS="315.496062992126" HPOS="251.43307086614172"/>
            <String HEIGHT="15.590551181102363" WIDTH="56.40944881889764" VPOS="315.496062992126" HPOS="234.4251968503937" CONTENT="siècle" ID="tl_15_7" STYLEREFS="FONT0"/>
            <SP HEIGHT="15.590551181102363" WIDTH="5.669291338582677" VPOS="315.496062992126" HPOS="290.8346456692913"/>
            <String HEIGHT="15.590551181102363" WIDTH="28.346456692913385" VPOS="315.496062992126" HPOS="268.15748031496065" CONTENT="ont" ID="tl_15_8" STYLEREFS="FONT0"/>
          </TextLine>
          <TextLine ID="tl_16" BASELINE="1213" HEIGHT="16.724409448818896" WIDTH="254.5511811023622" VPOS="327.11811023622045" HPOS="41.95275590551181">
            <String HEIGHT="16.724409448818896" WIDTH="47.62204724409449" VPOS="327.11811023622045" HPOS="36.56692913385827" CONTENT="voulu" ID="tl_16_1" STYLEREFS="FONT0"/>
            <SP HEIGHT="16.724409448818896" WIDTH="5.3858267716535435" VPOS="327.11811023622045" HPOS="84.4724409448819"/>
            <String HEIGHT="16.724409448818896" WIDTH="42.51968503937008" VPOS="327.11811023622045" HPOS="68.5984251968504" CONTENT="tout" ID="tl_16_2" STYLEREFS="FONT0"/>
            <SP HEIGHT="16.724409448818896" WIDTH="5.3858267716535435" VPOS="327.11811023622045" HPOS="110.83464566929133"/>
            <String HEIGHT="16.724409448818896" WIDTH="79.65354330708661" VPOS="327.11811023622045" HPOS="94.96062992125984" CONTENT="recommencer" ID="tl_16_3" STYLEREFS="FONT0"/>
            <SP HEIGHT="16.724409448818896" WIDTH="5.3858267716535435" VPOS="327.11811023622045" HPOS="174.61417322834646"/>
            <String HEIGHT="16.724409448818896" WIDTH="26.64566929133858" VPOS="327.11811023622045" HPOS="158.74015748031496" CONTENT="à" ID="tl_16_4" STYLEREFS="FONT0"/>
            <SP HEIGHT="16.724409448818896" WIDTH="5.3858267716535435" VPOS="327.11811023622045" HPOS="185.10236220472441"/>
            <String HEIGHT="16.724409448818896" WIDTH="47.62204724409449" VPOS="327.11811023622045" HPOS="169.22834645669292" CONTENT="zéro." ID="tl_16_5" STYLEREFS="FONT0"/>
            <SP HEIGHT="16.724409448818896" WIDTH="5.3858267716535435" VPOS="327.11811023622045" HPOS="216.8503937007874"/>
            <String HEIGHT="16.724409448818896" WIDTH="68.88188976377953" VPOS="327.11811023622045" HPOS="200.9763779527559" CONTENT="L’artiste" ID="tl_16_6" STYLEREFS="FONT0"/>
            <SP HEIGHT="16.724409448818896" WIDTH="5.3858267716535435" VPOS="327.11811023622045" HPOS="269.8582677165354"/>
            <String HEIGHT="16.724409448818896" WIDTH="47.62204724409449" VPOS="327.11811023622045" HPOS="248.88188976377953" CONTENT="moderne" ID="tl_16_7" STYLEREFS="FONT0"/>
          </TextLine>
          <TextLine ID="tl_17" BASELINE="1248" HEIGHT="15.023622047244094" WIDTH="253.41732283464566" VPOS="338.74015748031496" HPOS="42.51968503937008">
            <String HEIGHT="15.023622047244094" WIDTH="40.25196850393701" VPOS="338.74015748031496" HPOS="36.8503937007874" CONTENT="est" ID="tl_17_1" STYLEREFS="FONT0"/>
            <SP HEIGHT="15.023622047244094" WIDTH="5.669291338582677" VPOS="338.74015748031496" HPOS="77.10236220472441"/>
            <String HEIGHT="15.023622047244094" WIDTH="57.54330708661417" VPOS="338.74015748031496" HPOS="59.811023622047244" CONTENT="devenu" ID="tl_17_2" STYLEREFS="FONT0"/>
            <SP HEIGHT="15.023622047244094" WIDTH="5.669291338582677" VPOS="338.74015748031496" HPOS="117.35433070866142"/>
            <String HEIGHT="15.023622047244094" WIDTH="34.58267716535433" VPOS="338.74015748031496" HPOS="100.06299212598425" CONTENT="le" ID="tl_17_3" STYLEREFS="FONT0"/>
            <SP HEIGHT="15.023622047244094" WIDTH="5.669291338582677" VPOS="338.74015748031496" HPOS="134.64566929133858"/>
            <String HEIGHT="15.023622047244094" WIDTH="46.20472440944882" VPOS="338.74015748031496" HPOS="117.35433070866142" CONTENT="seul" ID="tl_17_4" STYLEREFS="FONT0"/>
            <SP HEIGHT="15.023622047244094" WIDTH="5.669291338582677" VPOS="338.74015748031496" HPOS="163.55905511811022"/>
            <String HEIGHT="15.023622047244094" WIDTH="69.16535433070867" VPOS="338.74015748031496" HPOS="146.26771653543307" CONTENT="créateur" ID="tl_17_5" STYLEREFS="FONT0"/>
            <SP HEIGHT="15.023622047244094" WIDTH="5.669291338582677" VPOS="338.74015748031496" HPOS="215.43307086614172"/>
            <String HEIGHT="15.023622047244094" WIDTH="34.58267716535433" VPOS="338.74015748031496" HPOS="198.14173228346456" CONTENT="de" ID="tl_17_6" STYLEREFS="FONT0"/>
            <SP HEIGHT="15.023622047244094" WIDTH="5.669291338582677" VPOS="338.74015748031496" HPOS="232.44094488188978"/>
            <String HEIGHT="15.023622047244094" WIDTH="40.25196850393701" VPOS="338.74015748031496" HPOS="215.43307086614172" CONTENT="son" ID="tl_17_7" STYLEREFS="FONT0"/>
            <SP HEIGHT="15.023622047244094" WIDTH="5.669291338582677" VPOS="338.74015748031496" HPOS="255.68503937007873"/>
            <String HEIGHT="15.023622047244094" WIDTH="57.54330708661417" VPOS="338.74015748031496" HPOS="238.39370078740157" CONTENT="œuvre:" ID="tl_17_8" STYLEREFS="FONT0"/>
            <SP HEIGHT="15.023622047244094" WIDTH="5.669291338582677" VPOS="338.74015748031496" HPOS="295.93700787401576"/>
            <String HEIGHT="15.023622047244094" WIDTH="22.96062992125984" VPOS="338.74015748031496" HPOS="272.9763779527559" CONTENT="il" ID="tl_17_9" STYLEREFS="FONT0"/>
          </TextLine>
          <TextLine ID="tl_18" BASELINE="1292" HEIGHT="15.874015748031496" WIDTH="253.13385826771653" VPOS="350.3622047244094" HPOS="43.08661417322835">
            <String HEIGHT="15.874015748031496" WIDTH="60.661417322834644" VPOS="350.3622047244094" HPOS="37.7007874015748" CONTENT="n’obéit" ID="tl_18_1" STYLEREFS="FONT0"/>
            <SP HEIGHT="15.874015748031496" WIDTH="5.3858267716535435" VPOS="350.3622047244094" HPOS="98.07874015748031"/>
            <String HEIGHT="15.874015748031496" WIDTH="43.93700787401575" VPOS="350.3622047244094" HPOS="81.63779527559055" CONTENT="qu’à" ID="tl_18_2" STYLEREFS="FONT0"/>
            <SP HEIGHT="15.874015748031496" WIDTH="5.3858267716535435" VPOS="350.3622047244094" HPOS="125.5748031496063"/>
            <String HEIGHT="15.874015748031496" WIDTH="38.55118110236221" VPOS="350.3622047244094" HPOS="109.13385826771653" CONTENT="son" ID="tl_18_3" STYLEREFS="FONT0"/>
            <SP HEIGHT="15.874015748031496" WIDTH="5.3858267716535435" VPOS="350.3622047244094" HPOS="147.68503937007873"/>
            <String HEIGHT="15.874015748031496" WIDTH="54.99212598425197" VPOS="350.3622047244094" HPOS="131.24409448818898" CONTENT="propos" ID="tl_18_4" STYLEREFS="FONT0"/>
            <SP HEIGHT="15.874015748031496" WIDTH="5.3858267716535435" VPOS="350.3622047244094" HPOS="186.23622047244095"/>
            <String HEIGHT="15.874015748031496" WIDTH="77.10236220472441" VPOS="350.3622047244094" HPOS="169.79527559055117" CONTENT="esthétique" ID="tl_18_5" STYLEREFS="FONT0"/>
            <SP HEIGHT="15.874015748031496" WIDTH="5.3858267716535435" VPOS="350.3622047244094" HPOS="246.61417322834646"/>
            <String HEIGHT="15.874015748031496" WIDTH="32.881889763779526" VPOS="350.3622047244094" HPOS="230.17322834645668" CONTENT="et" ID="tl_18_6" STYLEREFS="FONT0"/>
            <SP HEIGHT="15.874015748031496" WIDTH="5.3858267716535435" VPOS="350.3622047244094" HPOS="263.33858267716533"/>
            <String HEIGHT="15.874015748031496" WIDTH="54.99212598425197" VPOS="350.3622047244094" HPOS="241.22834645669292" CONTENT="celui" ID="tl_18_7" STYLEREFS="FONT0"/>
          </TextLine>
          <TextLine ID="tl_19" BASELINE="1328" HEIGHT="11.05511811023622" WIDTH="253.70078740157481" VPOS="365.38582677165357" HPOS="42.803149606299215">
            <String HEIGHT="11.05511811023622" WIDTH="64.91338582677166" VPOS="365.38582677165357" HPOS="37.41732283464567" CONTENT="commence" ID="tl_19_1" STYLEREFS="FONT0"/>
            <SP HEIGHT="11.05511811023622" WIDTH="5.3858267716535435" VPOS="365.38582677165357" HPOS="102.04724409448819"/>
            <String HEIGHT="11.05511811023622" WIDTH="32.31496062992126" VPOS="365.38582677165357" HPOS="85.88976377952756" CONTENT="et" ID="tl_19_2" STYLEREFS="FONT0"/>
            <SP HEIGHT="11.05511811023622" WIDTH="5.3858267716535435" VPOS="365.38582677165357" HPOS="118.48818897637796"/>
            <String HEIGHT="11.05511811023622" WIDTH="48.47244094488189" VPOS="365.38582677165357" HPOS="102.04724409448819" CONTENT="finit" ID="tl_19_3" STYLEREFS="FONT0"/>
            <SP HEIGHT="11.05511811023622" WIDTH="5.3858267716535435" VPOS="365.38582677165357" HPOS="150.8031496062992"/>
            <String HEIGHT="11.05511811023622" WIDTH="108.0" VPOS="365.38582677165357" HPOS="134.64566929133858" CONTENT="irrémédiablement" ID="tl_19_4" STYLEREFS="FONT0"/>
            <SP HEIGHT="11.05511811023622" WIDTH="5.3858267716535435" VPOS="365.38582677165357" HPOS="242.64566929133858"/>
            <String HEIGHT="11.05511811023622" WIDTH="32.31496062992126" VPOS="365.38582677165357" HPOS="226.20472440944883" CONTENT="en" ID="tl_19_5" STYLEREFS="FONT0"/>
            <SP HEIGHT="11.05511811023622" WIDTH="5.3858267716535435" VPOS="365.38582677165357" HPOS="258.8031496062992"/>
            <String HEIGHT="11.05511811023622" WIDTH="59.24409448818898" VPOS="365.38582677165357" HPOS="237.25984251968504" CONTENT="lui" ID="tl_19_6" STYLEREFS="FONT0"/>
          </TextLine>
          <TextLine ID="tl_20" BASELINE="1377" HEIGHT="13.88976377952756" WIDTH="253.70078740157481" VPOS="376.4409448818898" HPOS="43.37007874015748">
            <String HEIGHT="13.88976377952756" WIDTH="49.60629921259842" VPOS="376.4409448818898" HPOS="37.13385826771653" CONTENT="Nous" ID="tl_20_1" STYLEREFS="FONT0"/>
            <SP HEIGHT="13.88976377952756" WIDTH="6.2362204724409445" VPOS="376.4409448818898" HPOS="86.74015748031496"/>
            <String HEIGHT="13.88976377952756" WIDTH="61.79527559055118" VPOS="376.4409448818898" HPOS="68.03149606299213" CONTENT="vivons" ID="tl_20_2" STYLEREFS="FONT0"/>
            <SP HEIGHT="13.88976377952756" WIDTH="6.2362204724409445" VPOS="376.4409448818898" HPOS="130.11023622047244"/>
            <String HEIGHT="13.88976377952756" WIDTH="43.37007874015748" VPOS="376.4409448818898" HPOS="111.4015748031496" CONTENT="une" ID="tl_20_3" STYLEREFS="FONT0"/>
            <SP HEIGHT="13.88976377952756" WIDTH="6.2362204724409445" VPOS="376.4409448818898" HPOS="154.77165354330708"/>
            <String HEIGHT="13.88976377952756" WIDTH="61.79527559055118" VPOS="376.4409448818898" HPOS="136.06299212598427" CONTENT="époque" ID="tl_20_4" STYLEREFS="FONT0"/>
            <SP HEIGHT="13.88976377952756" WIDTH="6.2362204724409445" VPOS="376.4409448818898" HPOS="198.14173228346456"/>
            <String HEIGHT="13.88976377952756" WIDTH="37.13385826771653" VPOS="376.4409448818898" HPOS="179.43307086614172" CONTENT="de" ID="tl_20_5" STYLEREFS="FONT0"/>
            <SP HEIGHT="13.88976377952756" WIDTH="6.2362204724409445" VPOS="376.4409448818898" HPOS="216.56692913385828"/>
            <String HEIGHT="13.88976377952756" WIDTH="80.50393700787401" VPOS="376.4409448818898" HPOS="198.14173228346456" CONTENT="diversité" ID="tl_20_6" STYLEREFS="FONT0"/>
            <SP HEIGHT="13.88976377952756" WIDTH="6.2362204724409445" VPOS="376.4409448818898" HPOS="278.6456692913386"/>
            <String HEIGHT="13.88976377952756" WIDTH="37.13385826771653" VPOS="376.4409448818898" HPOS="259.93700787401576" CONTENT="et" ID="tl_20_7" STYLEREFS="FONT0"/>
            <SP HEIGHT="13.88976377952756" WIDTH="6.2362204724409445" VPOS="376.4409448818898" HPOS="297.07086614173227"/>
            <String HEIGHT="13.88976377952756" WIDTH="24.661417322834644" VPOS="376.4409448818898" HPOS="272.40944881889766" CONTENT="de" ID="tl_20_8" STYLEREFS="FONT0"/>
          </TextLine>
          <TextLine ID="tl_21" BASELINE="1418" HEIGHT="16.440944881889763" WIDTH="254.83464566929135" VPOS="385.51181102362204" HPOS="42.803149606299215">
            <String HEIGHT="16.440944881889763" WIDTH="83.05511811023622" VPOS="385.51181102362204" HPOS="37.13385826771653" CONTENT="contrastes," ID="tl_21_1" STYLEREFS="FONT0"/>
            <SP HEIGHT="16.440944881889763" WIDTH="5.669291338582677" VPOS="385.51181102362204" HPOS="120.4724409448819"/>
            <String HEIGHT="16.440944881889763" WIDTH="33.16535433070866" VPOS="385.51181102362204" HPOS="103.74803149606299" CONTENT="et" ID="tl_21_2" STYLEREFS="FONT0"/>
            <SP HEIGHT="16.440944881889763" WIDTH="5.669291338582677" VPOS="385.51181102362204" HPOS="136.91338582677164"/>
            <String HEIGHT="16.440944881889763" WIDTH="27.77952755905512" VPOS="385.51181102362204" HPOS="120.4724409448819" CONTENT="—" ID="tl_21_3" STYLEREFS="FONT0"/>
            <SP HEIGHT="16.440944881889763" WIDTH="5.669291338582677" VPOS="385.51181102362204" HPOS="147.96850393700788"/>
            <String HEIGHT="16.440944881889763" WIDTH="33.16535433070866" VPOS="385.51181102362204" HPOS="131.5275590551181" CONTENT="on" ID="tl_21_4" STYLEREFS="FONT0"/>
            <SP HEIGHT="16.440944881889763" WIDTH="5.669291338582677" VPOS="385.51181102362204" HPOS="164.69291338582678"/>
            <String HEIGHT="16.440944881889763" WIDTH="38.83464566929134" VPOS="385.51181102362204" HPOS="147.96850393700788" CONTENT="l’a" ID="tl_21_5" STYLEREFS="FONT0"/>
            <SP HEIGHT="16.440944881889763" WIDTH="5.669291338582677" VPOS="385.51181102362204" HPOS="186.8031496062992"/>
            <String HEIGHT="16.440944881889763" WIDTH="60.94488188976378" VPOS="385.51181102362204" HPOS="170.36220472440945" CONTENT="souvent" ID="tl_21_6" STYLEREFS="FONT0"/>
            <SP HEIGHT="16.440944881889763" WIDTH="5.669291338582677" VPOS="385.51181102362204" HPOS="231.0236220472441"/>
            <String HEIGHT="16.440944881889763" WIDTH="38.83464566929134" VPOS="385.51181102362204" HPOS="214.58267716535434" CONTENT="dit" ID="tl_21_7" STYLEREFS="FONT0"/>
            <SP HEIGHT="16.440944881889763" WIDTH="5.669291338582677" VPOS="385.51181102362204" HPOS="253.41732283464566"/>
            <String HEIGHT="16.440944881889763" WIDTH="27.77952755905512" VPOS="385.51181102362204" HPOS="236.69291338582678" CONTENT="—" ID="tl_21_8" STYLEREFS="FONT0"/>
            <SP HEIGHT="16.440944881889763" WIDTH="5.669291338582677" VPOS="385.51181102362204" HPOS="264.4724409448819"/>
            <String HEIGHT="16.440944881889763" WIDTH="49.889763779527556" VPOS="385.51181102362204" HPOS="247.748031496063" CONTENT="c’est" ID="tl_21_9" STYLEREFS="FONT0"/>
            <SP HEIGHT="16.440944881889763" WIDTH="5.669291338582677" VPOS="385.51181102362204" HPOS="297.6377952755906"/>
            <String HEIGHT="16.440944881889763" WIDTH="22.11023622047244" VPOS="385.51181102362204" HPOS="275.5275590551181" CONTENT="le" ID="tl_21_10" STYLEREFS="FONT0"/>
          </TextLine>
          <TextLine ID="tl_22" BASELINE="1465" HEIGHT="17.007874015748033" WIDTH="253.41732283464566" VPOS="398.26771653543307" HPOS="43.93700787401575">
            <String HEIGHT="17.007874015748033" WIDTH="58.960629921259844" VPOS="398.26771653543307" HPOS="37.98425196850393" CONTENT="propre" ID="tl_22_1" STYLEREFS="FONT0"/>
            <SP HEIGHT="17.007874015748033" WIDTH="5.952755905511811" VPOS="398.26771653543307" HPOS="96.94488188976378"/>
            <String HEIGHT="17.007874015748033" WIDTH="35.43307086614173" VPOS="398.26771653543307" HPOS="79.37007874015748" CONTENT="de" ID="tl_22_2" STYLEREFS="FONT0"/>
            <SP HEIGHT="17.007874015748033" WIDTH="5.952755905511811" VPOS="398.26771653543307" HPOS="114.51968503937007"/>
            <String HEIGHT="17.007874015748033" WIDTH="53.00787401574803" VPOS="398.26771653543307" HPOS="96.94488188976378" CONTENT="l’art" ID="tl_22_3" STYLEREFS="FONT0"/>
            <SP HEIGHT="17.007874015748033" WIDTH="5.952755905511811" VPOS="398.26771653543307" HPOS="149.95275590551182"/>
            <String HEIGHT="17.007874015748033" WIDTH="35.43307086614173" VPOS="398.26771653543307" HPOS="132.3779527559055" CONTENT="de" ID="tl_22_4" STYLEREFS="FONT0"/>
            <SP HEIGHT="17.007874015748033" WIDTH="5.952755905511811" VPOS="398.26771653543307" HPOS="167.81102362204723"/>
            <String HEIGHT="17.007874015748033" WIDTH="58.960629921259844" VPOS="398.26771653543307" HPOS="149.95275590551182" CONTENT="porter" ID="tl_22_5" STYLEREFS="FONT0"/>
            <SP HEIGHT="17.007874015748033" WIDTH="5.952755905511811" VPOS="398.26771653543307" HPOS="208.91338582677164"/>
            <String HEIGHT="17.007874015748033" WIDTH="82.48818897637796" VPOS="398.26771653543307" HPOS="191.33858267716536" CONTENT="témoignage" ID="tl_22_6" STYLEREFS="FONT0"/>
            <SP HEIGHT="17.007874015748033" WIDTH="5.952755905511811" VPOS="398.26771653543307" HPOS="273.8267716535433"/>
            <String HEIGHT="17.007874015748033" WIDTH="35.43307086614173" VPOS="398.26771653543307" HPOS="255.96850393700788" CONTENT="de" ID="tl_22_7" STYLEREFS="FONT0"/>
            <SP HEIGHT="17.007874015748033" WIDTH="5.952755905511811" VPOS="398.26771653543307" HPOS="291.40157480314963"/>
            <String HEIGHT="17.007874015748033" WIDTH="29.480314960629922" VPOS="398.26771653543307" HPOS="267.87401574803147" CONTENT="son" ID="tl_22_8" STYLEREFS="FONT0"/>
          </TextLine>
          <TextLine ID="tl_23" BASELINE="1500" HEIGHT="15.590551181102363" WIDTH="255.11811023622047" VPOS="409.6062992125984" HPOS="43.653543307086615">
            <String HEIGHT="15.590551181102363" WIDTH="66.89763779527559" VPOS="409.6062992125984" HPOS="37.7007874015748" CONTENT="époque." ID="tl_23_1" STYLEREFS="FONT0"/>
            <SP HEIGHT="15.590551181102363" WIDTH="5.952755905511811" VPOS="409.6062992125984" HPOS="104.31496062992126"/>
            <String HEIGHT="15.590551181102363" WIDTH="66.89763779527559" VPOS="409.6062992125984" HPOS="86.1732283464567" CONTENT="Comment" ID="tl_23_2" STYLEREFS="FONT0"/>
            <SP HEIGHT="15.590551181102363" WIDTH="5.952755905511811" VPOS="409.6062992125984" HPOS="153.0708661417323"/>
            <String HEIGHT="15.590551181102363" WIDTH="48.47244094488189" VPOS="409.6062992125984" HPOS="134.64566929133858" CONTENT="donc" ID="tl_23_3" STYLEREFS="FONT0"/>
            <SP HEIGHT="15.590551181102363" WIDTH="5.952755905511811" VPOS="409.6062992125984" HPOS="183.4015748031496"/>
            <String HEIGHT="15.590551181102363" WIDTH="109.41732283464567" VPOS="409.6062992125984" HPOS="165.25984251968504" CONTENT="voudrions-nous" ID="tl_23_4" STYLEREFS="FONT0"/>
            <SP HEIGHT="15.590551181102363" WIDTH="5.952755905511811" VPOS="409.6062992125984" HPOS="274.3937007874016"/>
            <String HEIGHT="15.590551181102363" WIDTH="36.56692913385827" VPOS="409.6062992125984" HPOS="256.251968503937" CONTENT="un" ID="tl_23_5" STYLEREFS="FONT0"/>
            <SP HEIGHT="15.590551181102363" WIDTH="5.952755905511811" VPOS="409.6062992125984" HPOS="292.81889763779526"/>
            <String HEIGHT="15.590551181102363" WIDTH="30.330708661417322" VPOS="409.6062992125984" HPOS="268.4409448818898" CONTENT="art" ID="tl_23_6" STYLEREFS="FONT0"/>
          </TextLine>
          <TextLine ID="tl_24" BASELINE="1537" HEIGHT="15.307086614173228" WIDTH="254.5511811023622" VPOS="420.37795275590554" HPOS="44.22047244094488">
            <String HEIGHT="15.307086614173228" WIDTH="67.74803149606299" VPOS="420.37795275590554" HPOS="38.55118110236221" CONTENT="moderne," ID="tl_24_1" STYLEREFS="FONT0"/>
            <SP HEIGHT="15.307086614173228" WIDTH="5.669291338582677" VPOS="420.37795275590554" HPOS="106.58267716535433"/>
            <String HEIGHT="15.307086614173228" WIDTH="39.68503937007874" VPOS="420.37795275590554" HPOS="89.5748031496063" CONTENT="qui" ID="tl_24_2" STYLEREFS="FONT0"/>
            <SP HEIGHT="15.307086614173228" WIDTH="5.669291338582677" VPOS="420.37795275590554" HPOS="128.9763779527559"/>
            <String HEIGHT="15.307086614173228" WIDTH="34.01574803149607" VPOS="420.37795275590554" HPOS="111.96850393700787" CONTENT="ne" ID="tl_24_3" STYLEREFS="FONT0"/>
            <SP HEIGHT="15.307086614173228" WIDTH="5.669291338582677" VPOS="420.37795275590554" HPOS="145.98425196850394"/>
            <String HEIGHT="15.307086614173228" WIDTH="39.68503937007874" VPOS="420.37795275590554" HPOS="128.9763779527559" CONTENT="fût" ID="tl_24_4" STYLEREFS="FONT0"/>
            <SP HEIGHT="15.307086614173228" WIDTH="5.669291338582677" VPOS="420.37795275590554" HPOS="168.66141732283464"/>
            <String HEIGHT="15.307086614173228" WIDTH="34.01574803149607" VPOS="420.37795275590554" HPOS="151.6535433070866" CONTENT="ni" ID="tl_24_5" STYLEREFS="FONT0"/>
            <SP HEIGHT="15.307086614173228" WIDTH="5.669291338582677" VPOS="420.37795275590554" HPOS="185.66929133858267"/>
            <String HEIGHT="15.307086614173228" WIDTH="67.74803149606299" VPOS="420.37795275590554" HPOS="168.66141732283464" CONTENT="multiple" ID="tl_24_6" STYLEREFS="FONT0"/>
            <SP HEIGHT="15.307086614173228" WIDTH="5.669291338582677" VPOS="420.37795275590554" HPOS="236.40944881889763"/>
            <String HEIGHT="15.307086614173228" WIDTH="34.01574803149607" VPOS="420.37795275590554" HPOS="219.68503937007873" CONTENT="ni" ID="tl_24_7" STYLEREFS="FONT0"/>
            <SP HEIGHT="15.307086614173228" WIDTH="5.669291338582677" VPOS="420.37795275590554" HPOS="253.41732283464566"/>
            <String HEIGHT="15.307086614173228" WIDTH="67.74803149606299" VPOS="420.37795275590554" HPOS="231.0236220472441" CONTENT="contradic" SUBS_TYPE="HypPart1" SUBS_CONTENT="contradictoire?" ID="tl_24_8" STYLEREFS="FONT0"/>
            <HYP CONTENT="-"/>
          </TextLine>
          <TextLine ID="tl_25" BASELINE="1587" HEIGHT="16.15748031496063" WIDTH="254.26771653543307" VPOS="433.7007874015748" HPOS="44.22047244094488">
            <String HEIGHT="16.15748031496063" WIDTH="56.40944881889764" VPOS="433.7007874015748" HPOS="38.55118110236221" CONTENT="toire?" SUBS_TYPE="HypPart2" SUBS_CONTENT="contradictoire?" ID="tl_25_1" STYLEREFS="FONT0"/>
            <SP HEIGHT="16.15748031496063" WIDTH="5.669291338582677" VPOS="433.7007874015748" HPOS="94.96062992125984"/>
            <String HEIGHT="16.15748031496063" WIDTH="34.01574803149607" VPOS="433.7007874015748" HPOS="78.23622047244095" CONTENT="Un" ID="tl_25_2" STYLEREFS="FONT0"/>
            <SP HEIGHT="16.15748031496063" WIDTH="5.669291338582677" VPOS="433.7007874015748" HPOS="111.96850393700787"/>
            <String HEIGHT="16.15748031496063" WIDTH="39.68503937007874" VPOS="433.7007874015748" HPOS="94.96062992125984" CONTENT="art" ID="tl_25_3" STYLEREFS="FONT0"/>
            <SP HEIGHT="16.15748031496063" WIDTH="5.669291338582677" VPOS="433.7007874015748" HPOS="134.64566929133858"/>
            <String HEIGHT="16.15748031496063" WIDTH="56.40944881889764" VPOS="433.7007874015748" HPOS="117.63779527559055" CONTENT="pareil" ID="tl_25_4" STYLEREFS="FONT0"/>
            <SP HEIGHT="16.15748031496063" WIDTH="5.669291338582677" VPOS="433.7007874015748" HPOS="174.04724409448818"/>
            <String HEIGHT="16.15748031496063" WIDTH="34.01574803149607" VPOS="433.7007874015748" HPOS="157.3228346456693" CONTENT="ne" ID="tl_25_5" STYLEREFS="FONT0"/>
            <SP HEIGHT="16.15748031496063" WIDTH="5.669291338582677" VPOS="433.7007874015748" HPOS="191.0551181102362"/>
            <String HEIGHT="16.15748031496063" WIDTH="56.40944881889764" VPOS="433.7007874015748" HPOS="174.04724409448818" CONTENT="serait" ID="tl_25_6" STYLEREFS="FONT0"/>
            <SP HEIGHT="16.15748031496063" WIDTH="5.669291338582677" VPOS="433.7007874015748" HPOS="230.74015748031496"/>
            <String HEIGHT="16.15748031496063" WIDTH="39.68503937007874" VPOS="433.7007874015748" HPOS="213.73228346456693" CONTENT="pas" ID="tl_25_7" STYLEREFS="FONT0"/>
            <SP HEIGHT="16.15748031496063" WIDTH="5.669291338582677" VPOS="433.7007874015748" HPOS="253.41732283464566"/>
            <String HEIGHT="16.15748031496063" WIDTH="62.07874015748032" VPOS="433.7007874015748" HPOS="236.40944881889763" CONTENT="moderne" ID="tl_25_8" STYLEREFS="FONT0"/>
            <SP HEIGHT="16.15748031496063" WIDTH="5.669291338582677" VPOS="433.7007874015748" HPOS="298.48818897637796"/>
            <String HEIGHT="16.15748031496063" WIDTH="22.677165354330707" VPOS="433.7007874015748" HPOS="275.81102362204723" CONTENT="ou" ID="tl_25_9" STYLEREFS="FONT0"/>
          </TextLine>
          <TextLine ID="tl_26" BASELINE="1633" HEIGHT="15.307086614173228" WIDTH="88.44094488188976" VPOS="447.59055118110234" HPOS="44.503937007874015">
            <String HEIGHT="15.307086614173228" WIDTH="29.480314960629922" VPOS="447.59055118110234" HPOS="39.68503937007874" CONTENT="ne" ID="tl_26_1" STYLEREFS="FONT0"/>
            <SP HEIGHT="15.307086614173228" WIDTH="4.818897637795276" VPOS="447.59055118110234" HPOS="69.16535433070867"/>
            <String HEIGHT="15.307086614173228" WIDTH="49.039370078740156" VPOS="447.59055118110234" HPOS="54.425196850393704" CONTENT="serait" ID="tl_26_2" STYLEREFS="FONT0"/>
            <SP HEIGHT="15.307086614173228" WIDTH="4.818897637795276" VPOS="447.59055118110234" HPOS="103.46456692913385"/>
            <String HEIGHT="15.307086614173228" WIDTH="34.2992125984252" VPOS="447.59055118110234" HPOS="88.7244094488189" CONTENT="pas" ID="tl_26_3" STYLEREFS="FONT0"/>
            <SP HEIGHT="15.307086614173228" WIDTH="4.818897637795276" VPOS="447.59055118110234" HPOS="123.02362204724409"/>
            <String HEIGHT="15.307086614173228" WIDTH="29.480314960629922" VPOS="447.59055118110234" HPOS="103.46456692913385" CONTENT="art." ID="tl_26_4" STYLEREFS="FONT0"/>
          </TextLine>
        </TextBlock>
        <TextBlock ID="r_3_2" HEIGHT="156.4724409448819" WIDTH="253.70078740157481" VPOS="463.18110236220474" HPOS="45.92125984251968">
          <TextLine ID="tl_27" BASELINE="1679" HEIGHT="13.606299212598426" WIDTH="240.3779527559055" VPOS="462.3307086614173" HPOS="58.67716535433071">
            <String HEIGHT="13.606299212598426" WIDTH="51.59055118110236" VPOS="462.3307086614173" HPOS="53.00787401574803" CONTENT="Aussi" ID="tl_27_1" STYLEREFS="FONT0"/>
            <SP HEIGHT="13.606299212598426" WIDTH="5.669291338582677" VPOS="462.3307086614173" HPOS="104.5984251968504"/>
            <String HEIGHT="13.606299212598426" WIDTH="34.2992125984252" VPOS="462.3307086614173" HPOS="87.30708661417323" CONTENT="ne" ID="tl_27_2" STYLEREFS="FONT0"/>
            <SP HEIGHT="13.606299212598426" WIDTH="5.669291338582677" VPOS="462.3307086614173" HPOS="121.60629921259843"/>
            <String HEIGHT="13.606299212598426" WIDTH="85.88976377952756" VPOS="462.3307086614173" HPOS="104.5984251968504" CONTENT="faudra-t-il" ID="tl_27_3" STYLEREFS="FONT0"/>
            <SP HEIGHT="13.606299212598426" WIDTH="5.669291338582677" VPOS="462.3307086614173" HPOS="190.20472440944883"/>
            <String HEIGHT="13.606299212598426" WIDTH="39.968503937007874" VPOS="462.3307086614173" HPOS="173.1968503937008" CONTENT="pas" ID="tl_27_4" STYLEREFS="FONT0"/>
            <SP HEIGHT="13.606299212598426" WIDTH="5.669291338582677" VPOS="462.3307086614173" HPOS="213.16535433070865"/>
            <String HEIGHT="13.606299212598426" WIDTH="74.26771653543307" VPOS="462.3307086614173" HPOS="196.15748031496062" CONTENT="s’étonner" ID="tl_27_5" STYLEREFS="FONT0"/>
            <SP HEIGHT="13.606299212598426" WIDTH="5.669291338582677" VPOS="462.3307086614173" HPOS="270.4251968503937"/>
            <String HEIGHT="13.606299212598426" WIDTH="34.2992125984252" VPOS="462.3307086614173" HPOS="253.13385826771653" CONTENT="si" ID="tl_27_6" STYLEREFS="FONT0"/>
            <SP HEIGHT="13.606299212598426" WIDTH="5.669291338582677" VPOS="462.3307086614173" HPOS="287.7165354330709"/>
            <String HEIGHT="13.606299212598426" WIDTH="34.2992125984252" VPOS="462.3307086614173" HPOS="264.755905511811" CONTENT="deux" ID="tl_27_7" STYLEREFS="FONT0"/>
          </TextLine>
          <TextLine ID="tl_28" BASELINE="1725" HEIGHT="16.15748031496063" WIDTH="255.4015748031496" VPOS="472.81889763779526" HPOS="44.503937007874015">
            <String HEIGHT="16.15748031496063" WIDTH="58.110236220472444" VPOS="472.81889763779526" HPOS="38.83464566929134" CONTENT="jeunes" ID="tl_28_1" STYLEREFS="FONT0"/>
            <SP HEIGHT="16.15748031496063" WIDTH="5.669291338582677" VPOS="472.81889763779526" HPOS="96.66141732283465"/>
            <String HEIGHT="16.15748031496063" WIDTH="69.73228346456693" VPOS="472.81889763779526" HPOS="79.37007874015748" CONTENT="artistes" ID="tl_28_2" STYLEREFS="FONT0"/>
            <SP HEIGHT="16.15748031496063" WIDTH="5.669291338582677" VPOS="472.81889763779526" HPOS="149.10236220472441"/>
            <String HEIGHT="16.15748031496063" WIDTH="52.15748031496063" VPOS="472.81889763779526" HPOS="131.5275590551181" CONTENT="comme" ID="tl_28_3" STYLEREFS="FONT0"/>
            <SP HEIGHT="16.15748031496063" WIDTH="5.669291338582677" VPOS="472.81889763779526" HPOS="183.68503937007873"/>
            <String HEIGHT="16.15748031496063" WIDTH="63.77952755905512" VPOS="472.81889763779526" HPOS="166.39370078740157" CONTENT="Justino" ID="tl_28_4" STYLEREFS="FONT0"/>
            <SP HEIGHT="16.15748031496063" WIDTH="5.669291338582677" VPOS="472.81889763779526" HPOS="230.17322834645668"/>
            <String HEIGHT="16.15748031496063" WIDTH="52.15748031496063" VPOS="472.81889763779526" HPOS="212.88188976377953" CONTENT="Alves" ID="tl_28_5" STYLEREFS="FONT0"/>
            <SP HEIGHT="16.15748031496063" WIDTH="5.669291338582677" VPOS="472.81889763779526" HPOS="265.03937007874015"/>
            <String HEIGHT="16.15748031496063" WIDTH="34.86614173228347" VPOS="472.81889763779526" HPOS="247.748031496063" CONTENT="et" ID="tl_28_6" STYLEREFS="FONT0"/>
            <SP HEIGHT="16.15748031496063" WIDTH="5.669291338582677" VPOS="472.81889763779526" HPOS="282.61417322834643"/>
            <String HEIGHT="16.15748031496063" WIDTH="40.53543307086614" VPOS="472.81889763779526" HPOS="259.37007874015745" CONTENT="Vitor" ID="tl_28_7" STYLEREFS="FONT0"/>
          </TextLine>
          <TextLine ID="tl_29" BASELINE="1762" HEIGHT="15.023622047244094" WIDTH="253.98425196850394" VPOS="484.4409448818898" HPOS="45.354330708661415">
            <String HEIGHT="15.023622047244094" WIDTH="62.07874015748032" VPOS="484.4409448818898" HPOS="39.68503937007874" CONTENT="Fortes," ID="tl_29_1" STYLEREFS="FONT0"/>
            <SP HEIGHT="15.023622047244094" WIDTH="5.669291338582677" VPOS="484.4409448818898" HPOS="101.76377952755905"/>
            <String HEIGHT="15.023622047244094" WIDTH="45.07086614173228" VPOS="484.4409448818898" HPOS="84.75590551181102" CONTENT="bien" ID="tl_29_2" STYLEREFS="FONT0"/>
            <SP HEIGHT="15.023622047244094" WIDTH="5.669291338582677" VPOS="484.4409448818898" HPOS="130.11023622047244"/>
            <String HEIGHT="15.023622047244094" WIDTH="67.74803149606299" VPOS="484.4409448818898" HPOS="113.10236220472441" CONTENT="qu’ayant" ID="tl_29_3" STYLEREFS="FONT0"/>
            <SP HEIGHT="15.023622047244094" WIDTH="5.669291338582677" VPOS="484.4409448818898" HPOS="180.8503937007874"/>
            <String HEIGHT="15.023622047244094" WIDTH="45.07086614173228" VPOS="484.4409448818898" HPOS="163.84251968503938" CONTENT="subi" ID="tl_29_4" STYLEREFS="FONT0"/>
            <SP HEIGHT="15.023622047244094" WIDTH="5.669291338582677" VPOS="484.4409448818898" HPOS="208.91338582677164"/>
            <String HEIGHT="15.023622047244094" WIDTH="33.732283464566926" VPOS="484.4409448818898" HPOS="192.18897637795277" CONTENT="la" ID="tl_29_5" STYLEREFS="FONT0"/>
            <SP HEIGHT="15.023622047244094" WIDTH="5.669291338582677" VPOS="484.4409448818898" HPOS="225.92125984251967"/>
            <String HEIGHT="15.023622047244094" WIDTH="45.07086614173228" VPOS="484.4409448818898" HPOS="208.91338582677164" CONTENT="même" ID="tl_29_6" STYLEREFS="FONT0"/>
            <SP HEIGHT="15.023622047244094" WIDTH="5.669291338582677" VPOS="484.4409448818898" HPOS="254.26771653543307"/>
            <String HEIGHT="15.023622047244094" WIDTH="67.74803149606299" VPOS="484.4409448818898" HPOS="231.59055118110237" CONTENT="influence," ID="tl_29_7" STYLEREFS="FONT0"/>
          </TextLine>
          <TextLine ID="tl_30" BASELINE="1807" HEIGHT="14.456692913385826" WIDTH="254.83464566929135" VPOS="497.76377952755905" HPOS="45.07086614173228">
            <String HEIGHT="14.456692913385826" WIDTH="68.88188976377953" VPOS="497.76377952755905" HPOS="39.68503937007874" CONTENT="différent" ID="tl_30_1" STYLEREFS="FONT0"/>
            <SP HEIGHT="14.456692913385826" WIDTH="5.3858267716535435" VPOS="497.76377952755905" HPOS="108.85039370078741"/>
            <String HEIGHT="14.456692913385826" WIDTH="31.748031496062993" VPOS="497.76377952755905" HPOS="92.97637795275591" CONTENT="en" ID="tl_30_2" STYLEREFS="FONT0"/>
            <SP HEIGHT="14.456692913385826" WIDTH="5.3858267716535435" VPOS="497.76377952755905" HPOS="124.7244094488189"/>
            <String HEIGHT="14.456692913385826" WIDTH="42.51968503937008" VPOS="497.76377952755905" HPOS="108.85039370078741" CONTENT="tout" ID="tl_30_3" STYLEREFS="FONT0"/>
            <SP HEIGHT="14.456692913385826" WIDTH="5.3858267716535435" VPOS="497.76377952755905" HPOS="151.37007874015748"/>
            <String HEIGHT="14.456692913385826" WIDTH="53.00787401574803" VPOS="497.76377952755905" HPOS="135.21259842519686" CONTENT="point." ID="tl_30_4" STYLEREFS="FONT0"/>
            <SP HEIGHT="14.456692913385826" WIDTH="5.3858267716535435" VPOS="497.76377952755905" HPOS="188.50393700787401"/>
            <String HEIGHT="14.456692913385826" WIDTH="58.39370078740158" VPOS="497.76377952755905" HPOS="172.62992125984252" CONTENT="L’œuvre" ID="tl_30_5" STYLEREFS="FONT0"/>
            <SP HEIGHT="14.456692913385826" WIDTH="5.3858267716535435" VPOS="497.76377952755905" HPOS="231.0236220472441"/>
            <String HEIGHT="14.456692913385826" WIDTH="31.748031496062993" VPOS="497.76377952755905" HPOS="214.86614173228347" CONTENT="du" ID="tl_30_6" STYLEREFS="FONT0"/>
            <SP HEIGHT="14.456692913385826" WIDTH="5.3858267716535435" VPOS="497.76377952755905" HPOS="246.89763779527559"/>
            <String HEIGHT="14.456692913385826" WIDTH="58.39370078740158" VPOS="497.76377952755905" HPOS="231.0236220472441" CONTENT="peintre" ID="tl_30_7" STYLEREFS="FONT0"/>
            <SP HEIGHT="14.456692913385826" WIDTH="5.3858267716535435" VPOS="497.76377952755905" HPOS="289.4173228346457"/>
            <String HEIGHT="14.456692913385826" WIDTH="31.748031496062993" VPOS="497.76377952755905" HPOS="268.15748031496065" CONTENT="Jus" SUBS_TYPE="HypPart1" SUBS_CONTENT="Justino" ID="tl_30_8" STYLEREFS="FONT0"/>
            <HYP CONTENT="-"/>
          </TextLine>
          <TextLine ID="tl_31" BASELINE="1852" HEIGHT="13.039370078740157" WIDTH="254.5511811023622" VPOS="511.93700787401576" HPOS="45.07086614173228">
            <String HEIGHT="13.039370078740157" WIDTH="44.22047244094488" VPOS="511.93700787401576" HPOS="39.40157480314961" CONTENT="tino" SUBS_TYPE="HypPart2" SUBS_CONTENT="Justino" ID="tl_31_1" STYLEREFS="FONT0"/>
            <SP HEIGHT="13.039370078740157" WIDTH="5.669291338582677" VPOS="511.93700787401576" HPOS="83.90551181102362"/>
            <String HEIGHT="13.039370078740157" WIDTH="49.889763779527556" VPOS="511.93700787401576" HPOS="67.18110236220473" CONTENT="Alves" ID="tl_31_2" STYLEREFS="FONT0"/>
            <SP HEIGHT="13.039370078740157" WIDTH="5.669291338582677" VPOS="511.93700787401576" HPOS="117.07086614173228"/>
            <String HEIGHT="13.039370078740157" WIDTH="66.33070866141732" VPOS="511.93700787401576" HPOS="100.34645669291339" CONTENT="perturbe" ID="tl_31_3" STYLEREFS="FONT0"/>
            <SP HEIGHT="13.039370078740157" WIDTH="5.669291338582677" VPOS="511.93700787401576" HPOS="166.6771653543307"/>
            <String HEIGHT="13.039370078740157" WIDTH="77.38582677165354" VPOS="511.93700787401576" HPOS="150.23622047244095" CONTENT="l’harmonie" ID="tl_31_4" STYLEREFS="FONT0"/>
            <SP HEIGHT="13.039370078740157" WIDTH="5.669291338582677" VPOS="511.93700787401576" HPOS="227.6220472440945"/>
            <String HEIGHT="13.039370078740157" WIDTH="49.889763779527556" VPOS="511.93700787401576" HPOS="211.1811023622047" CONTENT="entre" ID="tl_31_5" STYLEREFS="FONT0"/>
            <SP HEIGHT="13.039370078740157" WIDTH="5.669291338582677" VPOS="511.93700787401576" HPOS="260.78740157480314"/>
            <String HEIGHT="13.039370078740157" WIDTH="38.83464566929134" VPOS="511.93700787401576" HPOS="244.3464566929134" CONTENT="une" ID="tl_31_6" STYLEREFS="FONT0"/>
            <SP HEIGHT="13.039370078740157" WIDTH="5.669291338582677" VPOS="511.93700787401576" HPOS="282.8976377952756"/>
            <String HEIGHT="13.039370078740157" WIDTH="38.83464566929134" VPOS="511.93700787401576" HPOS="260.78740157480314" CONTENT="forme" ID="tl_31_7" STYLEREFS="FONT0"/>
          </TextLine>
          <TextLine ID="tl_32" BASELINE="1888" HEIGHT="12.472440944881889" WIDTH="253.41732283464566" VPOS="522.7086614173228" HPOS="45.92125984251968">
            <String HEIGHT="12.472440944881889" WIDTH="59.24409448818898" VPOS="522.7086614173228" HPOS="40.53543307086614" CONTENT="mentale" ID="tl_32_1" STYLEREFS="FONT0"/>
            <SP HEIGHT="12.472440944881889" WIDTH="5.3858267716535435" VPOS="522.7086614173228" HPOS="99.77952755905511"/>
            <String HEIGHT="12.472440944881889" WIDTH="32.31496062992126" VPOS="522.7086614173228" HPOS="83.62204724409449" CONTENT="et" ID="tl_32_2" STYLEREFS="FONT0"/>
            <SP HEIGHT="12.472440944881889" WIDTH="5.3858267716535435" VPOS="522.7086614173228" HPOS="115.93700787401575"/>
            <String HEIGHT="12.472440944881889" WIDTH="37.7007874015748" VPOS="522.7086614173228" HPOS="99.77952755905511" CONTENT="les" ID="tl_32_3" STYLEREFS="FONT0"/>
            <SP HEIGHT="12.472440944881889" WIDTH="5.3858267716535435" VPOS="522.7086614173228" HPOS="137.48031496062993"/>
            <String HEIGHT="12.472440944881889" WIDTH="59.24409448818898" VPOS="522.7086614173228" HPOS="121.32283464566929" CONTENT="données" ID="tl_32_4" STYLEREFS="FONT0"/>
            <SP HEIGHT="12.472440944881889" WIDTH="5.3858267716535435" VPOS="522.7086614173228" HPOS="180.8503937007874"/>
            <String HEIGHT="12.472440944881889" WIDTH="32.31496062992126" VPOS="522.7086614173228" HPOS="164.40944881889763" CONTENT="du" ID="tl_32_5" STYLEREFS="FONT0"/>
            <SP HEIGHT="12.472440944881889" WIDTH="5.3858267716535435" VPOS="522.7086614173228" HPOS="197.00787401574803"/>
            <String HEIGHT="12.472440944881889" WIDTH="48.47244094488189" VPOS="522.7086614173228" HPOS="180.8503937007874" CONTENT="monde" ID="tl_32_6" STYLEREFS="FONT0"/>
            <SP HEIGHT="12.472440944881889" WIDTH="5.3858267716535435" VPOS="522.7086614173228" HPOS="229.3228346456693"/>
            <String HEIGHT="12.472440944881889" WIDTH="48.47244094488189" VPOS="522.7086614173228" HPOS="213.16535433070865" CONTENT="réel," ID="tl_32_7" STYLEREFS="FONT0"/>
            <SP HEIGHT="12.472440944881889" WIDTH="5.3858267716535435" VPOS="522.7086614173228" HPOS="261.6377952755906"/>
            <String HEIGHT="12.472440944881889" WIDTH="26.929133858267715" VPOS="522.7086614173228" HPOS="245.48031496062993" CONTENT="à" ID="tl_32_8" STYLEREFS="FONT0"/>
            <SP HEIGHT="12.472440944881889" WIDTH="5.3858267716535435" VPOS="522.7086614173228" HPOS="272.40944881889766"/>
            <String HEIGHT="12.472440944881889" WIDTH="48.47244094488189" VPOS="522.7086614173228" HPOS="250.86614173228347" CONTENT="travers" ID="tl_32_9" STYLEREFS="FONT0"/>
          </TextLine>
          <TextLine ID="tl_33" BASELINE="1933" HEIGHT="15.590551181102363" WIDTH="254.26771653543307" VPOS="532.3464566929134" HPOS="45.63779527559055">
            <String HEIGHT="15.590551181102363" WIDTH="97.51181102362204" VPOS="532.3464566929134" HPOS="40.25196850393701" CONTENT="l’organisation" ID="tl_33_1" STYLEREFS="FONT0"/>
            <SP HEIGHT="15.590551181102363" WIDTH="5.3858267716535435" VPOS="532.3464566929134" HPOS="137.48031496062993"/>
            <String HEIGHT="15.590551181102363" WIDTH="75.68503937007874" VPOS="532.3464566929134" HPOS="121.32283464566929" CONTENT="esthétique" ID="tl_33_2" STYLEREFS="FONT0"/>
            <SP HEIGHT="15.590551181102363" WIDTH="5.3858267716535435" VPOS="532.3464566929134" HPOS="197.00787401574803"/>
            <String HEIGHT="15.590551181102363" WIDTH="37.98425196850393" VPOS="532.3464566929134" HPOS="180.8503937007874" CONTENT="des" ID="tl_33_3" STYLEREFS="FONT0"/>
            <SP HEIGHT="15.590551181102363" WIDTH="5.3858267716535435" VPOS="532.3464566929134" HPOS="218.83464566929135"/>
            <String HEIGHT="15.590551181102363" WIDTH="54.14173228346457" VPOS="532.3464566929134" HPOS="202.39370078740157" CONTENT="masses" ID="tl_33_4" STYLEREFS="FONT0"/>
            <SP HEIGHT="15.590551181102363" WIDTH="5.3858267716535435" VPOS="532.3464566929134" HPOS="256.53543307086613"/>
            <String HEIGHT="15.590551181102363" WIDTH="64.91338582677166" VPOS="532.3464566929134" HPOS="234.99212598425197" CONTENT="statiques," ID="tl_33_5" STYLEREFS="FONT0"/>
          </TextLine>
          <TextLine ID="tl_34" BASELINE="1971" HEIGHT="11.905511811023622" WIDTH="254.26771653543307" VPOS="546.8031496062993" HPOS="45.63779527559055">
            <String HEIGHT="11.905511811023622" WIDTH="67.74803149606299" VPOS="546.8031496062993" HPOS="39.968503937007874" CONTENT="soumises" ID="tl_34_1" STYLEREFS="FONT0"/>
            <SP HEIGHT="11.905511811023622" WIDTH="5.669291338582677" VPOS="546.8031496062993" HPOS="107.71653543307086"/>
            <String HEIGHT="11.905511811023622" WIDTH="28.346456692913385" VPOS="546.8031496062993" HPOS="90.70866141732283" CONTENT="à" ID="tl_34_2" STYLEREFS="FONT0"/>
            <SP HEIGHT="11.905511811023622" WIDTH="5.669291338582677" VPOS="546.8031496062993" HPOS="119.05511811023622"/>
            <String HEIGHT="11.905511811023622" WIDTH="34.01574803149607" VPOS="546.8031496062993" HPOS="102.04724409448819" CONTENT="un" ID="tl_34_3" STYLEREFS="FONT0"/>
            <SP HEIGHT="11.905511811023622" WIDTH="5.669291338582677" VPOS="546.8031496062993" HPOS="136.06299212598427"/>
            <String HEIGHT="11.905511811023622" WIDTH="50.74015748031496" VPOS="546.8031496062993" HPOS="119.05511811023622" CONTENT="ordre" ID="tl_34_4" STYLEREFS="FONT0"/>
            <SP HEIGHT="11.905511811023622" WIDTH="5.669291338582677" VPOS="546.8031496062993" HPOS="170.07874015748033"/>
            <String HEIGHT="11.905511811023622" WIDTH="90.4251968503937" VPOS="546.8031496062993" HPOS="153.0708661417323" CONTENT="intellectuel" ID="tl_34_5" STYLEREFS="FONT0"/>
            <SP HEIGHT="11.905511811023622" WIDTH="5.669291338582677" VPOS="546.8031496062993" HPOS="243.49606299212599"/>
            <String HEIGHT="11.905511811023622" WIDTH="34.01574803149607" VPOS="546.8031496062993" HPOS="226.48818897637796" CONTENT="où" ID="tl_34_6" STYLEREFS="FONT0"/>
            <SP HEIGHT="11.905511811023622" WIDTH="5.669291338582677" VPOS="546.8031496062993" HPOS="260.2204724409449"/>
            <String HEIGHT="11.905511811023622" WIDTH="34.01574803149607" VPOS="546.8031496062993" HPOS="243.49606299212599" CONTENT="la" ID="tl_34_7" STYLEREFS="FONT0"/>
            <SP HEIGHT="11.905511811023622" WIDTH="5.669291338582677" VPOS="546.8031496062993" HPOS="277.2283464566929"/>
            <String HEIGHT="11.905511811023622" WIDTH="45.07086614173228" VPOS="546.8031496062993" HPOS="254.83464566929135" CONTENT="nature" ID="tl_34_8" STYLEREFS="FONT0"/>
          </TextLine>
          <TextLine ID="tl_35" BASELINE="2011" HEIGHT="13.039370078740157" WIDTH="254.26771653543307" VPOS="557.007874015748" HPOS="45.92125984251968">
            <String HEIGHT="13.039370078740157" WIDTH="40.53543307086614" VPOS="557.007874015748" HPOS="40.25196850393701" CONTENT="est" ID="tl_35_1" STYLEREFS="FONT0"/>
            <SP HEIGHT="13.039370078740157" WIDTH="5.669291338582677" VPOS="557.007874015748" HPOS="80.50393700787401"/>
            <String HEIGHT="13.039370078740157" WIDTH="63.496062992125985" VPOS="557.007874015748" HPOS="63.21259842519685" CONTENT="réduite" ID="tl_35_2" STYLEREFS="FONT0"/>
            <SP HEIGHT="13.039370078740157" WIDTH="5.669291338582677" VPOS="557.007874015748" HPOS="126.70866141732283"/>
            <String HEIGHT="13.039370078740157" WIDTH="28.913385826771652" VPOS="557.007874015748" HPOS="109.41732283464567" CONTENT="à" ID="tl_35_3" STYLEREFS="FONT0"/>
            <SP HEIGHT="13.039370078740157" WIDTH="5.669291338582677" VPOS="557.007874015748" HPOS="138.33070866141733"/>
            <String HEIGHT="13.039370078740157" WIDTH="34.58267716535433" VPOS="557.007874015748" HPOS="121.03937007874016" CONTENT="la" ID="tl_35_4" STYLEREFS="FONT0"/>
            <SP HEIGHT="13.039370078740157" WIDTH="5.669291338582677" VPOS="557.007874015748" HPOS="155.6220472440945"/>
            <String HEIGHT="13.039370078740157" WIDTH="57.826771653543304" VPOS="557.007874015748" HPOS="138.33070866141733" CONTENT="mesure" ID="tl_35_5" STYLEREFS="FONT0"/>
            <SP HEIGHT="13.039370078740157" WIDTH="5.669291338582677" VPOS="557.007874015748" HPOS="196.15748031496062"/>
            <String HEIGHT="13.039370078740157" WIDTH="69.44881889763779" VPOS="557.007874015748" HPOS="178.86614173228347" CONTENT="physique" ID="tl_35_6" STYLEREFS="FONT0"/>
            <SP HEIGHT="13.039370078740157" WIDTH="5.669291338582677" VPOS="557.007874015748" HPOS="248.31496062992127"/>
            <String HEIGHT="13.039370078740157" WIDTH="34.58267716535433" VPOS="557.007874015748" HPOS="230.74015748031496" CONTENT="de" ID="tl_35_7" STYLEREFS="FONT0"/>
            <SP HEIGHT="13.039370078740157" WIDTH="5.669291338582677" VPOS="557.007874015748" HPOS="265.6062992125984"/>
            <String HEIGHT="13.039370078740157" WIDTH="57.826771653543304" VPOS="557.007874015748" HPOS="242.36220472440945" CONTENT="l’homme." ID="tl_35_8" STYLEREFS="FONT0"/>
          </TextLine>
          <TextLine ID="tl_36" BASELINE="2052" HEIGHT="13.32283464566929" WIDTH="253.98425196850394" VPOS="568.3464566929134" HPOS="46.488188976377955">
            <String HEIGHT="13.32283464566929" WIDTH="60.661417322834644" VPOS="568.3464566929134" HPOS="41.10236220472441" CONTENT="L’œuvre" ID="tl_36_1" STYLEREFS="FONT0"/>
            <SP HEIGHT="13.32283464566929" WIDTH="5.3858267716535435" VPOS="568.3464566929134" HPOS="101.76377952755905"/>
            <String HEIGHT="13.32283464566929" WIDTH="33.16535433070866" VPOS="568.3464566929134" HPOS="85.03937007874016" CONTENT="du" ID="tl_36_2" STYLEREFS="FONT0"/>
            <SP HEIGHT="13.32283464566929" WIDTH="5.3858267716535435" VPOS="568.3464566929134" HPOS="118.20472440944881"/>
            <String HEIGHT="13.32283464566929" WIDTH="60.661417322834644" VPOS="568.3464566929134" HPOS="101.76377952755905" CONTENT="graveur" ID="tl_36_3" STYLEREFS="FONT0"/>
            <SP HEIGHT="13.32283464566929" WIDTH="5.3858267716535435" VPOS="568.3464566929134" HPOS="162.4251968503937"/>
            <String HEIGHT="13.32283464566929" WIDTH="49.60629921259842" VPOS="568.3464566929134" HPOS="145.98425196850394" CONTENT="Vitor" ID="tl_36_4" STYLEREFS="FONT0"/>
            <SP HEIGHT="13.32283464566929" WIDTH="5.3858267716535435" VPOS="568.3464566929134" HPOS="195.59055118110237"/>
            <String HEIGHT="13.32283464566929" WIDTH="60.661417322834644" VPOS="568.3464566929134" HPOS="178.86614173228347" CONTENT="Fortes," ID="tl_36_5" STYLEREFS="FONT0"/>
            <SP HEIGHT="13.32283464566929" WIDTH="5.3858267716535435" VPOS="568.3464566929134" HPOS="239.81102362204723"/>
            <String HEIGHT="13.32283464566929" WIDTH="33.16535433070866" VPOS="568.3464566929134" HPOS="223.08661417322836" CONTENT="au" ID="tl_36_6" STYLEREFS="FONT0"/>
            <SP HEIGHT="13.32283464566929" WIDTH="5.3858267716535435" VPOS="568.3464566929134" HPOS="256.251968503937"/>
            <String HEIGHT="13.32283464566929" WIDTH="66.33070866141732" VPOS="568.3464566929134" HPOS="234.14173228346456" CONTENT="contraire," ID="tl_36_7" STYLEREFS="FONT0"/>
          </TextLine>
          <TextLine ID="tl_37" BASELINE="2101" HEIGHT="13.88976377952756" WIDTH="253.70078740157481" VPOS="581.6692913385826" HPOS="46.20472440944882">
            <String HEIGHT="13.88976377952756" WIDTH="38.55118110236221" VPOS="581.6692913385826" HPOS="40.818897637795274" CONTENT="est" ID="tl_37_1" STYLEREFS="FONT0"/>
            <SP HEIGHT="13.88976377952756" WIDTH="5.3858267716535435" VPOS="581.6692913385826" HPOS="79.37007874015748"/>
            <String HEIGHT="13.88976377952756" WIDTH="44.22047244094488" VPOS="581.6692913385826" HPOS="62.645669291338585" CONTENT="axée" ID="tl_37_2" STYLEREFS="FONT0"/>
            <SP HEIGHT="13.88976377952756" WIDTH="5.3858267716535435" VPOS="581.6692913385826" HPOS="106.86614173228347"/>
            <String HEIGHT="13.88976377952756" WIDTH="44.22047244094488" VPOS="581.6692913385826" HPOS="90.4251968503937" CONTENT="vers" ID="tl_37_3" STYLEREFS="FONT0"/>
            <SP HEIGHT="13.88976377952756" WIDTH="5.3858267716535435" VPOS="581.6692913385826" HPOS="134.36220472440945"/>
            <String HEIGHT="13.88976377952756" WIDTH="33.16535433070866" VPOS="581.6692913385826" HPOS="117.92125984251969" CONTENT="la" ID="tl_37_4" STYLEREFS="FONT0"/>
            <SP HEIGHT="13.88976377952756" WIDTH="5.3858267716535435" VPOS="581.6692913385826" HPOS="151.08661417322836"/>
            <String HEIGHT="13.88976377952756" WIDTH="60.661417322834644" VPOS="581.6692913385826" HPOS="134.36220472440945" CONTENT="liberté" ID="tl_37_5" STYLEREFS="FONT0"/>
            <SP HEIGHT="13.88976377952756" WIDTH="5.3858267716535435" VPOS="581.6692913385826" HPOS="195.0236220472441"/>
            <String HEIGHT="13.88976377952756" WIDTH="38.55118110236221" VPOS="581.6692913385826" HPOS="178.58267716535434" CONTENT="par" ID="tl_37_6" STYLEREFS="FONT0"/>
            <SP HEIGHT="13.88976377952756" WIDTH="5.3858267716535435" VPOS="581.6692913385826" HPOS="217.13385826771653"/>
            <String HEIGHT="13.88976377952756" WIDTH="38.55118110236221" VPOS="581.6692913385826" HPOS="200.69291338582678" CONTENT="une" ID="tl_37_7" STYLEREFS="FONT0"/>
            <SP HEIGHT="13.88976377952756" WIDTH="5.3858267716535435" VPOS="581.6692913385826" HPOS="239.24409448818898"/>
            <String HEIGHT="13.88976377952756" WIDTH="82.77165354330708" VPOS="581.6692913385826" HPOS="217.13385826771653" CONTENT="détermination" ID="tl_37_8" STYLEREFS="FONT0"/>
          </TextLine>
          <TextLine ID="tl_38" BASELINE="2137" HEIGHT="12.188976377952756" WIDTH="254.5511811023622" VPOS="593.5748031496063" HPOS="46.488188976377955">
            <String HEIGHT="12.188976377952756" WIDTH="75.68503937007874" VPOS="593.5748031496063" HPOS="41.10236220472441" CONTENT="organique," ID="tl_38_1" STYLEREFS="FONT0"/>
            <SP HEIGHT="12.188976377952756" WIDTH="5.3858267716535435" VPOS="593.5748031496063" HPOS="116.78740157480316"/>
            <String HEIGHT="12.188976377952756" WIDTH="37.98425196850393" VPOS="593.5748031496063" HPOS="100.62992125984252" CONTENT="qui" ID="tl_38_2" STYLEREFS="FONT0"/>
            <SP HEIGHT="12.188976377952756" WIDTH="5.3858267716535435" VPOS="593.5748031496063" HPOS="138.61417322834646"/>
            <String HEIGHT="12.188976377952756" WIDTH="32.59842519685039" VPOS="593.5748031496063" HPOS="122.1732283464567" CONTENT="ne" ID="tl_38_3" STYLEREFS="FONT0"/>
            <SP HEIGHT="12.188976377952756" WIDTH="5.3858267716535435" VPOS="593.5748031496063" HPOS="154.77165354330708"/>
            <String HEIGHT="12.188976377952756" WIDTH="48.75590551181102" VPOS="593.5748031496063" HPOS="138.61417322834646" CONTENT="tient" ID="tl_38_4" STYLEREFS="FONT0"/>
            <SP HEIGHT="12.188976377952756" WIDTH="5.3858267716535435" VPOS="593.5748031496063" HPOS="187.37007874015748"/>
            <String HEIGHT="12.188976377952756" WIDTH="54.14173228346457" VPOS="593.5748031496063" HPOS="170.9291338582677" CONTENT="compte" ID="tl_38_5" STYLEREFS="FONT0"/>
            <SP HEIGHT="12.188976377952756" WIDTH="5.3858267716535435" VPOS="593.5748031496063" HPOS="225.35433070866142"/>
            <String HEIGHT="12.188976377952756" WIDTH="64.91338582677166" VPOS="593.5748031496063" HPOS="208.91338582677164" CONTENT="d’aucune" ID="tl_38_6" STYLEREFS="FONT0"/>
            <SP HEIGHT="12.188976377952756" WIDTH="5.3858267716535435" VPOS="593.5748031496063" HPOS="273.8267716535433"/>
            <String HEIGHT="12.188976377952756" WIDTH="48.75590551181102" VPOS="593.5748031496063" HPOS="252.28346456692913" CONTENT="mesure," ID="tl_38_7" STYLEREFS="FONT0"/>
          </TextLine>
          <TextLine ID="tl_39" BASELINE="2180" HEIGHT="13.32283464566929" WIDTH="163.2755905511811" VPOS="604.6299212598425" HPOS="47.62204724409449">
            <String HEIGHT="13.32283464566929" WIDTH="52.724409448818896" VPOS="604.6299212598425" HPOS="42.23622047244095" CONTENT="hormis" ID="tl_39_1" STYLEREFS="FONT0"/>
            <SP HEIGHT="13.32283464566929" WIDTH="5.3858267716535435" VPOS="604.6299212598425" HPOS="94.96062992125984"/>
            <String HEIGHT="13.32283464566929" WIDTH="47.338582677165356" VPOS="604.6299212598425" HPOS="79.08661417322834" CONTENT="celle" ID="tl_39_2" STYLEREFS="FONT0"/>
            <SP HEIGHT="13.32283464566929" WIDTH="5.3858267716535435" VPOS="604.6299212598425" HPOS="126.70866141732283"/>
            <String HEIGHT="13.32283464566929" WIDTH="31.46456692913386" VPOS="604.6299212598425" HPOS="110.83464566929133" CONTENT="du" ID="tl_39_3" STYLEREFS="FONT0"/>
            <SP HEIGHT="13.32283464566929" WIDTH="5.3858267716535435" VPOS="604.6299212598425" HPOS="142.29921259842519"/>
            <String HEIGHT="13.32283464566929" WIDTH="47.338582677165356" VPOS="604.6299212598425" HPOS="126.70866141732283" CONTENT="geste" ID="tl_39_4" STYLEREFS="FONT0"/>
            <SP HEIGHT="13.32283464566929" WIDTH="5.3858267716535435" VPOS="604.6299212598425" HPOS="174.04724409448818"/>
            <String HEIGHT="13.32283464566929" WIDTH="57.826771653543304" VPOS="604.6299212598425" HPOS="153.0708661417323" CONTENT="créateur." ID="tl_39_5" STYLEREFS="FONT0"/>
          </TextLine>
        </TextBlock>
        <TextBlock ID="r_3_3" HEIGHT="16.440944881889763" WIDTH="236.69291338582678" VPOS="620.2204724409448" HPOS="63.21259842519685">
          <TextLine ID="tl_40" BASELINE="2239" HEIGHT="15.023622047244094" WIDTH="239.24409448818898" VPOS="619.6535433070866" HPOS="61.79527559055118">
            <String HEIGHT="15.023622047244094" WIDTH="51.30708661417323" VPOS="619.6535433070866" HPOS="56.125984251968504" CONTENT="Quant" ID="tl_40_1" STYLEREFS="FONT0"/>
            <SP HEIGHT="15.023622047244094" WIDTH="5.669291338582677" VPOS="619.6535433070866" HPOS="107.43307086614173"/>
            <String HEIGHT="15.023622047244094" WIDTH="28.346456692913385" VPOS="619.6535433070866" HPOS="90.14173228346456" CONTENT="à" ID="tl_40_2" STYLEREFS="FONT0"/>
            <SP HEIGHT="15.023622047244094" WIDTH="5.669291338582677" VPOS="619.6535433070866" HPOS="118.77165354330708"/>
            <String HEIGHT="15.023622047244094" WIDTH="62.645669291338585" VPOS="619.6535433070866" HPOS="101.76377952755905" CONTENT="Alberto" ID="tl_40_3" STYLEREFS="FONT0"/>
            <SP HEIGHT="15.023622047244094" WIDTH="5.669291338582677" VPOS="619.6535433070866" HPOS="164.40944881889763"/>
            <String HEIGHT="15.023622047244094" WIDTH="73.98425196850394" VPOS="619.6535433070866" HPOS="147.11811023622047" CONTENT="Carneiro," ID="tl_40_4" STYLEREFS="FONT0"/>
            <SP HEIGHT="15.023622047244094" WIDTH="5.669291338582677" VPOS="619.6535433070866" HPOS="221.38582677165354"/>
            <String HEIGHT="15.023622047244094" WIDTH="34.2992125984252" VPOS="619.6535433070866" HPOS="204.09448818897638" CONTENT="on" ID="tl_40_5" STYLEREFS="FONT0"/>
            <SP HEIGHT="15.023622047244094" WIDTH="5.669291338582677" VPOS="619.6535433070866" HPOS="238.39370078740157"/>
            <String HEIGHT="15.023622047244094" WIDTH="68.31496062992126" VPOS="619.6535433070866" HPOS="221.38582677165354" CONTENT="pourrait" ID="tl_40_6" STYLEREFS="FONT0"/>
            <SP HEIGHT="15.023622047244094" WIDTH="5.669291338582677" VPOS="619.6535433070866" HPOS="289.7007874015748"/>
            <String HEIGHT="15.023622047244094" WIDTH="34.2992125984252" VPOS="619.6535433070866" HPOS="266.74015748031496" CONTENT="dire" ID="tl_40_7" STYLEREFS="FONT0"/>
          </TextLine>
        </TextBlock>
        <TextBlock ID="r_4_1" HEIGHT="8.220472440944881" WIDTH="12.755905511811024" VPOS="648.5669291338583" HPOS="288.0">
          <TextLine ID="tl_41" BASELINE="2326" HEIGHT="12.755905511811024" WIDTH="15.874015748031496" VPOS="646.5826771653543" HPOS="286.5826771653543">
            <String HEIGHT="12.755905511811024" WIDTH="26.362204724409448" VPOS="646.5826771653543" HPOS="276.09448818897636" CONTENT="107" ID="tl_41_1" STYLEREFS="FONT0"/>
          </TextLine>
        </TextBlock>
      </PrintSpace>
    </Page>
  </Layout>
</alto>
