301.03937007874015 669.2598425196851
-3.1181102362204722 18.708661417322833 78.51968503937007 19.275590551181104 FRANCE

87.8740157480315 54.425196850393704 75.4015748031496 20.409448818897637 GROUPES
135.7795275590551 54.425196850393704 82.48818897637796 20.409448818897637 D’ARTISTES

22.393700787401574 77.38582677165354 37.41732283464567 18.141732283464567 13
47.338582677165356 77.38582677165354 29.19685039370079 18.141732283464567 LES
64.06299212598425 77.38582677165354 70.58267716535433 18.141732283464567 ACROBATES
122.1732283464567 77.38582677165354 66.33070866141732 18.141732283464567 (réalisation
176.31496062992127 77.38582677165354 20.69291338582677 18.141732283464567 à
180.28346456692913 77.38582677165354 49.889763779527556 18.141732283464567 grandeur).

35.43307086614173 92.40944881889764 44.22047244094488 19.275590551181104 Sports
66.61417322834646 92.40944881889764 26.64566929133858 19.275590551181104 et
79.93700787401575 92.40944881889764 48.75590551181102 19.275590551181104 loisirs
115.37007874015748 92.40944881889764 35.43307086614173 19.275590551181104 dans
137.48031496062993 92.40944881889764 62.07874015748032 19.275590551181104 l’euphorie
186.23622047244095 92.40944881889764 57.54330708661417 19.275590551181104 populaire
230.45669291338584 92.40944881889764 30.89763779527559 19.275590551181104 des
243.7795275590551 92.40944881889764 30.89763779527559 19.275590551181104 weel-

34.58267716535433 107.14960629921259 38.83464566929134 14.740157480314961 ends
58.67716535433071 107.14960629921259 72.56692913385827 14.740157480314961 campagnards
116.78740157480316 107.14960629921259 24.094488188976378 14.740157480314961 —
126.70866141732283 107.14960629921259 53.29133858267716 14.740157480314961 espaces
165.25984251968504 107.14960629921259 48.47244094488189 14.740157480314961 verts,
194.45669291338584 107.14960629921259 62.92913385826772 14.740157480314961 cabotinage.

34.86614173228347 117.63779527559055 31.181102362204726 18.4251968503937 Il
50.45669291338583 117.63779527559055 26.078740157480315 18.4251968503937 y
60.94488188976378 117.63779527559055 26.078740157480315 18.4251968503937 a
71.14960629921259 117.63779527559055 67.74803149606299 18.4251968503937 longtemps
123.30708661417323 117.63779527559055 36.56692913385827 18.4251968503937 que
144.28346456692913 117.63779527559055 62.645669291338585 18.4251968503937 Carrier,
191.0551181102362 117.63779527559055 46.77165354330709 18.4251968503937 Dody,
222.23622047244095 117.63779527559055 46.77165354330709 18.4251968503937 Unal,
248.31496062992127 117.63779527559055 26.078740157480315 18.4251968503937 ont

34.2992125984252 130.39370078740157 63.77952755905512 16.440944881889763 abandonné
83.33858267716535 130.39370078740157 29.480314960629922 16.440944881889763 le
98.07874015748031 130.39370078740157 53.85826771653543 16.440944881889763 tableau
137.1968503937008 130.39370078740157 68.5984251968504 16.440944881889763 individuel
191.33858267716536 130.39370078740157 29.480314960629922 16.440944881889763 de
206.07874015748033 130.39370078740157 58.960629921259844 16.440944881889763 chevalet
245.1968503937008 130.39370078740157 29.480314960629922 16.440944881889763 pour

33.44881889763779 139.1811023622047 50.173228346456696 17.007874015748033 tenter
68.5984251968504 139.1811023622047 35.1496062992126 17.007874015748033 une
88.7244094488189 139.1811023622047 45.07086614173228 17.007874015748033 œuvre
118.77165354330708 139.1811023622047 60.09448818897638 17.007874015748033 commune.
163.84251968503938 139.1811023622047 54.99212598425197 17.007874015748033 Prenant
203.81102362204723 139.1811023622047 24.944881889763778 17.007874015748033 à
214.01574803149606 139.1811023622047 39.968503937007874 17.007874015748033 leur
234.14173228346456 139.1811023622047 39.968503937007874 17.007874015748033 compte

34.86614173228347 148.53543307086613 30.04724409448819 18.141732283464567 les
51.874015748031496 148.53543307086613 47.05511811023622 18.141732283464567 paroles
86.1732283464567 148.53543307086613 25.511811023622048 18.141732283464567 du
98.92913385826772 148.53543307086613 38.55118110236221 18.141732283464567 poète
124.44094488188976 148.53543307086613 21.25984251968504 18.141732283464567 :
133.22834645669292 148.53543307086613 21.25984251968504 18.141732283464567 «
141.73228346456693 148.53543307086613 38.55118110236221 18.141732283464567 l’art
167.24409448818898 148.53543307086613 34.2992125984252 18.141732283464567 doit
188.78740157480314 148.53543307086613 34.2992125984252 18.141732283464567 être
210.04724409448818 148.53543307086613 34.2992125984252 18.141732283464567 fait
231.30708661417322 148.53543307086613 30.04724409448819 18.141732283464567 par
244.06299212598427 148.53543307086613 30.04724409448819 18.141732283464567 tous,

34.2992125984252 157.88976377952756 32.31496062992126 17.291338582677167 non
52.724409448818896 157.88976377952756 32.31496062992126 17.291338582677167 par
71.14960629921259 157.88976377952756 36.8503937007874 17.291338582677167 un»,
94.39370078740157 157.88976377952756 32.31496062992126 17.291338582677167 ils
112.81889763779527 157.88976377952756 32.31496062992126 17.291338582677167 ont
131.24409448818898 157.88976377952756 50.74015748031496 17.291338582677167 associé
168.09448818897638 157.88976377952756 41.669291338582674 17.291338582677167 leurs
195.8740157480315 157.88976377952756 46.20472440944882 17.291338582677167 forces
228.18897637795277 157.88976377952756 36.8503937007874 17.291338582677167 pour
246.61417322834646 157.88976377952756 27.77952755905512 17.291338582677167 per-

33.732283464566926 168.09448818897638 47.90551181102362 16.440944881889763 mettre
67.46456692913385 168.09448818897638 24.094488188976378 16.440944881889763 à
76.81889763779527 168.09448818897638 43.08661417322835 16.440944881889763 leurs
105.73228346456693 168.09448818897638 52.724409448818896 16.440944881889763 travaux
144.0 168.09448818897638 76.81889763779527 16.440944881889763 d’intéresser
206.36220472440945 168.09448818897638 28.913385826771652 16.440944881889763 le
220.8188976377953 168.09448818897638 38.267716535433074 16.440944881889763 plus
240.09448818897638 168.09448818897638 33.44881889763779 16.440944881889763 grand

28.062992125984252 176.88188976377953 47.05511811023622 12.755905511811024 nombre.

33.732283464566926 189.35433070866142 32.31496062992126 17.858267716535433 Les
52.15748031496063 189.35433070866142 64.62992125984252 17.858267716535433 sarcasmes,
102.89763779527559 189.35433070866142 27.77952755905512 17.858267716535433 la
116.78740157480316 189.35433070866142 50.74015748031496 17.858267716535433 satire,
153.63779527559055 189.35433070866142 55.55905511811024 17.858267716535433 l’humour
195.30708661417322 189.35433070866142 36.8503937007874 17.858267716535433 noir
218.26771653543307 189.35433070866142 27.77952755905512 17.858267716535433 ou
232.15748031496062 189.35433070866142 41.669291338582674 17.858267716535433 rose,
255.4015748031496 189.35433070866142 18.4251968503937 17.858267716535433 la

33.16535433070866 200.40944881889763 56.976377952755904 15.307086614173228 fantaisie
76.81889763779527 200.40944881889763 43.653543307086615 15.307086614173228 tendre
107.43307086614173 200.40944881889763 26.362204724409448 15.307086614173228 et
120.4724409448819 200.40944881889763 43.653543307086615 15.307086614173228 alerte
151.08661417322836 200.40944881889763 74.26771653543307 15.307086614173228 caractérisent
212.31496062992127 200.40944881889763 39.40157480314961 15.307086614173228 cette
238.6771653543307 200.40944881889763 21.826771653543307 15.307086614173228 «
242.9291338582677 200.40944881889763 30.614173228346456 15.307086614173228 jeune

33.44881889763779 210.61417322834646 44.22047244094488 15.023622047244094 Ecole
62.645669291338585 210.61417322834646 29.480314960629922 15.023622047244094 de
77.38582677165354 210.61417322834646 63.77952755905512 15.023622047244094 Grenoble»
126.4251968503937 210.61417322834646 39.118110236220474 15.023622047244094 dont
151.08661417322836 210.61417322834646 29.480314960629922 15.023622047244094 la
165.82677165354332 210.61417322834646 58.960629921259844 15.023622047244094 renommée
209.76377952755905 210.61417322834646 53.85826771653543 15.023622047244094 dépasse
244.06299212598427 210.61417322834646 29.480314960629922 15.023622047244094 déjà

32.881889763779526 220.251968503937 32.881889763779526 13.606299212598426 les
51.874015748031496 220.251968503937 51.59055118110236 13.606299212598426 limites
89.29133858267717 220.251968503937 28.062992125984252 13.606299212598426 de
103.46456692913385 220.251968503937 28.062992125984252 13.606299212598426 la
117.35433070866142 220.251968503937 37.41732283464567 13.606299212598426 cité
136.06299212598427 220.251968503937 56.40944881889764 13.606299212598426 olympique.

32.881889763779526 233.85826771653544 32.881889763779526 14.173228346456693 Les
51.874015748031496 233.85826771653544 61.22834645669291 14.173228346456693 Acrobates
98.92913385826772 233.85826771653544 70.86614173228347 14.173228346456693 n’entendent
155.6220472440945 233.85826771653544 32.881889763779526 14.173228346456693 pas
174.61417322834646 233.85826771653544 75.4015748031496 14.173228346456693 spécialement
231.0236220472441 233.85826771653544 42.51968503937008 14.173228346456693 évoquer

33.16535433070866 244.06299212598427 26.64566929133858 15.590551181102363 la
46.488188976377955 244.06299212598427 31.181102362204726 15.590551181102363 vie
64.34645669291339 244.06299212598427 26.64566929133858 15.590551181102363 du
77.66929133858268 244.06299212598427 49.039370078740156 15.590551181102363 cirque,
113.38582677165354 244.06299212598427 26.64566929133858 15.590551181102363 le
126.70866141732283 244.06299212598427 49.039370078740156 15.590551181102363 mystère
162.4251968503937 244.06299212598427 31.181102362204726 15.590551181102363 des
180.0 244.06299212598427 66.61417322834646 15.590551181102363 funambules,
233.5748031496063 244.06299212598427 26.64566929133858 15.590551181102363 la
242.36220472440945 244.06299212598427 31.181102362204726 15.590551181102363 magie

32.881889763779526 254.26771653543307 43.93700787401575 12.755905511811024 secrète
64.91338582677166 254.26771653543307 24.094488188976378 12.755905511811024 du
76.81889763779527 254.26771653543307 56.125984251968504 12.755905511811024 spectacle.
120.75590551181102 254.26771653543307 36.0 12.755905511811024 C’est
144.8503937007874 254.26771653543307 24.094488188976378 12.755905511811024 la
157.03937007874015 254.26771653543307 64.06299212598425 12.755905511811024 civilisation
208.91338582677164 254.26771653543307 28.062992125984252 12.755905511811024 des
225.0708661417323 254.26771653543307 43.93700787401575 12.755905511811024 loisirs
252.8503937007874 254.26771653543307 20.125984251968504 12.755905511811024 qui

32.59842519685039 265.3228346456693 26.362204724409448 11.05511811023622 se
45.63779527559055 265.3228346456693 43.93700787401575 11.05511811023622 trouve
76.25196850393701 265.3228346456693 30.614173228346456 11.05511811023622 ici
93.8267716535433 265.3228346456693 56.976377952755904 11.05511811023622 concernée
137.76377952755905 265.3228346456693 30.614173228346456 11.05511811023622 et,
155.33858267716536 265.3228346456693 35.1496062992126 11.05511811023622 avec
177.16535433070865 265.3228346456693 39.40157480314961 11.05511811023622 elle,
203.5275590551181 265.3228346456693 39.40157480314961 11.05511811023622 toute
229.60629921259843 265.3228346456693 26.362204724409448 11.05511811023622 la
238.39370078740157 265.3228346456693 35.1496062992126 11.05511811023622 mytho-

32.59842519685039 272.6929133858268 38.83464566929134 15.874015748031496 logie
58.39370078740158 272.6929133858268 64.62992125984252 15.874015748031496 culturelle,
109.98425196850394 272.6929133858268 56.125984251968504 15.874015748031496 sportive,
153.0708661417323 272.6929133858268 51.59055118110236 15.874015748031496 sociale,
191.90551181102362 272.6929133858268 56.125984251968504 15.874015748031496 populaire
234.99212598425197 272.6929133858268 30.04724409448819 15.874015748031496 qui
248.03149606299212 272.6929133858268 25.79527559055118 15.874015748031496 veut

31.748031496062993 283.18110236220474 37.13385826771653 15.023622047244094 être
54.70866141732284 283.18110236220474 69.73228346456693 15.023622047244094 joyeusement
110.55118110236221 283.18110236220474 60.37795275590551 15.023622047244094 rapportée
157.03937007874015 283.18110236220474 37.13385826771653 15.023622047244094 avec
180.28346456692913 283.18110236220474 32.59842519685039 15.023622047244094 les
198.70866141732284 283.18110236220474 46.488188976377955 15.023622047244094 forces
226.48818897637796 283.18110236220474 46.488188976377955 15.023622047244094 convain-

32.031496062992126 291.11811023622045 46.20472440944882 14.456692913385826 cantes
64.34645669291339 291.11811023622045 27.77952755905512 14.456692913385826 du
73.41732283464567 291.11811023622045 46.20472440944882 14.456692913385826 sourire.

201.25984251968504 306.4251968503937 33.44881889763779 15.590551181102363 René
217.98425196850394 306.4251968503937 54.14173228346457 15.590551181102363 Déroudille.

31.748031496062993 328.81889763779526 49.889763779527556 16.440944881889763 Hervé
69.44881889763779 328.81889763779526 66.61417322834646 16.440944881889763 CARRIER
123.59055118110236 328.81889763779526 24.944881889763778 16.440944881889763 né
136.06299212598427 328.81889763779526 24.944881889763778 16.440944881889763 en
148.53543307086613 328.81889763779526 33.44881889763779 16.440944881889763 1934
169.51181102362204 328.81889763779526 20.976377952755904 16.440944881889763 à
177.73228346456693 328.81889763779526 54.14173228346457 16.440944881889763 Martigues
215.1496062992126 328.81889763779526 45.92125984251968 16.440944881889763 (France).

31.181102362204726 348.37795275590554 52.44094488188976 14.173228346456693 Henri
70.58267716535433 348.37795275590554 56.976377952755904 14.173228346456693 DODY
114.23622047244095 348.37795275590554 26.362204724409448 14.173228346456693 né
127.55905511811024 348.37795275590554 26.362204724409448 14.173228346456693 en
140.5984251968504 348.37795275590554 35.1496062992126 14.173228346456693 1936
162.4251968503937 348.37795275590554 21.826771653543307 14.173228346456693 à
171.21259842519686 348.37795275590554 35.1496062992126 14.173228346456693 Lyon
188.78740157480314 348.37795275590554 48.188976377952756 14.173228346456693 (France).

30.330708661417322 362.8346456692913 46.20472440944882 19.559055118110237 Joël
64.06299212598425 362.8346456692913 54.425196850393704 19.559055118110237 UNAL
106.01574803149606 362.8346456692913 25.228346456692915 19.559055118110237 né
118.48818897637796 362.8346456692913 25.228346456692915 19.559055118110237 en
130.96062992125985 362.8346456692913 33.44881889763779 19.559055118110237 1942
151.93700787401573 362.8346456692913 20.976377952755904 19.559055118110237 à
160.44094488188978 362.8346456692913 50.45669291338583 19.559055118110237 Grenoble
193.88976377952756 362.8346456692913 46.20472440944882 19.559055118110237 (France).

16.15748031496063 402.8031496062992 39.40157480314961 15.307086614173228 14
42.23622047244095 402.8031496062992 39.40157480314961 15.307086614173228 BOITE
68.5984251968504 402.8031496062992 26.362204724409448 15.307086614173228 DE
77.38582677165354 402.8031496062992 61.22834645669291 15.307086614173228 PANDORRE

28.62992125984252 417.25984251968504 81.35433070866142 17.858267716535433 (environnement
96.37795275590551 417.25984251968504 76.81889763779527 17.858267716535433 expérimental,
159.59055118110237 417.25984251968504 54.14173228346457 17.858267716535433 maquette
200.1259842519685 417.25984251968504 27.212598425196852 17.858267716535433 et
209.1968503937008 417.25984251968504 63.21259842519685 17.858267716535433 projections)

29.19685039370079 432.0 30.89763779527559 15.590551181102363 Des
47.05511811023622 432.0 53.00787401574803 15.590551181102363 éléments
86.74015748031496 432.0 26.362204724409448 15.590551181102363 de
99.77952755905511 432.0 70.58267716535433 15.590551181102363 construction
157.3228346456693 432.0 35.1496062992126 15.590551181102363 très
179.1496062992126 432.0 44.22047244094488 15.590551181102363 divers
210.04724409448818 432.0 35.1496062992126 15.590551181102363 sont
227.6220472440945 432.0 44.22047244094488 15.590551181102363 disposés

28.346456692913385 443.33858267716533 38.83464566929134 13.606299212598426 dans
52.724409448818896 443.33858267716533 29.19685039370079 13.606299212598426 un
67.18110236220473 443.33858267716533 68.03149606299213 13.606299212598426 container.
120.75590551181102 443.33858267716533 34.01574803149607 13.606299212598426 Ils
140.31496062992127 443.33858267716533 68.03149606299213 13.606299212598426 permettent
193.60629921259843 443.33858267716533 34.01574803149607 13.606299212598426 par
208.3464566929134 443.33858267716533 63.21259842519685 13.606299212598426 assemblage,

27.212598425196852 452.6929133858268 63.496062992125985 11.622047244094489 gonflage,
75.96850393700787 452.6929133858268 78.23622047244095 11.622047244094489 emboîtement,
139.46456692913387 452.6929133858268 29.19685039370079 11.622047244094489 de
154.20472440944883 452.6929133858268 68.31496062992126 11.622047244094489 constituer
207.7795275590551 452.6929133858268 34.2992125984252 11.622047244094489 des
222.51968503937007 452.6929133858268 48.75590551181102 11.622047244094489 éléments

27.496062992125985 463.46456692913387 59.811023622047244 11.622047244094489 destinés
72.28346456692914 463.46456692913387 24.944881889763778 11.622047244094489 à
82.20472440944881 463.46456692913387 44.78740157480315 11.622047244094489 créer
112.25196850393701 463.46456692913387 34.86614173228347 11.622047244094489 des
132.09448818897638 463.46456692913387 94.39370078740157 11.622047244094489 environnements.
211.748031496063 463.46456692913387 34.86614173228347 11.622047244094489 Des
226.48818897637796 463.46456692913387 44.78740157480315 11.622047244094489 schémas

27.77952755905512 472.251968503937 28.62992125984252 10.488188976377952 de
42.23622047244095 472.251968503937 76.25196850393701 10.488188976377952 construction
104.31496062992126 472.251968503937 66.89763779527559 10.488188976377952 d’ensemble
156.75590551181102 472.251968503937 33.44881889763779 10.488188976377952 ont
175.748031496063 472.251968503937 33.44881889763779 10.488188976377952 été
195.0236220472441 472.251968503937 57.25984251968504 10.488188976377952 réalisés
237.82677165354332 472.251968503937 33.44881889763779 10.488188976377952 par
252.28346456692913 472.251968503937 18.992125984251967 10.488188976377952 le

27.77952755905512 481.3228346456693 43.93700787401575 11.905511811023622 Group
56.976377952755904 481.3228346456693 48.75590551181102 11.905511811023622 Ludic,
90.99212598425197 481.3228346456693 38.83464566929134 11.905511811023622 mais
115.37007874015748 481.3228346456693 43.93700787401575 11.905511811023622 n’ont
144.56692913385828 481.3228346456693 48.75590551181102 11.905511811023622 qu’une
178.86614173228347 481.3228346456693 48.75590551181102 11.905511811023622 valeur
208.06299212598427 481.3228346456693 63.21259842519685 11.905511811023622 d’ensemble.

27.77952755905512 490.6771653543307 74.83464566929133 13.88976377952756 L’expérience
88.7244094488189 490.6771653543307 37.41732283464567 13.88976377952756 vise
112.25196850393701 490.6771653543307 23.52755905511811 13.88976377952756 à
121.60629921259843 490.6771653543307 56.125984251968504 13.88976377952756 proposer
163.55905511811022 490.6771653543307 23.52755905511811 13.88976377952756 à
172.91338582677164 490.6771653543307 28.062992125984252 13.88976377952756 un
187.08661417322836 490.6771653543307 46.77165354330709 13.88976377952756 public
215.1496062992126 490.6771653543307 56.125984251968504 13.88976377952756 hétérogène

26.929133858267715 502.01574803149606 32.31496062992126 10.771653543307087 des
45.354330708661415 502.01574803149606 73.7007874015748 10.771653543307087 possibilités
105.16535433070867 502.01574803149606 27.77952755905512 10.771653543307087 de
119.05511811023622 502.01574803149606 69.16535433070867 10.771653543307087 réalisation
174.33070866141733 502.01574803149606 92.1259842519685 10.771653543307087 d’environnement.
248.31496062992127 502.01574803149606 22.96062992125984 10.771653543307087 Les

26.64566929133858 511.0866141732283 56.40944881889764 9.354330708661417 éléments
69.16535433070867 511.0866141732283 28.062992125984252 9.354330708661417 de
83.05511811023622 511.0866141732283 75.11811023622047 9.354330708661417 construction
144.28346456692913 511.0866141732283 60.94488188976378 9.354330708661417 varieront
191.0551181102362 511.0866141732283 51.59055118110236 9.354330708661417 pendant
228.75590551181102 511.0866141732283 28.062992125984252 9.354330708661417 la
238.11023622047244 511.0866141732283 32.881889763779526 9.354330708661417 durée

26.362204724409448 520.1574803149606 29.19685039370079 10.488188976377952 de
40.818897637795274 520.1574803149606 29.19685039370079 10.488188976377952 la
55.55905511811024 520.1574803149606 83.05511811023622 10.488188976377952 manifestation
124.15748031496064 520.1574803149606 29.19685039370079 10.488188976377952 et
138.61417322834646 520.1574803149606 73.41732283464567 10.488188976377952 permettront
197.29133858267716 520.1574803149606 68.31496062992126 10.488188976377952 d’examiner
246.33070866141733 520.1574803149606 24.37795275590551 10.488188976377952 les

26.64566929133858 529.7952755905512 70.86614173228347 11.905511811023622 possibilités
84.4724409448819 529.7952755905512 62.07874015748032 11.905511811023622 créatrices
133.22834645669292 529.7952755905512 30.89763779527559 11.905511811023622 des
146.5511811023622 529.7952755905512 44.22047244094488 11.905511811023622 publics.

26.078740157480315 551.6220472440945 57.826771653543304 14.740157480314961 Szymon
70.58267716535433 551.6220472440945 66.61417322834646 14.740157480314961 KOSZEL
123.8740157480315 551.6220472440945 26.64566929133858 14.740157480314961 né
137.1968503937008 551.6220472440945 26.64566929133858 14.740157480314961 en
150.8031496062992 551.6220472440945 35.43307086614173 14.740157480314961 1938
172.91338582677164 551.6220472440945 22.11023622047244 14.740157480314961 à
181.70078740157481 551.6220472440945 53.29133858267716 14.740157480314961 Varsovie
217.41732283464566 551.6220472440945 53.29133858267716 14.740157480314961 (Pologne).

21.25984251968504 562.3937007874016 57.54330708661417 12.188976377952756 Architecte.

25.79527559055118 579.9685039370079 54.425196850393704 14.173228346456693 David
66.61417322834646 579.9685039370079 68.31496062992126 14.173228346456693 RODITI
121.32283464566929 579.9685039370079 27.212598425196852 14.173228346456693 né
134.9291338582677 579.9685039370079 27.212598425196852 14.173228346456693 en
148.53543307086613 579.9685039370079 36.28346456692913 14.173228346456693 1937
171.21259842519686 579.9685039370079 22.677165354330707 14.173228346456693 à
180.28346456692913 579.9685039370079 63.77952755905512 14.173228346456693 Manchester
225.92125984251967 579.9685039370079 45.354330708661415 14.173228346456693 (Grande-

25.79527559055118 591.0236220472441 63.21259842519685 12.755905511811024 Bretagne).
70.86614173228347 591.0236220472441 49.60629921259842 12.755905511811024 Créateur.

24.37795275590551 607.7480314960629 57.25984251968504 15.307086614173228 Xavier
68.5984251968504 607.7480314960629 26.362204724409448 15.307086614173228 de
81.63779527559055 607.7480314960629 26.362204724409448 15.307086614173228 LA
94.96062992125984 607.7480314960629 61.511811023622045 15.307086614173228 SALLE
143.1496062992126 607.7480314960629 26.362204724409448 15.307086614173228 né
156.4724409448819 607.7480314960629 26.362204724409448 15.307086614173228 en
169.51181102362204 607.7480314960629 35.1496062992126 15.307086614173228 1938
191.6220472440945 607.7480314960629 22.11023622047244 15.307086614173228 à
200.40944881889763 607.7480314960629 39.68503937007874 15.307086614173228 Brest
222.23622047244095 607.7480314960629 48.47244094488189 15.307086614173228 (France).

19.559055118110237 619.0866141732283 55.55905511811024 13.32283464566929 Sculpteur.

4.818897637795276 642.3307086614174 26.078740157480315 12.472440944881889 140
