312.09448818897636 669.2598425196851
216.0 19.84251968503937 96.37795275590551 19.559055118110237 PAYS

59.811023622047244 127.2755905511811 68.31496062992126 19.84251968503937 Commissaire
114.51968503937007 127.2755905511811 50.173228346456696 19.84251968503937 général
150.8031496062992 127.2755905511811 22.677165354330707 19.84251968503937 :
160.15748031496062 127.2755905511811 59.24409448818898 19.84251968503937 P.l.M.
200.9763779527559 127.2755905511811 50.173228346456696 19.84251968503937 Vries

60.09448818897638 144.28346456692913 82.48818897637796 16.440944881889763 Conservateur
126.99212598425197 144.28346456692913 30.89763779527559 16.440944881889763 du
142.58267716535434 144.28346456692913 46.488188976377955 16.440944881889763 Musée
173.48031496062993 144.28346456692913 30.89763779527559 16.440944881889763 de
183.68503937007873 144.28346456692913 61.79527559055118 16.440944881889763 Groningue.

48.75590551181102 181.98425196850394 48.75590551181102 17.858267716535433 L’art
81.35433070866142 181.98425196850394 48.75590551181102 17.858267716535433 n’est
113.66929133858268 181.98425196850394 37.98425196850393 17.858267716535433 pas
135.49606299212599 181.98425196850394 37.98425196850393 17.858267716535433 une
157.03937007874015 181.98425196850394 48.75590551181102 17.858267716535433 cause
184.251968503937 181.98425196850394 64.91338582677166 17.858267716535433 populaire.

49.039370078740156 194.17322834645668 31.46456692913386 19.559055118110237 La
64.62992125984252 194.17322834645668 47.05511811023622 19.559055118110237 route
96.09448818897638 194.17322834645668 41.95275590551181 19.559055118110237 pour
122.1732283464567 194.17322834645668 36.56692913385827 19.559055118110237 une
143.1496062992126 194.17322834645668 62.645669291338585 19.559055118110237 relation
190.20472440944883 194.17322834645668 57.54330708661417 19.559055118110237 fertile
232.15748031496062 194.17322834645668 47.05511811023622 19.559055118110237 entre
258.23622047244095 194.17322834645668 36.56692913385827 19.559055118110237 l’art

33.732283464566926 210.33070866141733 31.181102362204726 17.007874015748033 et
49.32283464566929 210.33070866141733 31.181102362204726 17.007874015748033 la
64.91338582677166 210.33070866141733 57.25984251968504 17.007874015748033 société
106.58267716535433 210.33070866141733 36.56692913385827 17.007874015748033 est
122.1732283464567 210.33070866141733 46.77165354330709 17.007874015748033 barrée.

49.039370078740156 221.38582677165354 78.23622047244095 18.141732283464567 Néanmoins,
110.55118110236221 221.38582677165354 33.44881889763779 18.141732283464567 la
127.55905511811024 221.38582677165354 78.23622047244095 18.141732283464567 génération
189.0708661417323 221.38582677165354 67.18110236220473 18.141732283464567 inspirée
233.85826771653544 221.38582677165354 61.511811023622045 18.141732283464567 d’aujour-

34.2992125984252 232.15748031496062 46.77165354330709 18.708661417322833 d’hui
65.48031496062993 232.15748031496062 46.77165354330709 18.708661417322833 lutte
96.66141732283465 232.15748031496062 41.669291338582674 18.708661417322833 pour
122.74015748031496 232.15748031496062 31.181102362204726 18.708661417322833 la
138.33070866141733 232.15748031496062 78.23622047244095 18.708661417322833 réalisation
200.9763779527559 232.15748031496062 46.77165354330709 18.708661417322833 d’une
232.15748031496062 232.15748031496062 57.25984251968504 18.708661417322833 culture
268.7244094488189 232.15748031496062 26.078740157480315 18.708661417322833 qui

34.01574803149607 245.48031496062993 32.031496062992126 17.858267716535433 se
50.173228346456696 245.48031496062993 80.22047244094489 17.858267716535433 manifestera
114.23622047244095 245.48031496062993 26.64566929133858 17.858267716535433 à
124.7244094488189 245.48031496062993 42.803149606299215 17.858267716535433 tous
151.37007874015748 245.48031496062993 37.41732283464567 17.858267716535433 les
172.91338582677164 245.48031496062993 58.67716535433071 17.858267716535433 niveaux
215.71653543307087 245.48031496062993 32.031496062992126 17.858267716535433 de
231.59055118110237 245.48031496062993 32.031496062992126 17.858267716535433 la
242.36220472440945 245.48031496062993 53.29133858267716 17.858267716535433 société.

49.889763779527556 259.93700787401576 44.78740157480315 16.724409448818896 Elle
77.95275590551181 259.93700787401576 55.84251968503937 16.724409448818896 refuse
117.07086614173228 259.93700787401576 39.118110236220474 16.724409448818896 une
139.46456692913387 259.93700787401576 61.511811023622045 16.724409448818896 culture
184.251968503937 259.93700787401576 44.78740157480315 16.724409448818896 dans
212.03149606299212 259.93700787401576 67.18110236220473 16.724409448818896 laquelle
256.81889763779526 259.93700787401576 39.118110236220474 16.724409448818896 l’art

34.86614173228347 272.40944881889766 32.31496062992126 17.291338582677167 ne
51.023622047244096 272.40944881889766 64.91338582677166 17.291338582677167 signifie
99.77952755905511 272.40944881889766 48.47244094488189 17.291338582677167 qu’un
132.09448818897638 272.40944881889766 64.91338582677166 17.291338582677167 ornement
180.56692913385828 272.40944881889766 32.31496062992126 17.291338582677167 de
197.00787401574803 272.40944881889766 32.31496062992126 17.291338582677167 la
207.7795275590551 272.40944881889766 32.31496062992126 17.291338582677167 vie.

50.45669291338583 284.88188976377955 49.039370078740156 17.007874015748033 Elle
81.35433070866142 284.88188976377955 42.803149606299215 17.007874015748033 n’a
105.73228346456693 284.88188976377955 42.803149606299215 17.007874015748033 pas
130.39370078740157 284.88188976377955 61.22834645669291 17.007874015748033 besoin
173.1968503937008 284.88188976377955 36.8503937007874 17.007874015748033 de
191.6220472440945 284.88188976377955 73.7007874015748 17.007874015748033 caresser
240.66141732283464 284.88188976377955 55.275590551181104 17.007874015748033 quelque

35.1496062992126 300.4724409448819 70.2992125984252 17.858267716535433 sentiment
83.62204724409449 300.4724409448819 48.75590551181102 17.858267716535433 exquis.

51.30708661417323 311.244094488189 43.37007874015748 17.5748031496063 Elle
78.51968503937007 311.244094488189 32.59842519685039 17.5748031496063 se
94.67716535433071 311.244094488189 43.37007874015748 17.5748031496063 rend
121.88976377952756 311.244094488189 54.425196850393704 17.5748031496063 compte
159.8740157480315 311.244094488189 49.039370078740156 17.5748031496063 qu’il
192.75590551181102 311.244094488189 54.425196850393704 17.5748031496063 s’agit
230.74015748031496 311.244094488189 43.37007874015748 17.5748031496063 d’un
252.56692913385828 311.244094488189 43.37007874015748 17.5748031496063 emploi

36.28346456692913 324.8503937007874 45.92125984251968 15.023622047244094 utile
66.89763779527559 324.8503937007874 30.614173228346456 15.023622047244094 de
82.20472440944881 324.8503937007874 45.92125984251968 15.023622047244094 l’art
112.81889763779527 324.8503937007874 30.614173228346456 15.023622047244094 au
128.1259842519685 324.8503937007874 51.023622047244096 15.023622047244094 profit
163.84251968503938 324.8503937007874 30.614173228346456 15.023622047244094 de
179.1496062992126 324.8503937007874 51.023622047244096 15.023622047244094 toutes
214.86614173228347 324.8503937007874 51.023622047244096 15.023622047244094 sortes
250.58267716535434 324.8503937007874 30.614173228346456 15.023622047244094 de
260.78740157480314 324.8503937007874 35.71653543307087 15.023622047244094 gens.

50.74015748031496 339.87401574803147 41.95275590551181 13.606299212598426 Par
74.83464566929133 339.87401574803147 41.95275590551181 13.606299212598426 ses
98.64566929133858 339.87401574803147 90.14173228346456 13.606299212598426 recherches,
170.9291338582677 339.87401574803147 41.95275590551181 13.606299212598426 ses
195.0236220472441 339.87401574803147 96.09448818897638 13.606299212598426 expériences,
267.0236220472441 339.87401574803147 30.04724409448819 13.606299212598426 ses

36.28346456692913 352.06299212598424 59.24409448818898 13.606299212598426 efforts,
80.50393700787401 352.06299212598424 64.06299212598425 13.606299212598426 l’artiste
129.82677165354332 352.06299212598424 54.14173228346457 13.606299212598426 cherche
169.22834645669292 352.06299212598424 24.661417322834644 13.606299212598426 à
179.1496062992126 352.06299212598424 49.32283464566929 13.606299212598426 percer
213.4488188976378 352.06299212598424 29.480314960629922 13.606299212598426 la
228.4724409448819 352.06299212598424 54.14173228346457 13.606299212598426 clôture
262.7716535433071 352.06299212598424 34.58267716535433 13.606299212598426 d’in-

35.43307086614173 363.9685039370079 72.28346456692914 15.023622047244094 différence
92.1259842519685 363.9685039370079 30.89763779527559 15.023622047244094 et
102.61417322834646 363.9685039370079 72.28346456692914 15.023622047244094 d’ignorance.

51.874015748031496 375.59055118110234 36.56692913385827 15.874015748031496 Son
72.56692913385827 375.59055118110234 47.05511811023622 15.874015748031496 œuvre
104.03149606299213 375.59055118110234 36.56692913385827 15.874015748031496 est
125.00787401574803 375.59055118110234 31.46456692913386 15.874015748031496 la
140.5984251968504 375.59055118110234 94.11023622047244 15.874015748031496 représentation
218.83464566929135 375.59055118110234 47.05511811023622 15.874015748031496 d’une
245.1968503937008 375.59055118110234 52.15748031496063 15.874015748031496 attitude

31.181102362204726 390.0472440944882 54.14173228346457 15.590551181102363 mentale.

52.44094488188976 402.23622047244095 35.71653543307087 15.023622047244094 Sur
72.85039370078741 402.23622047244095 30.614173228346456 15.023622047244094 la
88.15748031496064 402.23622047244095 41.10236220472441 15.023622047244094 base
113.95275590551181 402.23622047244095 30.614173228346456 15.023622047244094 de
129.25984251968504 402.23622047244095 46.20472440944882 15.023622047244094 cette
159.8740157480315 402.23622047244095 66.61417322834646 15.023622047244094 attitude,
211.1811023622047 402.23622047244095 35.71653543307087 15.023622047244094 qui
231.59055118110237 402.23622047244095 30.614173228346456 15.023622047244094 se
241.79527559055117 402.23622047244095 56.40944881889764 15.023622047244094 manifeste

36.28346456692913 416.40944881889766 44.503937007874015 11.905511811023622 dans
64.34645669291339 416.40944881889766 44.503937007874015 11.905511811023622 tous
92.1259842519685 416.40944881889766 38.83464566929134 11.905511811023622 les
114.23622047244095 416.40944881889766 66.89763779527559 11.905511811023622 domaines
164.40944881889763 416.40944881889766 33.44881889763779 11.905511811023622 de
181.13385826771653 416.40944881889766 55.55905511811024 11.905511811023622 l’art,
219.96850393700788 416.40944881889766 33.44881889763779 11.905511811023622 la
231.0236220472441 416.40944881889766 66.89763779527559 11.905511811023622 commission

36.28346456692913 426.61417322834643 28.62992125984252 14.740157480314961 a
47.62204724409449 426.61417322834643 85.60629921259843 14.740157480314961 sélectionné
116.22047244094489 426.61417322834643 39.968503937007874 14.740157480314961 les
138.89763779527559 426.61417322834643 56.976377952755904 14.740157480314961 œuvres
178.86614173228347 426.61417322834643 39.968503937007874 14.740157480314961 qui
201.82677165354332 426.61417322834643 91.2755905511811 14.740157480314961 représentent
270.1417322834646 426.61417322834643 28.62992125984252 14.740157480314961 les

36.56692913385827 438.5196850393701 54.99212598425197 15.590551181102363 jeunes
74.83464566929133 438.5196850393701 66.04724409448819 15.590551181102363 artistes
124.44094488188976 438.5196850393701 38.55118110236221 15.590551181102363 des
140.88188976377953 438.5196850393701 60.661417322834644 15.590551181102363 Pays

53.00787401574803 451.5590551181102 38.267716535433074 15.590551181102363 Par
74.83464566929133 451.5590551181102 49.32283464566929 15.590551181102363 cette
107.71653543307086 451.5590551181102 76.53543307086615 15.590551181102363 sélection,
167.81102362204723 451.5590551181102 38.267716535433074 15.590551181102363 qui
189.63779527559055 451.5590551181102 65.76377952755905 15.590551181102363 témoigne
238.96062992125985 451.5590551181102 32.881889763779526 15.590551181102363 du
255.4015748031496 451.5590551181102 43.653543307086615 15.590551181102363 sens
277.2283464566929 451.5590551181102 21.826771653543307 15.590551181102363 de

38.267716535433074 463.18110236220474 31.181102362204726 16.15748031496063 la
53.85826771653543 463.18110236220474 57.25984251968504 16.15748031496063 liberté
95.5275590551181 463.18110236220474 31.181102362204726 16.15748031496063 et
111.11811023622047 463.18110236220474 31.181102362204726 16.15748031496063 de
126.99212598425197 463.18110236220474 31.181102362204726 16.15748031496063 la
142.58267716535434 463.18110236220474 67.74803149606299 16.15748031496063 franchise
194.74015748031496 463.18110236220474 52.15748031496063 16.15748031496063 propre
231.30708661417322 463.18110236220474 26.078740157480315 16.15748031496063 à
241.79527559055117 463.18110236220474 31.181102362204726 16.15748031496063 la
252.0 463.18110236220474 47.05511811023622 16.15748031496063 faculté

37.41732283464567 475.0866141732283 79.65354330708661 17.291338582677167 créatrice,
100.06299212598425 475.0866141732283 34.2992125984252 17.291338582677167 la
117.07086614173228 475.0866141732283 79.65354330708661 17.291338582677167 commission
179.71653543307087 475.0866141732283 28.346456692913385 17.291338582677167 a
191.0551181102362 475.0866141732283 51.30708661417323 17.291338582677167 voulu
225.35433070866142 475.0866141732283 79.65354330708661 17.291338582677167 contribuer
282.3307086614173 475.0866141732283 17.007874015748033 17.291338582677167 à

38.55118110236221 488.6929133858268 30.614173228346456 17.291338582677167 la
53.85826771653543 488.6929133858268 96.66141732283465 17.291338582677167 démocratisation
135.21259842519686 488.6929133858268 30.614173228346456 17.291338582677167 de
145.41732283464566 488.6929133858268 40.818897637795274 17.291338582677167 l’art.

204.9448818897638 496.9133858267717 40.818897637795274 16.724409448818896 Ad.
222.51968503937007 496.9133858267717 58.39370078740158 16.724409448818896 Dekkers,

206.36220472440945 510.5196850393701 36.28346456692913 15.307086614173228 G.J
227.0551181102362 510.5196850393701 31.181102362204726 15.307086614173228 A.
242.64566929133858 510.5196850393701 36.28346456692913 15.307086614173228 ten
258.23622047244095 510.5196850393701 41.669291338582674 15.307086614173228 Holte,

205.79527559055117 523.2755905511812 44.503937007874015 17.007874015748033 W.A.
233.5748031496063 523.2755905511812 38.83464566929134 17.007874015748033 van
250.29921259842519 523.2755905511812 38.83464566929134 17.007874015748033 Stek,

207.7795275590551 535.1811023622047 37.13385826771653 15.590551181102363 P.l.
231.0236220472441 535.1811023622047 28.062992125984252 15.590551181102363 M.
240.3779527559055 535.1811023622047 37.13385826771653 15.590551181102363 Vries.

127.84251968503936 572.5984251968504 72.0 18.992125984251967 PEINTURE

53.574803149606296 598.6771653543307 75.68503937007874 13.32283464566929 BOEZEM
116.78740157480316 598.6771653543307 25.228346456692915 13.32283464566929 né
129.25984251968504 598.6771653543307 25.228346456692915 13.32283464566929 en
142.01574803149606 598.6771653543307 33.732283464566926 13.32283464566929 1934
162.99212598425197 598.6771653543307 20.976377952755904 13.32283464566929 à
171.21259842519686 598.6771653543307 46.20472440944882 13.32283464566929 Leerdam
200.69291338582678 598.6771653543307 54.70866141732284 13.32283464566929 (Pays

45.07086614173228 613.1338582677165 46.488188976377955 12.472440944881889 1
80.22047244094489 613.1338582677165 38.83464566929134 12.472440944881889 Projet
107.14960629921259 613.1338582677165 38.83464566929134 12.472440944881889 aérien
134.36220472440945 613.1338582677165 31.181102362204726 12.472440944881889 dans
153.92125984251967 613.1338582677165 23.244094488188978 12.472440944881889 le
165.54330708661416 613.1338582677165 31.181102362204726 12.472440944881889 ciel
184.8188976377953 613.1338582677165 62.07874015748032 12.472440944881889 d’Amsterdam,
235.2755905511811 613.1338582677165 31.181102362204726 12.472440944881889 1969
250.86614173228347 613.1338582677165 50.45669291338583 12.472440944881889 (triptyque,

52.724409448818896 622.488188976378 32.881889763779526 12.472440944881889 200
71.71653543307086 622.488188976378 23.52755905511811 12.472440944881889 x
76.25196850393701 622.488188976378 32.881889763779526 12.472440944881889 600).

279.21259842519686 643.4645669291339 22.677165354330707 14.173228346456693 97
