312.09448818897636 669.2598425196851
216.56692913385828 23.244094488188978 70.2992125984252 19.275590551181104 TUNISIE

41.10236220472441 132.09448818897638 73.13385826771653 17.5748031496063 Commissaire
99.49606299212599 132.09448818897638 53.574803149606296 17.5748031496063 général
138.61417322834646 132.09448818897638 24.37795275590551 17.5748031496063 :
148.53543307086613 132.09448818897638 63.496062992125985 17.5748031496063 Zubeir
192.4724409448819 132.09448818897638 48.75590551181102 17.5748031496063 Turk

49.039370078740156 145.98425196850394 58.39370078740158 17.858267716535433 Président
93.8267716535433 145.98425196850394 26.929133858267715 17.858267716535433 de
107.43307086614173 145.98425196850394 49.32283464566929 17.858267716535433 l’Union
143.1496062992126 145.98425196850394 62.92913385826772 17.858267716535433 Tunisienne
192.75590551181102 145.98425196850394 31.46456692913386 17.858267716535433 des
210.61417322834646 145.98425196850394 36.0 17.858267716535433 Arts
228.4724409448819 145.98425196850394 53.85826771653543 17.858267716535433 Plastiques

48.47244094488189 158.74015748031496 28.62992125984252 15.874015748031496 et
62.92913385826772 158.74015748031496 67.18110236220473 15.874015748031496 Graphiques
115.65354330708661 158.74015748031496 24.094488188976378 15.874015748031496 à
120.4724409448819 158.74015748031496 38.267716535433074 15.874015748031496 Tunis.

36.8503937007874 190.77165354330708 36.8503937007874 22.393700787401574 La
55.275590551181104 190.77165354330708 67.46456692913385 22.393700787401574 Tunisie
104.5984251968504 190.77165354330708 73.7007874015748 22.393700787401574 présente
159.8740157480315 190.77165354330708 30.614173228346456 22.393700787401574 à
172.06299212598427 190.77165354330708 55.275590551181104 22.393700787401574 cette
208.91338582677164 190.77165354330708 73.7007874015748 22.393700787401574 Biennale
257.9527559055118 190.77165354330708 24.661417322834644 22.393700787401574 le

23.244094488188978 204.3779527559055 62.07874015748032 21.826771653543307 peintre
68.31496062992126 204.3779527559055 79.08661417322834 21.826771653543307 Belkhodja,
130.39370078740157 204.3779527559055 45.07086614173228 21.826771653543307 dont
158.74015748031496 204.3779527559055 33.732283464566926 21.826771653543307 la
175.748031496063 204.3779527559055 73.41732283464567 21.826771653543307 recherche
226.48818897637796 204.3779527559055 56.40944881889764 21.826771653543307 concrète

24.37795275590551 220.251968503937 51.023622047244096 15.590551181102363 reçoit
60.09448818897638 220.251968503937 35.71653543307087 15.590551181102363 ici
80.50393700787401 220.251968503937 35.71653543307087 15.590551181102363 une
100.91338582677166 220.251968503937 86.74015748031496 15.590551181102363 substantielle
167.24409448818898 220.251968503937 76.53543307086615 15.590551181102363 confirmation.

38.55118110236221 229.88976377952756 68.5984251968504 22.677165354330707 Sensible
89.85826771653544 229.88976377952756 39.968503937007874 22.677165354330707 aux
112.81889763779527 229.88976377952756 96.94488188976378 22.677165354330707 enseignements
192.75590551181102 229.88976377952756 39.968503937007874 22.677165354330707 des
209.76377952755905 229.88976377952756 74.26771653543307 22.677165354330707 Néo-

24.37795275590551 246.33070866141733 54.99212598425197 18.4251968503937 ciens,
62.92913385826772 246.33070866141733 33.16535433070866 18.4251968503937 sa
79.37007874015748 246.33070866141733 54.99212598425197 18.4251968503937 vision
117.92125984251969 246.33070866141733 38.55118110236221 18.4251968503937 est
140.03149606299212 246.33070866141733 49.60629921259842 18.4251968503937 d’une
172.91338582677164 246.33070866141733 93.54330708661418 18.4251968503937 signification
244.62992125984252 246.33070866141733 38.55118110236221 18.4251968503937 toute

24.661417322834644 257.38582677165357 86.45669291338582 20.125984251968504 particulière
94.96062992125984 257.38582677165357 43.37007874015748 20.125984251968504 dans
121.88976377952756 257.38582677165357 32.31496062992126 20.125984251968504 un
138.04724409448818 257.38582677165357 43.37007874015748 20.125984251968504 pays
165.25984251968504 257.38582677165357 32.31496062992126 20.125984251968504 où
181.41732283464566 257.38582677165357 32.31496062992126 20.125984251968504 il
197.5748031496063 257.38582677165357 37.7007874015748 20.125984251968504 fut
219.11811023622047 257.38582677165357 32.31496062992126 20.125984251968504 un
235.2755905511811 257.38582677165357 37.7007874015748 20.125984251968504 des
251.71653543307087 257.38582677165357 32.31496062992126 20.125984251968504 tous

24.944881889763778 269.5748031496063 72.28346456692914 19.84251968503937 premiers
79.08661417322834 269.5748031496063 30.04724409448819 19.84251968503937 à
91.2755905511811 269.5748031496063 66.33070866141732 19.84251968503937 adhérer
139.46456692913387 269.5748031496063 30.04724409448819 19.84251968503937 à
151.37007874015748 269.5748031496063 36.28346456692913 19.84251968503937 la
169.51181102362204 269.5748031496063 60.37795275590551 19.84251968503937 grande
211.748031496063 269.5748031496063 36.28346456692913 19.84251968503937 et
223.6535433070866 269.5748031496063 60.37795275590551 19.84251968503937 orageuse

24.944881889763778 281.76377952755905 56.40944881889764 17.858267716535433 saison
64.34645669291339 281.76377952755905 33.732283464566926 17.858267716535433 de
81.35433070866142 281.76377952755905 101.48031496062993 17.858267716535433 l’abstraction.
166.11023622047244 281.76377952755905 39.40157480314961 17.858267716535433 Les
188.78740157480314 281.76377952755905 56.40944881889764 17.858267716535433 points
228.18897637795277 281.76377952755905 56.40944881889764 17.858267716535433 focaux
261.9212598425197 281.76377952755905 22.677165354330707 17.858267716535433 de

26.362204724409448 295.93700787401576 91.55905511811024 15.307086614173228 l’inspiration
101.76377952755905 295.93700787401576 32.31496062992126 15.307086614173228 de
117.92125984251969 295.93700787401576 70.01574803149606 15.307086614173228 Belkhodja
171.7795275590551 295.93700787401576 75.4015748031496 15.307086614173228 coïncident
231.0236220472441 295.93700787401576 43.08661417322835 15.307086614173228 avec
252.56692913385828 295.93700787401576 32.31496062992126 15.307086614173228 cer-

25.228346456692915 304.4409448818898 112.25196850393701 19.275590551181104 tainesexigences
119.90551181102362 304.4409448818898 35.43307086614173 19.275590551181104 et
137.48031496062993 304.4409448818898 76.81889763779527 19.275590551181104 certaines
196.7244094488189 304.4409448818898 47.338582677165356 19.275590551181104 lois
226.20472440944883 304.4409448818898 41.38582677165354 19.275590551181104 que
244.06299212598427 304.4409448818898 41.38582677165354 19.275590551181104 l’art

26.078740157480315 316.62992125984255 63.496062992125985 19.275590551181104 moderne
72.28346456692914 316.62992125984255 28.913385826771652 19.275590551181104 a
83.62204724409449 316.62992125984255 63.496062992125985 19.275590551181104 répandu
130.11023622047244 316.62992125984255 34.58267716535433 19.275590551181104 et
147.4015748031496 316.62992125984255 46.20472440944882 19.275590551181104 fait
176.31496062992127 316.62992125984255 80.78740157480316 19.275590551181104 triompher,
239.81102362204723 316.62992125984255 46.20472440944882 19.275590551181104 mais
262.7716535433071 316.62992125984255 23.244094488188978 19.275590551181104 le

27.212598425196852 328.251968503937 47.62204724409449 19.559055118110237 motif
58.960629921259844 328.251968503937 73.98425196850394 19.559055118110237 générateur
117.07086614173228 328.251968503937 37.13385826771653 19.559055118110237 qui
138.33070866141733 328.251968503937 42.23622047244095 19.559055118110237 fait
164.69291338582678 328.251968503937 52.724409448818896 19.559055118110237 naître
201.82677165354332 328.251968503937 52.724409448818896 19.559055118110237 l’acte
233.5748031496063 328.251968503937 52.724409448818896 19.559055118110237 créateur

26.64566929133858 341.29133858267716 34.58267716535433 17.007874015748033 du
43.93700787401575 341.29133858267716 51.874015748031496 17.007874015748033 jeune
78.23622047244095 341.29133858267716 63.21259842519685 17.007874015748033 peintre
124.44094488188976 341.29133858267716 51.874015748031496 17.007874015748033 n’est
159.0236220472441 341.29133858267716 57.54330708661417 17.007874015748033 jamais
199.2755905511811 341.29133858267716 69.16535433070867 17.007874015748033 disjoint
250.86614173228347 341.29133858267716 34.58267716535433 17.007874015748033 de
262.48818897637796 341.29133858267716 22.96062992125984 17.007874015748033 la

27.77952755905512 352.62992125984255 47.338582677165356 19.275590551181104 prise
59.52755905511811 352.62992125984255 31.46456692913386 19.275590551181104 de
75.11811023622047 352.62992125984255 73.7007874015748 19.275590551181104 possession
132.9448818897638 352.62992125984255 73.7007874015748 19.275590551181104 çonsciente
190.77165354330708 352.62992125984255 31.46456692913386 19.275590551181104 de
206.64566929133858 352.62992125984255 31.46456692913386 19.275590551181104 la
222.51968503937007 352.62992125984255 57.826771653543304 19.275590551181104 réalité
259.0866141732283 352.62992125984255 26.362204724409448 19.275590551181104 qui

28.62992125984252 363.40157480314963 65.48031496062993 19.84251968503937 l’entoure
79.08661417322834 363.40157480314963 30.330708661417322 19.84251968503937 et
94.39370078740157 363.40157480314963 40.25196850393701 19.84251968503937 dans
119.62204724409449 363.40157480314963 60.661417322834644 19.84251968503937 laquelle
164.9763779527559 363.40157480314963 30.330708661417322 19.84251968503937 il
180.0 363.40157480314963 35.43307086614173 19.84251968503937 vit
200.1259842519685 363.40157480314963 30.330708661417322 19.84251968503937 et
215.43307086614172 363.40157480314963 65.48031496062993 19.84251968503937 travaille
260.78740157480314 363.40157480314963 25.228346456692915 19.84251968503937 (la

27.77952755905512 374.74015748031496 57.826771653543304 20.409448818897637 Medina
68.03149606299213 374.74015748031496 34.58267716535433 20.409448818897637 de
85.32283464566929 374.74015748031496 63.496062992125985 20.409448818897637 Tunis).
131.5275590551181 374.74015748031496 40.53543307086614 20.409448818897637 Son
154.77165354330708 374.74015748031496 63.496062992125985 20.409448818897637 langage
200.9763779527559 374.74015748031496 40.53543307086614 20.409448818897637 est
223.93700787401573 374.74015748031496 40.53543307086614 20.409448818897637 une
241.22834645669292 374.74015748031496 46.20472440944882 20.409448818897637 réduc-

28.062992125984252 386.92913385826773 41.669291338582674 20.69291338582677 tion
53.85826771653543 386.92913385826773 31.181102362204726 20.69291338582677 de
69.44881889763779 386.92913385826773 31.181102362204726 20.69291338582677 la
85.03937007874016 386.92913385826773 57.25984251968504 20.69291338582677 réalité
126.70866141732283 386.92913385826773 46.77165354330709 20.69291338582677 selon
157.88976377952756 386.92913385826773 31.181102362204726 20.69291338582677 un
173.48031496062993 386.92913385826773 67.46456692913385 20.69291338582677 processus
225.35433070866142 386.92913385826773 31.181102362204726 20.69291338582677 de
235.84251968503938 386.92913385826773 51.874015748031496 20.69291338582677 clarifi-

28.913385826771652 400.81889763779526 56.69291338582677 16.724409448818896 cation,
70.2992125984252 400.81889763779526 30.89763779527559 16.724409448818896 la
85.60629921259843 400.81889763779526 67.18110236220473 16.724409448818896 réduction
137.1968503937008 400.81889763779526 30.89763779527559 16.724409448818896 de
152.78740157480314 400.81889763779526 30.89763779527559 16.724409448818896 la
168.3779527559055 400.81889763779526 56.69291338582677 16.724409448818896 réalité
209.76377952755905 400.81889763779526 25.79527559055118 16.724409448818896 à
219.96850393700788 400.81889763779526 36.28346456692913 16.724409448818896 son
235.55905511811022 400.81889763779526 51.59055118110236 16.724409448818896 essence.

28.62992125984252 413.00787401574803 34.58267716535433 17.858267716535433 En
45.92125984251968 413.00787401574803 34.58267716535433 17.858267716535433 ce
62.92913385826772 413.00787401574803 51.874015748031496 17.858267716535433 sens,
97.51181102362204 413.00787401574803 34.58267716535433 17.858267716535433 la
114.80314960629921 413.00787401574803 69.16535433070867 17.858267716535433 peinture
166.6771653543307 413.00787401574803 34.58267716535433 17.858267716535433 de
183.96850393700788 413.00787401574803 74.83464566929133 17.858267716535433 Belkhodja
241.51181102362204 413.00787401574803 45.92125984251968 17.858267716535433 peut
264.4724409448819 413.00787401574803 22.96062992125984 17.858267716535433 se

29.19685039370079 422.6456692913386 58.110236220472444 20.69291338582677 définir
71.43307086614173 422.6456692913386 79.08661417322834 20.69291338582677 tunisienne.
134.9291338582677 422.6456692913386 42.23622047244095 20.69291338582677 Elle
161.29133858267716 422.6456692913386 31.748031496062993 20.69291338582677 ne
177.16535433070865 422.6456692913386 42.23622047244095 20.69291338582677 peut
203.5275590551181 422.6456692913386 73.98425196850394 20.69291338582677 totalement
256.251968503937 422.6456692913386 31.748031496062993 20.69291338582677 être

29.19685039370079 433.98425196850394 83.05511811023622 20.409448818897637 interprétée
95.81102362204724 433.98425196850394 33.16535433070866 20.409448818897637 et
112.25196850393701 433.98425196850394 66.33070866141732 20.409448818897637 comprise
162.14173228346456 433.98425196850394 44.22047244094488 20.409448818897637 hors
189.92125984251967 433.98425196850394 33.16535433070866 20.409448818897637 de
206.36220472440945 433.98425196850394 33.16535433070866 20.409448818897637 la
217.41732283464566 433.98425196850394 72.0 20.409448818897637 décoration,

29.19685039370079 448.7244094488189 31.748031496062993 17.858267716535433 de
45.07086614173228 448.7244094488189 84.75590551181102 17.858267716535433 l’arabesque,
114.23622047244095 448.7244094488189 31.748031496062993 17.858267716535433 de
130.11023622047244 448.7244094488189 31.748031496062993 17.858267716535433 la
145.98425196850394 448.7244094488189 84.75590551181102 17.858267716535433 calligraphie
214.86614173228347 448.7244094488189 31.748031496062993 17.858267716535433 et
230.74015748031496 448.7244094488189 31.748031496062993 17.858267716535433 du
241.51181102362204 448.7244094488189 47.62204724409449 17.858267716535433 paysage

30.89763779527559 458.6456692913386 50.74015748031496 19.559055118110237 urbain
66.33070866141732 458.6456692913386 30.330708661417322 19.559055118110237 de
81.63779527559055 458.6456692913386 30.330708661417322 19.559055118110237 la
96.94488188976378 458.6456692913386 60.94488188976378 19.559055118110237 Tunisie.
142.58267716535434 458.6456692913386 30.330708661417322 19.559055118110237 Et
157.88976377952756 458.6456692913386 45.63779527559055 19.559055118110237 c’est
188.2204724409449 458.6456692913386 30.330708661417322 19.559055118110237 là
203.5275590551181 458.6456692913386 45.63779527559055 19.559055118110237 l’une
233.85826771653544 458.6456692913386 35.43307086614173 19.559055118110237 des
249.16535433070865 458.6456692913386 40.53543307086614 19.559055118110237 décou-

29.480314960629922 470.26771653543307 55.275590551181104 21.25984251968504 vertes
68.31496062992126 470.26771653543307 33.16535433070866 21.25984251968504 du
85.03937007874016 470.26771653543307 60.94488188976378 21.25984251968504 peintre
129.25984251968504 470.26771653543307 55.275590551181104 21.25984251968504 depuis
168.09448818897638 470.26771653543307 38.83464566929134 21.25984251968504 ses
190.20472440944883 470.26771653543307 72.0 21.25984251968504 premières
239.81102362204723 470.26771653543307 49.889763779527556 21.25984251968504 toiles.

45.92125984251968 485.8582677165354 34.86614173228347 18.4251968503937 Le
63.496062992125985 485.8582677165354 70.01574803149606 18.4251968503937 résultat
115.93700787401575 485.8582677165354 34.86614173228347 18.4251968503937 le
133.51181102362204 485.8582677165354 46.488188976377955 18.4251968503937 plus
162.70866141732284 485.8582677165354 75.68503937007874 18.4251968503937 stimulant
220.8188976377953 485.8582677165354 34.86614173228347 18.4251968503937 de
238.39370078740157 485.8582677165354 34.86614173228347 18.4251968503937 la
250.01574803149606 485.8582677165354 40.818897637795274 18.4251968503937 phase

29.763779527559056 499.748031496063 71.14960629921259 18.141732283464567 actuelle
83.05511811023622 499.748031496063 41.38582677165354 18.141732283464567 des
106.86614173228347 499.748031496063 83.05511811023622 18.141732283464567 recherches
172.06299212598427 499.748031496063 35.43307086614173 18.141732283464567 de
189.92125984251967 499.748031496063 77.10236220472441 18.141732283464567 Belkhodja
243.21259842519686 499.748031496063 47.338582677165356 18.141732283464567 semble

30.89763779527559 508.53543307086613 62.07874015748032 23.244094488188978 pouvoir
76.25196850393701 508.53543307086613 45.07086614173228 23.244094488188978 être
104.31496062992126 508.53543307086613 50.74015748031496 23.244094488188978 saisi
138.33070866141733 508.53543307086613 73.41732283464567 23.244094488188978 justement
194.74015748031496 508.53543307086613 45.07086614173228 23.244094488188978 dans
223.08661417322836 508.53543307086613 34.01574803149607 23.244094488188978 la
234.4251968503937 508.53543307086613 56.40944881889764 23.244094488188978 relation

30.614173228346456 520.4409448818898 53.29133858267716 20.409448818897637 qu’il
66.33070866141732 520.4409448818898 29.763779527559056 20.409448818897637 a
77.95275590551181 520.4409448818898 83.05511811023622 20.409448818897637 découverte
143.1496062992126 520.4409448818898 53.29133858267716 20.409448818897637 entre
178.86614173228347 520.4409448818898 35.43307086614173 20.409448818897637 le
196.44094488188978 520.4409448818898 77.10236220472441 20.409448818897637 diagramme
255.96850393700788 520.4409448818898 35.43307086614173 20.409448818897637 de
267.59055118110234 520.4409448818898 23.811023622047244 20.409448818897637 la

31.46456692913386 532.6299212598425 83.33858267716535 20.409448818897637 construction
99.21259842519684 532.6299212598425 72.85039370078741 20.409448818897637 graphique,
156.4724409448819 532.6299212598425 41.669291338582674 20.409448818897637 avec
182.5511811023622 532.6299212598425 78.23622047244095 20.409448818897637 l’intuition
245.1968503937008 532.6299212598425 46.77165354330709 20.409448818897637 aigué
270.99212598425197 532.6299212598425 20.976377952755904 20.409448818897637 de

32.59842519685039 544.2519685039371 32.031496062992126 19.84251968503937 la
48.75590551181102 544.2519685039371 53.29133858267716 19.84251968503937 valeur
85.88976377952756 544.2519685039371 74.55118110236221 19.84251968503937 tectonique
144.28346456692913 544.2519685039371 32.031496062992126 19.84251968503937 de
160.15748031496062 544.2519685039371 32.031496062992126 19.84251968503937 la
176.31496062992127 544.2519685039371 58.39370078740158 19.84251968503937 lettre,
213.4488188976378 544.2519685039371 79.65354330708661 19.84251968503937 contrairement

32.59842519685039 558.4251968503937 25.511811023622048 19.275590551181104 à
42.803149606299215 558.4251968503937 56.125984251968504 19.275590551181104 l’usage
83.62204724409449 558.4251968503937 30.614173228346456 19.275590551181104 et
98.92913385826772 558.4251968503937 25.511811023622048 19.275590551181104 à
109.13385826771653 558.4251968503937 51.023622047244096 19.275590551181104 l’abus
144.8503937007874 558.4251968503937 30.614173228346456 19.275590551181104 de
160.15748031496062 558.4251968503937 61.22834645669291 19.275590551181104 conférer
206.36220472440945 558.4251968503937 25.511811023622048 19.275590551181104 à
216.56692913385828 558.4251968503937 30.614173228346456 19.275590551181104 de
231.8740157480315 558.4251968503937 40.818897637795274 19.275590551181104 tels
252.28346456692913 558.4251968503937 40.818897637795274 19.275590551181104 signes

32.881889763779526 567.2125984251968 38.83464566929134 20.976377952755904 une
55.275590551181104 567.2125984251968 55.55905511811024 20.976377952755904 valeur
94.11023622047244 567.2125984251968 94.39370078740157 20.976377952755904 exclusivement
171.7795275590551 567.2125984251968 88.7244094488189 20.976377952755904 ornementale.
244.06299212598427 567.2125984251968 38.83464566929134 20.976377952755904 Ses
260.503937007874 567.2125984251968 33.44881889763779 20.976377952755904 col-

33.44881889763779 580.2519685039371 52.15748031496063 20.976377952755904 lages,
69.73228346456693 580.2519685039371 36.56692913385827 20.976377952755904 qui
90.70866141732283 580.2519685039371 41.669291338582674 20.976377952755904 sont
116.78740157480316 580.2519685039371 36.56692913385827 20.976377952755904 une
137.48031496062993 580.2519685039371 41.669291338582674 20.976377952755904 pure
163.55905511811022 580.2519685039371 62.645669291338585 20.976377952755904 synthèse
210.61417322834646 580.2519685039371 67.74803149606299 20.976377952755904 formelle,
257.38582677165357 580.2519685039371 36.56692913385827 20.976377952755904 asso-

33.16535433070866 591.0236220472441 47.90551181102362 21.543307086614174 cient
65.19685039370079 591.0236220472441 32.031496062992126 21.543307086614174 la
81.35433070866142 591.0236220472441 58.67716535433071 21.543307086614174 rigueur
123.8740157480315 591.0236220472441 32.031496062992126 21.543307086614174 de
139.748031496063 591.0236220472441 96.09448818897638 21.543307086614174 l’iconographie
219.96850393700788 591.0236220472441 26.64566929133858 21.543307086614174 à
230.45669291338584 591.0236220472441 32.031496062992126 21.543307086614174 la
241.22834645669292 591.0236220472441 53.29133858267716 21.543307086614174 sobriété

32.881889763779526 604.9133858267717 36.56692913385827 19.84251968503937 de
51.023622047244096 604.9133858267717 36.56692913385827 19.84251968503937 la
69.16535433070867 604.9133858267717 97.51181102362204 19.84251968503937 monochromie,
148.53543307086613 604.9133858267717 54.70866141732284 19.84251968503937 qu’on
184.8188976377953 604.9133858267717 36.56692913385827 19.84251968503937 ne
203.24409448818898 604.9133858267717 66.89763779527559 19.84251968503937 saurait
245.76377952755905 604.9133858267717 48.75590551181102 19.84251968503937 encore

33.44881889763779 617.6692913385826 69.44881889763779 17.858267716535433 dissocier
87.02362204724409 617.6692913385826 32.031496062992126 17.858267716535433 de
102.89763779527559 617.6692913385826 32.031496062992126 17.858267716535433 la
119.05511811023622 617.6692913385826 69.44881889763779 17.858267716535433 tradition
172.3464566929134 617.6692913385826 74.83464566929133 17.858267716535433 décorative
225.92125984251967 617.6692913385826 69.44881889763779 17.858267716535433 tunisienne.

270.70866141732284 640.6299212598425 26.362204724409448 13.32283464566929 125
