1062 2361
-16 57 276 58 <b>CHYPRE</b>

175 438 249 59 Commissaire
375 438 183 59 général
507 438 83 59 :
541 438 183 59 <b>Tony
657 438 232 59 Spiteris</b>

174 501 225 50 Conseiller
351 501 225 50 artistique
527 501 96 50 de
576 501 96 50 la
624 501 225 50 République
800 501 96 50 de
833 501 129 50 Chype.

131 631 129 60 Les
204 631 166 60 trois
315 631 221 60 artistes
481 631 129 60 que
555 631 240 60 présente,
740 631 166 60 cette
832 631 129 60 année

74 677 113 55 la
131 677 264 55 République
338 677 113 55 de
395 677 189 55 Chypre
527 677 94 55 à
565 677 113 55 la
621 677 226 55 Biennale
791 677 113 55 de
829 677 132 55 Paris

72 724 135 47 ont
149 724 135 47 été
226 724 213 47 choisis
381 724 135 47 par
458 724 135 47 une
536 724 271 47 commission
748 724 174 47 mixte
845 724 116 47 com-

71 764 160 51 posée
178 764 107 51 de
232 764 303 51 représentants
481 764 107 51 du
534 764 232 51 Ministère
713 764 107 51 de
748 764 214 51 l’Instrue-

70 803 155 50 tion
166 803 252 50 Publique,
360 803 116 50 du
418 803 232 50 Syndicat
592 803 135 50 des
670 803 232 50 Artistes
844 803 116 50 et
883 803 77 50 du

70 845 267 50 Conseiller
280 845 267 50 artistique
489 845 114 50 de
546 845 114 50 la
584 845 248 50 République.

132 905 124 47 Ils
203 905 141 47 font
291 905 177 47 partie
415 905 106 47 de
468 905 159 47 cette
574 905 212 47 jeunesse
715 905 247 47 enthousiaste

70 951 114 50 et
127 951 209 50 rebelle
279 951 152 50 qui,
374 951 190 50 depuis
507 951 228 50 quelques
677 951 209 50 années,
810 951 152 50 malgré

72 989 297 51 l’opposition
314 989 111 51 et
369 989 130 51 les
444 989 260 51 réticences
648 989 130 51 des
722 989 241 51 mandarins
889 989 74 51 de

72 1034 116 49 la
130 1034 272 49 génération
343 1034 291 49 précédente,
576 1034 97 49 a
615 1034 116 49 pu
673 1034 194 49 rompre
809 1034 116 49 le
848 1034 116 49 joug

68 1078 119 44 de
128 1078 319 44 l’académisme
387 1078 119 44 et
446 1078 259 44 insuffler
645 1078 119 44 un
705 1078 139 44 air
765 1078 199 44 salutaie

69 1118 163 47 dans
170 1118 122 47 le
231 1118 203 47 climat
374 1118 244 47 moribond
557 1118 122 47 de
618 1118 203 47 l’île.
761 1118 142 47 Une
822 1118 142 47 jeune

71 1165 186 46 équipe
202 1165 93 46 a
239 1165 149 46 pris
332 1165 112 46 le
388 1165 149 46 pas,
481 1165 260 46 bousculant
685 1165 130 46 les
741 1165 223 46 obstacles,

71 1210 112 48 se
127 1210 279 48 manifestant
350 1210 93 48 à
388 1210 242 48 plusieurs
573 1210 223 48 reprises
741 1210 130 48 sur
815 1210 112 48 le
852 1210 112 48 plan

73 1242 160 49 local
180 1242 107 49 et
234 1242 125 49 aux
305 1242 196 49 grandes
447 1242 267 49 expositions
643 1242 321 49 internationales,

70 1288 261 41 s’imposant
275 1288 112 41 au
331 1288 186 41 public
462 1288 130 41 par
536 1288 112 41 la
592 1288 205 41 qualité
741 1288 112 41 et
797 1288 112 41 le
835 1288 130 41 moder

71 1327 183 55 nisme
193 1327 122 55 de
253 1327 142 55 son
335 1327 244 55 travail.
517 1327 203 55 Compte
659 1327 162 55 tenu
761 1327 142 55 des
822 1327 142 55 liens

71 1373 164 35 entre
180 1373 183 35 Chypre
308 1373 110 35 et
363 1373 128 35 son
436 1373 292 35 ex-occupant,
673 1373 201 35 suivant
819 1373 110 35 la
856 1373 110 35 tra-

69 1415 205 41 dition,
219 1415 112 41 la
275 1415 205 41 plupart
424 1415 131 41 des
499 1415 187 41 jeunes
629 1415 205 41 doivent
778 1415 149 41 leur
853 1415 112 41 for.

71 1451 190 56 mation
204 1451 95 56 à
242 1451 114 56 la
299 1451 381 56 Grande-Bretagne.
623 1451 152 56 Ceci
718 1451 133 56 est
776 1451 190 56 partict-

70 1497 248 47 lièrement
261 1497 210 47 évident
413 1497 153 47 pour
489 1497 172 47 Sfikas.

126 1552 293 49 L’opération
361 1552 215 49 énoncée
517 1552 137 49 par
596 1552 215 49 Georges
752 1552 195 49 Sfikas
869 1552 98 49 est

71 1594 292 46 l’affirmation
312 1594 120 46 que
380 1594 120 46 les
449 1594 241 46 structures
638 1594 241 46 multiples,
810 1594 155 46 conçues

67 1643 112 39 en
123 1643 150 39 leur
217 1643 150 39 plus
311 1643 187 39 simple
442 1643 281 39 expression,
667 1643 150 39 sont
742 1643 225 39 créatrices

67 1691 144 42 d’un
157 1691 180 42 espace
283 1691 378 42 pluridimensionnel
607 1691 162 42 ayant
715 1691 162 42 prise
805 1691 162 42 directe

66 1721 141 52 avec
155 1721 247 52 l’ambiance
349 1721 247 52 naturelle.
543 1721 141 52 Cela
631 1721 212 52 explique
773 1721 194 52 l’intérêt

65 1770 333 47 architectural
340 1770 137 47 que
418 1770 157 47 peut
516 1770 235 47 susciter
692 1770 117 47 sa
731 1770 235 47 sculpture,

65 1808 263 47 engendrant
272 1808 113 47 un
328 1808 207 47 rapport
479 1808 225 47 immédiat
648 1808 169 47 entre
760 1808 113 47 le
798 1808 169 47 milieu,

68 1850 106 50 le
121 1850 264 50 géométrisme
333 1850 123 50 des
403 1850 176 50 formes
527 1850 106 50 et
579 1850 106 50 la
632 1850 211 50 couleur.
773 1850 194 50 L’artiste

63 1894 118 46 se
122 1894 196 46 réfère
260 1894 255 46 également
456 1894 118 46 au
515 1894 216 46 pouvoir
672 1894 138 46 que
751 1894 216 46 possède
888 1894 79 46 la

65 1932 200 49 pureté
205 1932 180 49 d’une
325 1932 220 49 couleur
485 1932 280 49 monochrome
706 1932 100 49 à
746 1932 220 49 exalter
886 1932 80 49 la

64 1980 289 36 consistance
295 1980 116 36 du
353 1980 212 36 volume.
507 1980 116 36 La
565 1980 173 36 masse
680 1980 250 36 magnifiée
853 1980 116 36 dans

67 2017 234 47 l’espace,
247 2017 126 47 par
319 2017 108 47 le
373 2017 216 47 dialogue
535 2017 180 47 entamé
661 2017 162 47 entre
751 2017 216 47 l’ambiance

63 2067 116 49 et
121 2067 135 49 les
198 2067 212 49 valeurs
352 2067 308 49 chromatiques
602 2067 250 49 sensibles
795 2067 135 49 aux
852 2067 116 49 feux

63 2107 251 47 variables
256 2107 116 47 de
314 2107 116 47 la
372 2107 193 47 source
507 2107 270 47 lumineuse,
719 2107 154 47 crée
816 2107 116 47 un
854 2107 116 47 uni-

63 2143 148 55 vers
155 2143 259 55 suggestif,
359 2143 222 55 étranger
525 2143 93 55 à
562 2143 167 55 toute
673 2143 185 55 espèce
784 2143 185 55 d’esthé-

61 2185 177 58 tisme
179 2185 118 58 ou
238 2185 118 58 de
278 2185 334 58 sentimentalité.

39 2269 84 48 42
