302.1732283464567 669.2598425196851
180.28346456692913 13.606299212598426 97.22834645669292 19.275590551181104 <b>ETATS

17.5748031496063 49.039370078740156 64.91338582677166 26.078740157480315 <b>national
69.44881889763779 49.039370078740156 30.330708661417322 26.078740157480315 Art
86.74015748031496 49.039370078740156 64.91338582677166 26.078740157480315 Program</b>
138.61417322834646 49.039370078740156 26.078740157480315 26.078740157480315 de
151.6535433070866 49.039370078740156 26.078740157480315 26.078740157480315 la
164.69291338582678 49.039370078740156 77.95275590551181 26.078740157480315 <b>Smithsonian
225.35433070866142 49.039370078740156 51.874015748031496 26.078740157480315 Insti

16.724409448818896 62.07874015748032 85.32283464566929 23.52755905511811 <b>tution</b>
87.8740157480315 62.07874015748032 71.14960629921259 23.52755905511811 d’organiser
144.56692913385828 62.07874015748032 28.346456692913385 23.52755905511811 la
158.74015748031496 62.07874015748032 52.15748031496063 23.52755905511811 section
196.7244094488189 62.07874015748032 33.16535433070866 23.52755905511811 des
215.71653543307087 62.07874015748032 66.33070866141732 23.52755905511811 Etats-Unis
263.0551181102362 62.07874015748032 14.173228346456693 23.52755905511811 à

17.291338582677167 74.83464566929133 34.01574803149607 24.661417322834644 la
34.2992125984252 74.83464566929133 62.36220472440945 24.661417322834644 Sixième
79.65354330708661 74.83464566929133 68.31496062992126 24.661417322834644 Biennale
130.96062992125985 74.83464566929133 34.01574803149607 24.661417322834644 de
147.96850393700788 74.83464566929133 56.69291338582677 24.661417322834644 Paris,
187.6535433070866 74.83464566929133 39.68503937007874 24.661417322834644 car
210.33070866141733 74.83464566929133 51.023622047244096 24.661417322834644 cette
238.96062992125985 74.83464566929133 39.68503937007874 24.661417322834644 orga-

17.291338582677167 86.1732283464567 67.74803149606299 23.244094488188978 nisation
68.31496062992126 86.1732283464567 39.68503937007874 23.244094488188978 est
90.70866141732283 86.1732283464567 79.08661417322834 23.244094488188978 convaincue
153.0708661417323 86.1732283464567 39.68503937007874 23.244094488188978 que
175.748031496063 86.1732283464567 39.68503937007874 23.244094488188978 cet
198.4251968503937 86.1732283464567 79.08661417322834 23.244094488188978 engagement
254.83464566929135 86.1732283464567 22.677165354330707 23.244094488188978 de

18.141732283464567 98.64566929133858 66.61417322834646 22.677165354330707 l’artiste
69.44881889763779 98.64566929133858 40.818897637795274 22.677165354330707 dans
94.96062992125984 98.64566929133858 30.614173228346456 22.677165354330707 la
110.26771653543307 98.64566929133858 56.40944881889764 22.677165354330707 société
151.37007874015748 98.64566929133858 87.02362204724409 22.677165354330707 contemporaine
222.8031496062992 98.64566929133858 35.71653543307087 22.677165354330707 est
238.39370078740157 98.64566929133858 40.818897637795274 22.677165354330707 impor-

17.291338582677167 111.68503937007874 45.63779527559055 20.976377952755904 tant
45.63779527559055 111.68503937007874 45.63779527559055 20.976377952755904 dans
74.26771653543307 111.68503937007874 45.63779527559055 20.976377952755904 deux
102.61417322834646 111.68503937007874 68.31496062992126 20.976377952755904 domaines
153.92125984251967 111.68503937007874 34.2992125984252 20.976377952755904 de
170.9291338582677 111.68503937007874 56.976377952755904 20.976377952755904 grande
210.89763779527559 111.68503937007874 56.976377952755904 20.976377952755904 portée
244.91338582677164 111.68503937007874 34.2992125984252 20.976377952755904 pour

18.141732283464567 124.7244094488189 57.25984251968504 20.69291338582677 notre
56.125984251968504 124.7244094488189 70.01574803149606 20.69291338582677 avenir.
107.14960629921259 124.7244094488189 38.267716535433074 20.69291338582677 Le
126.14173228346456 124.7244094488189 70.01574803149606 20.69291338582677 premier
177.16535433070865 124.7244094488189 44.503937007874015 20.69291338582677 est
202.6771653543307 124.7244094488189 38.267716535433074 20.69291338582677 la
221.66929133858267 124.7244094488189 57.25984251968504 20.69291338582677 forme
253.41732283464566 124.7244094488189 25.511811023622048 20.69291338582677 de

18.708661417322833 136.62992125984252 47.90551181102362 19.84251968503937 notre
50.74015748031496 136.62992125984252 95.81102362204724 19.84251968503937 environnement.
130.6771653543307 136.62992125984252 37.41732283464567 19.84251968503937 Peu
151.93700787401573 136.62992125984252 90.4251968503937 19.84251968503937 d’expériences
221.10236220472441 136.62992125984252 58.67716535433071 19.84251968503937 utilisent

18.4251968503937 148.251968503937 81.63779527559055 20.409448818897637 aujourd’hui
83.62204724409449 148.251968503937 37.98425196850393 20.409448818897637 les
105.44881889763779 148.251968503937 70.86614173228347 20.409448818897637 nouvelles
159.8740157480315 148.251968503937 87.02362204724409 20.409448818897637 possibilités
230.74015748031496 148.251968503937 37.98425196850393 20.409448818897637 que
247.1811023622047 148.251968503937 32.59842519685039 20.409448818897637 nous

18.4251968503937 159.30708661417322 29.763779527559056 21.25984251968504 a
30.330708661417322 159.30708661417322 65.48031496062993 21.25984251968504 données
77.95275590551181 159.30708661417322 35.71653543307087 21.25984251968504 la
95.81102362204724 159.30708661417322 95.24409448818898 21.25984251968504 technologie.
173.1968503937008 159.30708661417322 35.71653543307087 21.25984251968504 Le
191.0551181102362 159.30708661417322 59.52755905511811 21.25984251968504 second
226.77165354330708 159.30708661417322 53.574803149606296 21.25984251968504 domaine

19.559055118110237 171.7795275590551 28.913385826771652 20.976377952755904 a
30.89763779527559 171.7795275590551 52.15748031496063 20.976377952755904 trait
65.76377952755905 171.7795275590551 28.913385826771652 20.976377952755904 à
77.38582677165354 171.7795275590551 34.86614173228347 20.976377952755904 la
94.96062992125984 171.7795275590551 58.110236220472444 20.976377952755904 nature
135.49606299212599 171.7795275590551 34.86614173228347 20.976377952755904 de
153.0708661417323 171.7795275590551 34.86614173228347 20.976377952755904 la
170.36220472440945 171.7795275590551 81.35433070866142 20.976377952755904 technique.
234.14173228346456 171.7795275590551 40.53543307086614 20.976377952755904 Une
251.71653543307087 171.7795275590551 28.913385826771652 20.976377952755904 des

20.409448818897637 181.98425196850394 108.85039370078741 22.393700787401574 caractéristiques
112.81889763779527 181.98425196850394 32.59842519685039 22.393700787401574 du
129.25984251968504 181.98425196850394 92.69291338582677 22.393700787401574 développement
205.51181102362204 181.98425196850394 70.86614173228347 22.393700787401574 technique
254.5511811023622 181.98425196850394 27.212598425196852 22.393700787401574 est

20.409448818897637 194.74015748031496 37.41732283464567 20.409448818897637 que
41.669291338582674 194.74015748031496 32.031496062992126 20.409448818897637 le
57.826771653543304 194.74015748031496 42.51968503937008 20.409448818897637 coût
84.4724409448819 194.74015748031496 37.41732283464567 20.409448818897637 par
105.73228346456693 194.74015748031496 69.16535433070867 20.409448818897637 opération
159.0236220472441 194.74015748031496 58.67716535433071 20.409448818897637 diminue
201.54330708661416 194.74015748031496 42.51968503937008 20.409448818897637 avec
228.18897637795277 194.74015748031496 32.031496062992126 20.409448818897637 le
238.96062992125985 194.74015748031496 42.51968503937008 20.409448818897637 temps.

21.543307086614174 205.51181102362204 31.181102362204726 20.69291338582677 La
37.13385826771653 205.51181102362204 78.23622047244095 20.69291338582677 technologie
99.49606299212599 205.51181102362204 57.25984251968504 20.69291338582677 devient
141.16535433070865 205.51181102362204 31.181102362204726 20.69291338582677 de
156.75590551181102 205.51181102362204 41.669291338582674 20.69291338582677 plus
182.83464566929135 205.51181102362204 31.181102362204726 20.69291338582677 en
198.4251968503937 205.51181102362204 41.669291338582674 20.69291338582677 plus
219.4015748031496 205.51181102362204 62.36220472440945 20.69291338582677 accessible

20.69291338582677 217.98425196850394 36.56692913385827 20.69291338582677 et
38.83464566929134 217.98425196850394 36.56692913385827 20.69291338582677 de
57.25984251968504 217.98425196850394 54.99212598425197 20.69291338582677 moins
93.8267716535433 217.98425196850394 36.56692913385827 20.69291338582677 en
111.96850393700787 217.98425196850394 54.99212598425197 20.69291338582677 moins
148.53543307086613 217.98425196850394 60.94488188976378 20.69291338582677 chère;
191.33858267716536 217.98425196850394 48.75590551181102 20.69291338582677 elle
221.66929133858267 217.98425196850394 48.75590551181102 20.69291338582677 peut
246.04724409448818 217.98425196850394 36.56692913385827 20.69291338582677 donc

20.69291338582677 231.59055118110237 49.889763779527556 18.4251968503937 être
51.874015748031496 231.59055118110237 75.11811023622047 18.4251968503937 utilisée
108.28346456692914 231.59055118110237 56.125984251968504 18.4251968503937 comme
145.70078740157481 231.59055118110237 37.41732283464567 18.4251968503937 un
164.40944881889763 231.59055118110237 75.11811023622047 18.4251968503937 matériau
220.8188976377953 231.59055118110237 37.41732283464567 18.4251968503937 et
233.29133858267716 231.59055118110237 49.889763779527556 18.4251968503937 donner

22.393700787401574 241.79527559055117 66.33070866141732 20.409448818897637 naissance
73.41732283464567 241.79527559055117 25.511811023622048 20.409448818897637 à
83.62204724409449 241.79527559055117 35.71653543307087 20.409448818897637 des
104.03149606299213 241.79527559055117 81.63779527559055 20.409448818897637 possibilités
170.64566929133858 241.79527559055117 61.22834645669291 20.409448818897637 infinies
211.46456692913387 241.79527559055117 71.43307086614173 20.409448818897637 d’expression

18.4251968503937 259.93700787401576 70.58267716535433 16.724409448818896 individuelle.

37.13385826771653 267.59055118110234 54.14173228346457 21.25984251968504 Cette
73.13385826771653 267.59055118110234 84.18897637795276 21.25984251968504 exposition
139.46456692913387 267.59055118110234 30.04724409448819 21.25984251968504 a
151.37007874015748 267.59055118110234 42.23622047244095 21.25984251968504 été
175.46456692913387 267.59055118110234 78.23622047244095 21.25984251968504 organisée
235.55905511811022 267.59055118110234 42.23622047244095 21.25984251968504 non
253.70078740157481 267.59055118110234 30.04724409448819 21.25984251968504 pas

22.96062992125984 280.62992125984255 42.803149606299215 21.25984251968504 pour
49.60629921259842 280.62992125984255 69.44881889763779 21.25984251968504 présenter
103.18110236220473 280.62992125984255 37.41732283464567 21.25984251968504 des
124.44094488188976 280.62992125984255 53.574803149606296 21.25984251968504 œuvres
161.85826771653544 280.62992125984255 53.574803149606296 21.25984251968504 d’art,
199.2755905511811 280.62992125984255 42.803149606299215 21.25984251968504 mais
226.20472440944883 280.62992125984255 42.803149606299215 21.25984251968504 pour
247.46456692913387 280.62992125984255 37.41732283464567 21.25984251968504 élar-

23.244094488188978 293.6692913385827 35.1496062992126 22.677165354330707 gir
43.37007874015748 293.6692913385827 65.48031496062993 22.677165354330707 l’ampleur
93.8267716535433 293.6692913385827 30.330708661417322 22.677165354330707 de
108.85039370078741 293.6692913385827 30.330708661417322 22.677165354330707 la
124.15748031496064 293.6692913385827 85.60629921259843 22.677165354330707 collaboration
189.35433070866142 293.6692913385827 95.81102362204724 22.677165354330707 artiste

23.52755905511811 305.29133858267716 33.44881889763779 18.141732283464567 et
40.25196850393701 305.29133858267716 33.44881889763779 18.141732283464567 la
56.976377952755904 305.29133858267716 49.889763779527556 18.141732283464567 faire
90.4251968503937 305.29133858267716 55.55905511811024 18.141732283464567 porter
129.25984251968504 305.29133858267716 38.83464566929134 18.141732283464567 sur
151.37007874015748 305.29133858267716 33.44881889763779 18.141732283464567 de
168.09448818897638 305.29133858267716 66.61417322834646 18.141732283464567 nouveaux
218.26771653543307 305.29133858267716 66.61417322834646 18.141732283464567 domaines
262.7716535433071 305.29133858267716 22.11023622047244 18.141732283464567 de

24.37795275590551 317.76377952755905 87.02362204724409 19.559055118110237 l’engagement
94.96062992125984 317.76377952755905 32.59842519685039 19.559055118110237 de
111.4015748031496 317.76377952755905 70.58267716535433 19.559055118110237 l’artiste
165.82677165354332 317.76377952755905 32.59842519685039 19.559055118110237 et
181.98425196850394 317.76377952755905 32.59842519685039 19.559055118110237 de
198.4251968503937 317.76377952755905 37.98425196850393 19.559055118110237 ses
214.86614173228347 317.76377952755905 70.58267716535433 19.559055118110237 expériences

24.37795275590551 331.37007874015745 33.44881889763779 18.141732283464567 en
41.10236220472441 331.37007874015745 61.511811023622045 18.141732283464567 matière
80.22047244094489 331.37007874015745 100.62992125984252 18.141732283464567 d’environnement.

39.68503937007874 345.25984251968504 61.511811023622045 17.858267716535433 Depuis
82.77165354330708 345.25984251968504 73.98425196850394 17.858267716535433 quelques
138.33070866141733 345.25984251968504 67.74803149606299 17.858267716535433 années,
187.6535433070866 345.25984251968504 36.8503937007874 17.858267716535433 un
206.07874015748033 345.25984251968504 55.55905511811024 17.858267716535433 grand
236.9763779527559 345.25984251968504 49.32283464566929 17.858267716535433 nombre

25.228346456692915 356.31496062992125 31.46456692913386 17.5748031496063 de
40.818897637795274 356.31496062992125 52.44094488188976 17.5748031496063 jeunes
77.38582677165354 356.31496062992125 36.56692913385827 17.5748031496063 aux
98.36220472440945 356.31496062992125 68.03149606299213 17.5748031496063 activités
150.8031496062992 356.31496062992125 78.51968503937007 17.5748031496063 différentes
213.4488188976378 356.31496062992125 36.56692913385827 17.5748031496063 ont
234.4251968503937 356.31496062992125 47.05511811023622 17.5748031496063 formé
260.78740157480314 356.31496062992125 26.078740157480315 17.5748031496063 des

24.944881889763778 366.23622047244095 64.06299212598425 20.69291338582677 groupes
71.71653543307086 366.23622047244095 34.86614173228347 20.69291338582677 en
89.00787401574803 366.23622047244095 52.44094488188976 20.69291338582677 marge
124.15748031496064 366.23622047244095 34.86614173228347 20.69291338582677 du
141.4488188976378 366.23622047244095 52.44094488188976 20.69291338582677 monde
176.5984251968504 366.23622047244095 81.63779527559055 20.69291338582677 artistique
234.70866141732284 366.23622047244095 52.44094488188976 20.69291338582677 établi.

26.64566929133858 378.70866141732284 37.13385826771653 20.69291338582677 Ils
47.90551181102362 378.70866141732284 63.77952755905512 20.69291338582677 essaient
95.81102362204724 378.70866141732284 32.031496062992126 20.69291338582677 de
111.96850393700787 378.70866141732284 69.16535433070867 20.69291338582677 nouvelles
164.9763779527559 378.70866141732284 53.29133858267716 20.69291338582677 formes
197.00787401574803 378.70866141732284 90.4251968503937 20.69291338582677 architecturales

26.64566929133858 390.3307086614173 59.24409448818898 19.275590551181104 dérivant
70.86614173228347 390.3307086614173 29.480314960629922 19.275590551181104 de
85.60629921259843 390.3307086614173 29.480314960629922 19.275590551181104 la
100.62992125984252 390.3307086614173 44.503937007874015 19.275590551181104 façon
130.11023622047244 390.3307086614173 39.40157480314961 19.275590551181104 dont
154.77165354330708 390.3307086614173 69.16535433070867 19.275590551181104 l’individu
209.1968503937008 390.3307086614173 54.14173228346457 19.275590551181104 perçoit
243.49606299212599 390.3307086614173 44.503937007874015 19.275590551181104 l’envi-

26.929133858267715 402.8031496062992 77.10236220472441 18.141732283464567 ronnement
86.1732283464567 402.8031496062992 35.71653543307087 18.141732283464567 et
104.03149606299213 402.8031496062992 35.71653543307087 18.141732283464567 de
121.88976377952756 402.8031496062992 100.91338582677166 18.141732283464567 l’interaction
204.9448818897638 402.8031496062992 35.71653543307087 18.141732283464567 de
222.8031496062992 402.8031496062992 47.338582677165356 18.141732283464567 l’un
252.28346456692913 402.8031496062992 35.71653543307087 18.141732283464567 et
264.18897637795277 402.8031496062992 23.811023622047244 18.141732283464567 de

27.496062992125985 415.2755905511811 68.31496062992126 17.5748031496063 l’autre.
78.80314960629921 415.2755905511811 45.63779527559055 17.5748031496063 Leur
107.14960629921259 415.2755905511811 68.31496062992126 17.5748031496063 activité
158.17322834645668 415.2755905511811 73.98425196850394 17.5748031496063 encourage
209.48031496062993 415.2755905511811 79.65354330708661 17.5748031496063 l’engagement

27.496062992125985 426.8976377952756 85.03937007874016 18.992125984251967 significatif
96.66141732283465 426.8976377952756 32.031496062992126 18.992125984251967 de
112.81889763779527 426.8976377952756 74.55118110236221 18.992125984251967 l’individu
171.21259842519686 426.8976377952756 42.51968503937008 18.992125984251967 dans
197.85826771653544 426.8976377952756 32.031496062992126 18.992125984251967 la
213.73228346456693 426.8976377952756 58.39370078740158 18.992125984251967 société
256.251968503937 426.8976377952756 32.031496062992126 18.992125984251967 et
267.0236220472441 426.8976377952756 21.25984251968504 18.992125984251967 sa

27.496062992125985 440.2204724409449 99.21259842519684 17.858267716535433 participation
109.41732283464567 440.2204724409449 29.19685039370079 17.858267716535433 à
121.03937007874016 440.2204724409449 75.96850393700787 17.858267716535433 celle-ci.
179.43307086614172 440.2204724409449 52.44094488188976 17.858267716535433 Parmi
214.29921259842519 440.2204724409449 40.818897637795274 17.858267716535433 ces
231.8740157480315 440.2204724409449 58.39370078740158 17.858267716535433 nombreux

27.496062992125985 449.8582677165354 65.76377952755905 21.543307086614174 groupes
75.4015748031496 449.8582677165354 36.0 21.543307086614174 en
93.25984251968504 449.8582677165354 65.76377952755905 21.543307086614174 contact
141.16535433070865 449.8582677165354 47.90551181102362 21.543307086614174 avec
171.21259842519686 449.8582677165354 71.71653543307086 21.543307086614174 l’E.AT.,
225.0708661417323 449.8582677165354 53.85826771653543 21.543307086614174 trois
254.83464566929135 449.8582677165354 36.0 21.543307086614174 sont

29.763779527559056 466.5826771653543 73.13385826771653 15.307086614173228 représentés
83.33858267716535 466.5826771653543 29.19685039370079 15.307086614173228 ici.

44.503937007874015 478.7716535433071 51.30708661417323 20.976377952755904 <b>Ant
80.50393700787401 478.7716535433071 66.61417322834646 20.976377952755904 Farm</b>
131.5275590551181 478.7716535433071 25.511811023622048 20.976377952755904 à
142.01574803149606 478.7716535433071 56.40944881889764 20.976377952755904 Houston
182.83464566929135 478.7716535433071 61.511811023622045 20.976377952755904 (Texas),
229.03937007874015 478.7716535433071 25.511811023622048 20.976377952755904 a
239.24409448818898 478.7716535433071 36.0 20.976377952755904 été
254.5511811023622 478.7716535433071 36.0 20.976377952755904 fondé

29.19685039370079 493.51181102362204 33.44881889763779 20.125984251968504 en
45.92125984251968 493.51181102362204 61.22834645669291 20.125984251968504 octobre
90.70866141732283 493.51181102362204 44.503937007874015 20.125984251968504 1968
118.48818897637796 493.51181102362204 39.118110236220474 20.125984251968504 par
140.88188976377953 493.51181102362204 44.503937007874015 20.125984251968504 Doug
168.66141732283464 493.51181102362204 61.22834645669291 20.125984251968504 Michels
213.4488188976378 493.51181102362204 33.44881889763779 20.125984251968504 et
230.17322834645668 493.51181102362204 44.503937007874015 20.125984251968504 Chip
252.28346456692913 493.51181102362204 39.118110236220474 20.125984251968504 Lord,

29.480314960629922 507.68503937007875 36.8503937007874 17.291338582677167 qui
50.74015748031496 507.68503937007875 31.46456692913386 17.291338582677167 en
66.33070866141732 507.68503937007875 41.95275590551181 17.291338582677167 sont
92.69291338582677 507.68503937007875 62.92913385826772 17.291338582677167 toujours
139.748031496063 507.68503937007875 78.80314960629921 17.291338582677167 directeurs.
202.6771653543307 507.68503937007875 31.46456692913386 17.291338582677167 Ce
218.5511811023622 507.68503937007875 52.44094488188976 17.291338582677167 groupe
250.01574803149606 507.68503937007875 41.95275590551181 17.291338582677167 archi-

29.480314960629922 521.8582677165355 66.89763779527559 16.15748031496063 tectural
79.93700787401575 521.8582677165355 33.44881889763779 16.15748031496063 se
96.66141732283465 521.8582677165355 66.89763779527559 16.15748031496063 consacre
146.83464566929135 521.8582677165355 27.77952755905512 16.15748031496063 à
157.88976377952756 521.8582677165355 106.01574803149606 16.15748031496063 l’environnement
241.79527559055117 521.8582677165355 50.173228346456696 16.15748031496063 urbain,

30.614173228346456 529.511811023622 38.267716535433074 18.4251968503937 aux
52.44094488188976 529.511811023622 54.70866141732284 18.4251968503937 styles
90.70866141732283 529.511811023622 32.881889763779526 18.4251968503937 de
107.14960629921259 529.511811023622 38.267716535433074 18.4251968503937 vie
128.9763779527559 529.511811023622 32.881889763779526 18.4251968503937 en
145.41732283464566 529.511811023622 81.92125984251969 18.4251968503937 communauté,
210.89763779527559 529.511811023622 38.267716535433074 18.4251968503937 aux
232.7244094488189 529.511811023622 27.212598425196852 18.4251968503937 «
238.11023622047244 529.511811023622 54.70866141732284 18.4251968503937 tranches

30.614173228346456 541.4173228346457 33.44881889763779 18.141732283464567 de
47.338582677165356 541.4173228346457 39.118110236220474 18.141732283464567 vie
69.73228346456693 541.4173228346457 33.44881889763779 18.141732283464567 ».
86.45669291338582 541.4173228346457 39.118110236220474 18.141732283464567 Les
108.85039370078741 541.4173228346457 61.511811023622045 18.141732283464567 projets
153.63779527559055 541.4173228346457 33.44881889763779 18.141732283464567 en
170.36220472440945 541.4173228346457 50.173228346456696 18.141732283464567 cours
203.81102362204723 541.4173228346457 83.62204724409449 18.141732283464567 comprennent
265.3228346456693 541.4173228346457 27.77952755905512 18.141732283464567 une

31.46456692913386 553.8897637795276 70.58267716535433 16.440944881889763 <b>Tranche
87.02362204724409 553.8897637795276 30.330708661417322 16.440944881889763 de
102.04724409448819 553.8897637795276 45.354330708661415 16.440944881889763 temps
132.3779527559055 553.8897637795276 90.70866141732283 16.440944881889763 éducative</b>
208.06299212598427 553.8897637795276 80.78740157480316 16.440944881889763 c’est-à-dire
268.4409448818898 553.8897637795276 25.228346456692915 16.440944881889763 une

31.46456692913386 567.7795275590552 74.83464566929133 13.88976377952756 expérience
90.4251968503937 567.7795275590552 32.031496062992126 13.88976377952756 de
106.2992125984252 567.7795275590552 37.41732283464567 13.88976377952756 six
127.84251968503936 567.7795275590552 64.34645669291339 13.88976377952756 semaines
176.03149606299212 567.7795275590552 58.960629921259844 13.88976377952756 portant
218.83464566929135 567.7795275590552 37.41732283464567 13.88976377952756 sur
240.09448818897638 567.7795275590552 37.41732283464567 13.88976377952756 les
256.251968503937 567.7795275590552 37.41732283464567 13.88976377952756 modes

32.031496062992126 579.1181102362204 32.031496062992126 15.023622047244094 de
48.188976377952756 579.1181102362204 90.70866141732283 15.023622047244094 communication
122.74015748031496 579.1181102362204 32.031496062992126 15.023622047244094 et
138.89763779527559 579.1181102362204 106.86614173228347 15.023622047244094 l’environnement,
229.60629921259843 579.1181102362204 48.188976377952756 15.023622047244094 ainsi
256.251968503937 579.1181102362204 37.41732283464567 15.023622047244094 qu’un

32.59842519685039 589.6062992125984 62.645669291338585 15.874015748031496 ouvrage
77.95275590551181 589.6062992125984 68.31496062992126 15.874015748031496 étudiant
129.25984251968504 589.6062992125984 39.68503937007874 15.874015748031496 les
151.93700787401573 589.6062992125984 62.645669291338585 15.874015748031496 options
197.5748031496063 589.6062992125984 62.645669291338585 15.874015748031496 futures
242.9291338582677 589.6062992125984 51.30708661417323 15.874015748031496 quant
271.5590551181102 589.6062992125984 22.677165354330707 15.874015748031496 au

32.59842519685039 604.0629921259842 50.173228346456696 12.472440944881889 style
66.04724409448819 604.0629921259842 33.44881889763779 12.472440944881889 de
83.05511811023622 604.0629921259842 44.78740157480315 12.472440944881889 vie;
110.83464566929133 604.0629921259842 78.23622047244095 12.472440944881889 éducation,
172.3464566929134 604.0629921259842 94.96062992125984 12.472440944881889 architecture,
244.91338582677164 604.0629921259842 50.173228346456696 12.472440944881889 techno-

34.58267716535433 612.5669291338583 46.77165354330709 16.15748031496063 logie.
67.18110236220473 612.5669291338583 28.062992125984252 16.15748031496063 Il
81.07086614173228 612.5669291338583 55.84251968503937 16.15748031496063 présente
123.02362204724409 612.5669291338583 23.244094488188978 16.15748031496063 à
132.3779527559055 612.5669291338583 28.062992125984252 16.15748031496063 la
146.26771653543307 612.5669291338583 55.84251968503937 16.15748031496063 Biennale
188.50393700787401 612.5669291338583 32.59842519685039 16.15748031496063 une
206.9291338582677 612.5669291338583 55.84251968503937 16.15748031496063 <b>Oasis
244.3464566929134 612.5669291338583 51.30708661417323 16.15748031496063 Elec

272.12598425196853 636.6614173228346 24.944881889763778 15.023622047244094 57
