1066 2361
690 41 287 77 <b>ESPAGNE</b>

149 435 250 86 Commissaire
349 435 183 86 général
483 435 83 86 :
516 435 250 86 <b>Ceferino
699 435 200 86 Moreno</b>

113 523 193 87 Depuis
248 523 213 87 quelque
403 523 193 87 temps,
538 523 387 87 l’individualisme
848 523 116 87 exa-

66 558 173 94 cerbé,
187 558 104 94 si
239 558 329 94 caractéristique
516 558 104 94 de
568 558 208 94 l’esprit
724 558 225 94 espagnol,
879 558 87 94 est

65 615 113 82 en
122 615 169 82 train
234 615 113 82 de
290 615 281 82 disparaître
516 615 338 82 graduellement,
797 615 94 82 à
816 615 150 82 mesure

66 652 129 88 que
139 652 129 88 les
213 652 221 88 artistes
378 652 221 88 prennent
544 652 258 88 conscience
746 652 129 88 des
801 652 166 88 besoins

67 698 108 77 de
121 698 108 77 la
175 698 198 77 société
319 698 324 77 contemporaine.
590 698 108 77 En
644 698 270 77 travaillant
860 698 90 77 à
878 698 90 77 une

67 749 162 74 tâche
175 749 270 74 collective,
391 749 126 74 ils
463 749 108 74 se
517 749 216 74 dirigent
680 749 144 74 vers
770 749 108 74 un
824 749 126 74 art
878 749 90 74 in

54 814 132 50 tégré.

117 821 204 81 Ainsi,
259 821 326 81 l’importance
524 821 244 81 accordée
707 821 143 81 aux
768 821 204 81 éléments

71 863 284 77 constructifs
302 863 106 77 et
355 863 248 77 modulaires
550 863 142 77 dans
638 863 106 77 la
691 863 230 77 sélection
851 863 124 77 espa-

72 907 163 83 gnole
180 907 90 83 à
216 907 108 83 la
271 907 217 83 Biennale
433 907 108 83 de
487 907 163 83 Paris
596 907 126 83 est
668 907 307 83 significative
903 907 72 83 de

74 947 159 76 cette
180 947 194 76 volonté
322 947 106 76 de
375 947 300 76 collaboration
622 947 159 76 entre
728 947 124 76 des
781 947 194 76 créateurs

74 992 106 80 de
127 992 248 80 discipline
323 992 266 80 différente.
536 992 124 80 Les
606 992 284 80 compositions
837 992 106 80 en
873 992 106 80 bois

75 1038 181 72 peint
195 1038 120 72 et
256 1038 120 72 en
316 1038 181 72 acier
436 1038 120 72 de
496 1038 341 72 Garcia-Ramos,
777 1038 201 72 celles
898 1038 80 72 de

79 1082 234 68 Feliciano
259 1082 108 68 et
313 1082 108 68 la
367 1082 234 68 réduction
548 1082 108 68 de
602 1082 198 68 l’homme
746 1082 216 68 réalisée
890 1082 90 68 par

77 1124 236 72 Alexanco,
258 1124 236 72 répondent
439 1124 91 72 à
476 1124 109 72 ce
530 1124 163 72 désir
639 1124 199 72 général
766 1124 217 72 d’utiliser

81 1175 110 54 un
136 1175 202 54 langage
283 1175 257 54 accessible
485 1175 92 54 à
503 1175 129 54 tous.

132 1202 136 66 Les
209 1202 175 66 mêmes
326 1202 349 66 préoccupations
616 1202 116 66 se
675 1202 272 66 retrouvent
869 1202 116 66 dans

80 1246 123 66 la
142 1246 247 66 musique,
327 1246 268 66 notamment
533 1246 165 66 dans
636 1246 226 66 l’œuvre
780 1246 206 66 d’Arturo

79 1289 207 61 Tamayo
224 1289 124 61 et
286 1289 351 61 partiellement
575 1289 165 61 dans
678 1289 186 61 celle
802 1289 124 61 de
843 1289 145 61 Tomas

69 1353 149 45 Marco.

139 1376 109 59 Il
193 1376 163 59 n’est
302 1376 127 59 pas
375 1376 254 59 nécessaire
574 1376 109 59 de
628 1376 236 59 souligner
810 1376 109 59 le
846 1376 145 59 carac-

87 1410 139 66 tère
174 1410 226 66 collectif
348 1410 104 66 de
400 1410 331 66 l’architecture,
679 1410 157 66 ainsi
783 1410 122 66 que
853 1410 104 66 le
888 1410 104 66 rap-

88 1455 203 74 pellent
235 1455 129 74 les
309 1455 203 74 groupes
457 1455 203 74 dirigés
604 1455 129 74 par
678 1455 166 74 Segui
789 1455 111 74 de
844 1455 111 74 la
881 1455 111 74 Riva

89 1500 116 62 et
147 1500 116 62 De
204 1500 173 62 Prada
320 1500 193 62 Poole,
455 1500 135 62 qui
532 1500 231 62 abordent
705 1500 135 62 les
763 1500 231 62 différents

88 1549 219 56 aspects
247 1549 159 56 d’un
347 1549 159 56 même
427 1549 219 56 problème.

140 1583 293 60 Aujourd’hui,
377 1583 128 60 les
451 1583 219 60 artistes
615 1583 238 60 espagnols
780 1583 219 60 projettent

94 1625 163 58 leurs
203 1625 181 58 œuvres
329 1625 109 58 en
384 1625 217 58 fonction
546 1625 109 58 de
601 1625 326 58 l’architecture
872 1625 109 58 et
908 1625 91 58 les

95 1665 236 61 intègrent
276 1665 145 61 dans
367 1665 109 61 de
421 1665 200 61 grandes
567 1665 290 61 réalisations
784 1665 218 61 urbanisti-

93 1713 170 58 ques.
207 1713 132 58 Ils
282 1713 189 58 créent
415 1713 151 58 pour
509 1713 208 58 l’homme
661 1713 227 58 concret,
831 1713 113 58 un
869 1713 132 58 homme

93 1752 197 54 social
231 1752 138 54 qui
310 1752 138 54 vit
389 1752 118 54 et
448 1752 118 54 se
508 1752 257 54 développe
705 1752 158 54 dans
804 1752 118 54 un
843 1752 158 54 milieu

80 1805 216 53 déterminé.

677 2169 238 60 Ceferino
836 2169 178 60 Moreno.

937 2264 84 49 53
