1066 2361
797 67 215 68 <b>ISRAEL</b>

164 458 263 68 Commissaire
375 458 193 68 général
515 458 88 68 :
551 458 228 68 <b>Reuven
708 458 211 68 Berman</b>

129 599 319 68 <b>Aquaville</b>
400 599 112 68 est
464 599 96 68 un
512 599 159 68 projet
623 599 271 68 architectural
847 599 112 68 qui
894 599 96 68 étu-

76 646 139 66 die
156 646 139 66 les
235 646 278 66 conditions
454 646 139 66 les
533 646 159 66 plus
632 646 318 66 avantageuses
871 646 119 66 pour

80 693 111 60 le
136 693 315 60 développement
395 693 167 60 d’une
506 693 296 60 civilisation
729 693 259 60 sous

82 723 111 67 Il
138 723 130 67 est
212 723 111 67 la
268 723 223 67 création
435 723 167 67 d’une
547 723 186 67 équipe
676 723 316 67 d’architectes
918 723 74 67 et

78 765 312 71 d’étudiants
327 765 125 71 de
390 765 249 71 dernière
577 765 187 71 année
701 765 125 71 de
764 765 125 71 la
805 765 187 71 Faculté

82 808 298 68 d’Architecture
331 808 99 68 et
381 808 249 68 d’Urbanisme
580 808 99 68 du
629 808 315 68 <b>Technion</b>
878 808 116 68 (Ins-

84 852 157 66 titut
188 852 227 66 lsraélien
363 852 105 66 de
416 852 297 66 Technologie).
661 852 192 66 Partant
801 852 105 66 de
836 852 157 66 l’étude

82 892 131 64 des
157 892 242 64 problèmes
343 892 298 64 structuraux,
586 892 280 64 économiques
810 892 112 64 et
847 892 149 64 socio-

83 935 263 68 logiques,
285 935 243 68 l’équipe
467 935 101 68 a
508 935 223 68 réalisé
669 935 121 68 un
730 935 263 68 prototype
912 935 81 68 de

85 987 304 52 construction
332 987 247 52 modulaire
522 987 323 52 préfabriquée,
787 987 190 52 unique
901 987 95 52 par

85 1035 124 53 ses
156 1035 213 53 qualités
298 1035 213 53 formelles.

138 1075 176 59 Raffi
256 1075 176 59 Lavie
373 1075 254 59 développe
568 1075 117 59 un
627 1075 215 59 langage
783 1075 137 59 qui
842 1075 156 59 dérive

86 1119 99 61 à
126 1119 258 61 l’origine
324 1119 119 61 de
384 1119 178 61 l’art
502 1119 258 61 enfantin.
701 1119 178 61 Après
820 1119 119 61 de
859 1119 139 61 longs

87 1159 324 58 tâtonnements,
354 1159 114 58 il
411 1159 95 58 a
449 1159 190 58 réussi
582 1159 95 58 à
620 1159 267 58 affranchir
830 1159 114 58 sa
868 1159 133 58 pein-

88 1204 158 58 ture
187 1204 119 58 de
247 1204 178 58 toute
365 1204 178 58 trace
484 1204 119 58 de
544 1204 218 58 charme,
702 1204 297 58 d’élégance,
920 1204 79 58 de

88 1246 190 61 grâce,
221 1246 114 61 de
278 1246 343 61 gesticulation,
564 1246 114 61 de
621 1246 286 61 coquetterie
831 1246 171 61 profes-

90 1284 266 64 sionnelle,
299 1284 266 64 d’harmonie
508 1284 266 64 séductrice
718 1284 114 64 et
775 1284 114 64 de
813 1284 190 64 signifi-

90 1330 198 56 cation
229 1330 337 56 sous-jacente.
507 1330 179 56 Lavie
626 1330 119 56 ne
685 1330 298 56 s’abandonne
904 1330 99 56 pas

93 1367 88 57 à
129 1367 263 57 l’anarchie;
339 1367 105 57 il
391 1367 158 57 feint
496 1367 105 57 la
549 1367 263 57 complicité,
759 1367 140 57 mais
829 1367 175 57 manipule

93 1414 95 53 à
131 1414 114 53 la
188 1414 209 53 dérobée
340 1414 133 53 son
416 1414 152 53 mode
511 1414 304 53 d’expression
758 1414 114 53 en
796 1414 209 53 cherchant

93 1453 133 52 des
169 1453 286 52 définitions
398 1453 457 52 anticonventionnelles
798 1453 114 52 du
836 1453 171 52 concept

81 1506 163 50 d’ordre.

146 1544 226 56 D’abord
311 1544 246 56 peintre,
496 1544 185 56 Benni
619 1544 185 56 Efrat
742 1544 246 56 commença
906 1544 103 56 par

97 1598 131 40 des
172 1598 224 40 reliefs,
340 1598 149 40 puis
433 1598 186 40 évolua
564 1598 149 40 vers
657 1598 131 40 une
731 1598 242 40 sculpture
899 1598 112 40 éri-

97 1629 139 56 gée
176 1629 139 56 qui
256 1629 178 56 donne
375 1629 218 56 souvent
533 1629 317 56 l’impression
791 1629 119 56 de
831 1629 178 56 planer,

99 1686 117 43 de
157 1686 117 43 se
215 1686 233 43 dérouler
390 1686 117 43 et
448 1686 253 43 d’onduler
643 1686 253 43 au-dessus
837 1686 117 43 du
876 1686 136 43 plan-

98 1723 183 41 cher.
219 1723 142 41 Ses
301 1723 345 41 constructions
585 1723 183 41 n’ont
707 1723 142 41 pas
788 1723 122 41 de
828 1723 183 41 parties

101 1761 243 45 mobiles,
283 1761 162 45 mais
384 1761 263 45 procèdent
587 1761 142 45 par
668 1761 203 45 unités
789 1761 223 45 d’énergie

103 1797 93 43 «
141 1797 278 43 incorporées
363 1797 111 43 ».
418 1797 167 43 Comme
529 1797 111 43 il
585 1797 111 43 le
641 1797 130 43 dit
715 1797 222 43 lui-même
881 1797 93 43 :
918 1797 93 43 «
937 1797 74 43 Il

104 1842 172 52 s’agit
224 1842 240 52 d’injecter
413 1842 103 52 de
464 1842 223 52 l’énergie
636 1842 206 52 visuelle
790 1842 137 52 dans
859 1842 154 52 l’ordre

105 1884 250 50 discipliné
302 1884 125 50 qui
373 1884 89 50 a
409 1884 107 50 la
463 1884 161 50 forme
570 1884 143 50 d’un
659 1884 161 50 cube.
767 1884 89 50 A
785 1884 232 50 l’intérieur

105 1923 109 53 de
159 1923 164 53 cette
269 1923 218 53 énergie,
432 1923 109 53 il
487 1923 182 53 existe
615 1923 127 53 une
687 1923 164 53 autre
797 1923 200 53 énergie
924 1923 91 53 qui

105 1969 114 54 se
162 1969 210 54 déplace
295 1969 248 54 librement.»

158 2015 193 49 L’union
299 2015 123 49 des
369 2015 263 49 contraires,
580 2015 105 49 en
633 2015 263 49 particulier
843 2015 105 49 de
879 2015 141 49 l’abs-

107 2057 164 49 trait
216 2057 110 49 et
271 2057 110 49 du
326 2057 256 49 figuratif,
527 2057 128 49 est
600 2057 201 49 devenue
746 2057 110 49 un
801 2057 164 49 trait
892 2057 128 49 domi-

109 2102 162 47 nant
210 2102 162 47 dans
311 2102 122 47 la
372 2102 223 47 plupart
534 2102 142 47 des
615 2102 203 47 œuvres
757 2102 243 47 récentes
919 2102 101 47 des

108 2144 190 50 jeunes
241 2144 228 50 artistes
412 2144 247 50 d’Israël,
603 2144 171 50 comme
717 2144 114 50 on
774 2144 152 50 peut
869 2144 114 50 le
907 2144 114 50 voir

109 2184 162 50 dans
210 2184 142 50 les
291 2184 243 50 gravures
473 2184 101 50 à
514 2184 263 50 technique
716 2184 182 50 mixte
838 2184 122 50 de
878 2184 142 50 Micha

942 2279 82 46 77
