301.03937007874015 669.2598425196851
3.968503937007874 16.15748031496063 68.03149606299213 20.125984251968504 GRECE

54.99212598425197 127.2755905511811 68.03149606299213 19.84251968503937 Commissaire
109.41732283464567 127.2755905511811 49.889763779527556 19.84251968503937 général
145.70078740157481 127.2755905511811 22.677165354330707 19.84251968503937 :
154.77165354330708 127.2755905511811 63.496062992125985 19.84251968503937 Georges
200.1259842519685 127.2755905511811 72.56692913385827 19.84251968503937 Spyridakis

54.99212598425197 141.73228346456693 66.33070866141732 19.84251968503937 Conseiller
107.14960629921259 141.73228346456693 56.976377952755904 19.84251968503937 Culturel
149.95275590551182 141.73228346456693 37.98425196850393 19.84251968503937 près
173.48031496062993 141.73228346456693 71.14960629921259 19.84251968503937 l’Ambassade
230.45669291338584 141.73228346456693 28.346456692913385 19.84251968503937 de
239.81102362204723 141.73228346456693 33.16535433070866 19.84251968503937 Grèce

54.425196850393704 151.6535433070866 22.96062992125984 13.039370078740157 à
58.960629921259844 151.6535433070866 36.8503937007874 13.039370078740157 Paris.

41.95275590551181 190.20472440944883 35.1496062992126 18.708661417322833 Les
62.07874015748032 190.20472440944883 45.07086614173228 18.708661417322833 trois
92.1259842519685 190.20472440944883 60.09448818897638 18.708661417322833 artistes
137.1968503937008 190.20472440944883 45.07086614173228 18.708661417322833 grecs
167.5275590551181 190.20472440944883 35.1496062992126 18.708661417322833 qui
187.37007874015748 190.20472440944883 75.11811023622047 18.708661417322833 participent
242.64566929133858 190.20472440944883 30.04724409448819 18.708661417322833 cete

24.661417322834644 204.9448818897638 49.60629921259842 15.023622047244094 année
57.54330708661417 204.9448818897638 27.496062992125985 15.023622047244094 à
68.5984251968504 204.9448818897638 33.16535433070866 15.023622047244094 la
85.03937007874016 204.9448818897638 66.04724409448819 15.023622047244094 Biennale
134.64566929133858 204.9448818897638 33.16535433070866 15.023622047244094 de
151.37007874015748 204.9448818897638 49.60629921259842 15.023622047244094 Paris
184.251968503937 204.9448818897638 38.55118110236221 15.023622047244094 ont
206.36220472440945 204.9448818897638 38.55118110236221 15.023622047244094 été
222.8031496062992 204.9448818897638 49.60629921259842 15.023622047244094 choisis

24.094488188976378 215.71653543307087 43.08661417322835 17.291338582677167 pour
51.023622047244096 215.71653543307087 81.07086614173228 17.291338582677167 représenter
115.93700787401575 215.71653543307087 37.7007874015748 17.291338582677167 des
137.48031496062993 215.71653543307087 70.2992125984252 17.291338582677167 tendances
191.33858267716536 215.71653543307087 81.07086614173228 17.291338582677167 différentes
250.86614173228347 215.71653543307087 21.543307086614174 17.291338582677167 de

25.228346456692915 226.77165354330708 29.19685039370079 17.007874015748033 la
39.68503937007874 226.77165354330708 62.92913385826772 17.007874015748033 peinture,
88.15748031496064 226.77165354330708 29.19685039370079 17.007874015748033 de
102.89763779527559 226.77165354330708 29.19685039370079 17.007874015748033 la
117.35433070866142 226.77165354330708 62.92913385826772 17.007874015748033 sculpture
165.82677165354332 226.77165354330708 29.19685039370079 17.007874015748033 et
180.28346456692913 226.77165354330708 29.19685039370079 17.007874015748033 de
194.74015748031496 226.77165354330708 29.19685039370079 17.007874015748033 la
209.48031496062993 226.77165354330708 53.29133858267716 17.007874015748033 gravure
243.21259842519686 226.77165354330708 29.19685039370079 17.007874015748033 dans

24.661417322834644 240.09448818897638 45.63779527559055 16.724409448818896 notre
54.99212598425197 240.09448818897638 45.63779527559055 16.724409448818896 pays.
85.32283464566929 240.09448818897638 40.53543307086614 16.724409448818896 Tous
110.55118110236221 240.09448818897638 35.43307086614173 16.724409448818896 ont
130.96062992125985 240.09448818897638 40.53543307086614 16.724409448818896 fait
156.18897637795277 240.09448818897638 45.63779527559055 16.724409448818896 leurs
186.51968503937007 240.09448818897638 50.45669291338583 16.724409448818896 études
221.95275590551182 240.09448818897638 25.228346456692915 16.724409448818896 à
227.0551181102362 240.09448818897638 45.63779527559055 16.724409448818896 l’Ecole

23.244094488188978 250.01574803149606 38.83464566929134 16.440944881889763 des
45.63779527559055 250.01574803149606 77.66929133858268 16.440944881889763 Beaux-Arts
100.91338582677166 250.01574803149606 66.61417322834646 16.440944881889763 d’Athènes.

40.53543307086614 265.6062992125984 66.33070866141732 16.15748031496063 Lefteris
90.14173228346456 265.6062992125984 71.71653543307086 16.15748031496063 Canacakis
145.13385826771653 265.6062992125984 66.33070866141732 16.15748031496063 compléta
195.0236220472441 265.6062992125984 38.55118110236221 16.15748031496063 ses
216.8503937007874 265.6062992125984 55.275590551181104 16.15748031496063 études
250.01574803149606 265.6062992125984 22.11023622047244 16.15748031496063 de

23.52755905511811 279.496062992126 63.496062992125985 17.007874015748033 peinture
71.14960629921259 279.496062992126 26.362204724409448 17.007874015748033 à
81.92125984251969 279.496062992126 58.110236220472444 17.007874015748033 l’Ecole
124.15748031496064 279.496062992126 68.88188976377953 17.007874015748033 Nationale
177.16535433070865 279.496062992126 37.13385826771653 17.007874015748033 des
198.4251968503937 279.496062992126 73.98425196850394 17.007874015748033 Beaux-Arts
251.1496062992126 279.496062992126 21.25984251968504 17.007874015748033 de

24.094488188976378 289.98425196850394 51.874015748031496 17.858267716535433 Paris.
60.37795275590551 289.98425196850394 31.181102362204726 17.858267716535433 Il
75.68503937007874 289.98425196850394 67.18110236220473 17.858267716535433 participa
127.55905511811024 289.98425196850394 25.79527559055118 17.858267716535433 à
137.76377952755905 289.98425196850394 36.28346456692913 17.858267716535433 des
158.45669291338584 289.98425196850394 93.25984251968504 17.858267716535433 manifestations
231.0236220472441 289.98425196850394 41.38582677165354 17.858267716535433 colec.

22.677165354330707 301.3228346456693 52.44094488188976 15.590551181102363 tives
57.54330708661417 301.3228346456693 34.86614173228347 15.590551181102363 et
74.83464566929133 301.3228346456693 58.110236220472444 15.590551181102363 exposa
115.65354330708661 301.3228346456693 29.19685039370079 15.590551181102363 à
127.2755905511811 301.3228346456693 64.06299212598425 15.590551181102363 Athènes
173.76377952755905 301.3228346456693 34.86614173228347 15.590551181102363 en
191.0551181102362 301.3228346456693 52.44094488188976 15.590551181102363 1969.
225.92125984251967 301.3228346456693 34.86614173228347 15.590551181102363 La
237.54330708661416 301.3228346456693 34.86614173228347 15.590551181102363 même

22.96062992125984 314.3622047244094 45.63779527559055 17.291338582677167 année
53.574803149606296 314.3622047244094 30.614173228346456 17.291338582677167 il
68.88188976377953 314.3622047244094 35.71653543307087 17.291338582677167 fut
89.00787401574803 314.3622047244094 45.63779527559055 17.291338582677167 nommé
119.62204724409449 314.3622047244094 66.04724409448819 17.291338582677167 assistant
170.36220472440945 314.3622047244094 25.511811023622048 17.291338582677167 à
180.56692913385828 314.3622047244094 55.84251968503937 17.291338582677167 l’Ecole
221.38582677165354 314.3622047244094 35.71653543307087 17.291338582677167 des
236.40944881889763 314.3622047244094 35.71653543307087 17.291338582677167 Beaux

22.393700787401574 325.7007874015748 42.51968503937008 15.874015748031496 Arts
49.039370078740156 325.7007874015748 74.55118110236221 15.874015748031496 d’Athènes.
107.43307086614173 325.7007874015748 32.031496062992126 15.874015748031496 En
123.59055118110236 325.7007874015748 69.16535433070867 15.874015748031496 peinture,
176.5984251968504 325.7007874015748 32.031496062992126 15.874015748031496 il
192.75590551181102 325.7007874015748 32.031496062992126 15.874015748031496 se
208.62992125984252 325.7007874015748 53.29133858267716 15.874015748031496 montre
240.3779527559055 325.7007874015748 32.031496062992126 15.874015748031496 pas-

22.11023622047244 338.1732283464567 53.29133858267716 14.456692913385826 sionné
59.52755905511811 338.1732283464567 32.031496062992126 14.456692913385826 du
75.4015748031496 338.1732283464567 63.77952755905512 14.456692913385826 concret,
123.30708661417323 338.1732283464567 79.93700787401575 14.456692913385826 recherchant
187.08661417322836 338.1732283464567 37.13385826771653 14.456692913385826 une
208.62992125984252 338.1732283464567 63.77952755905512 14.456692913385826 évidence
251.1496062992126 338.1732283464567 21.25984251968504 14.456692913385826 et

21.543307086614174 350.92913385826773 39.68503937007874 15.023622047244094 une
44.22047244094488 350.92913385826773 73.98425196850394 15.023622047244094 intensité
101.19685039370079 350.92913385826773 79.65354330708661 15.023622047244094 proprement
163.84251968503938 350.92913385826773 79.65354330708661 15.023622047244094 surréelles
226.20472440944883 350.92913385826773 45.63779527559055 15.023622047244094 dans
249.16535433070865 350.92913385826773 22.677165354330707 15.023622047244094 la

22.11023622047244 361.4173228346457 96.66141732283465 15.874015748031496 représentation,
103.46456692913385 361.4173228346457 35.71653543307087 15.874015748031496 les
118.77165354330708 361.4173228346457 45.92125984251968 15.874015748031496 objets.

37.98425196850393 375.87401574803147 56.125984251968504 17.858267716535433 Georges
78.80314960629921 375.87401574803147 66.33070866141732 17.858267716535433 Calacalas
129.82677165354332 375.87401574803147 40.818897637795274 17.858267716535433 prit
155.33858267716536 375.87401574803147 40.818897637795274 17.858267716535433 part
180.56692913385828 375.87401574803147 25.511811023622048 17.858267716535433 à
190.77165354330708 375.87401574803147 35.71653543307087 17.858267716535433 des
206.07874015748033 375.87401574803147 66.33070866141732 17.858267716535433 expositions

20.976377952755904 391.18110236220474 75.4015748031496 14.173228346456693 collectives
81.35433070866142 391.18110236220474 30.04724409448819 14.173228346456693 et
96.37795275590551 391.18110236220474 60.37795275590551 14.173228346456693 présenta
141.4488188976378 391.18110236220474 35.1496062992126 14.173228346456693 ses
161.5748031496063 391.18110236220474 70.2992125984252 14.173228346456693 sculptures
216.8503937007874 391.18110236220474 25.228346456692915 14.173228346456693 à
221.95275590551182 391.18110236220474 50.173228346456696 14.173228346456693 Athènes.

20.976377952755904 399.40157480314963 39.118110236220474 17.5748031496063 Son
43.37007874015748 399.40157480314963 39.118110236220474 17.5748031496063 art
65.76377952755905 399.40157480314963 39.118110236220474 17.5748031496063 est
87.8740157480315 399.40157480314963 66.89763779527559 17.5748031496063 imprégné
138.04724409448818 399.40157480314963 33.44881889763779 17.5748031496063 du
154.77165354330708 399.40157480314963 72.56692913385827 17.5748031496063 sentiment
210.61417322834646 399.40157480314963 61.22834645669291 17.5748031496063 moderne
249.4488188976378 399.40157480314963 22.393700787401574 17.5748031496063 de

20.976377952755904 410.74015748031496 66.61417322834646 18.4251968503937 l’espace.
72.28346456692914 410.74015748031496 71.71653543307086 18.4251968503937 Repoussant
128.40944881889763 410.74015748031496 30.614173228346456 18.4251968503937 la
143.71653543307087 410.74015748031496 76.81889763779527 18.4251968503937 figuration,
205.22834645669292 410.74015748031496 30.614173228346456 18.4251968503937 il
215.43307086614172 410.74015748031496 56.40944881889764 18.4251968503937 recherche

20.69291338582677 423.7795275590551 32.031496062992126 19.84251968503937 le
36.8503937007874 423.7795275590551 69.44881889763779 19.84251968503937 dynamisme
90.14173228346456 423.7795275590551 37.41732283464567 19.84251968503937 des
111.68503937007874 423.7795275590551 53.29133858267716 19.84251968503937 formes
149.10236220472441 423.7795275590551 48.188976377952756 19.84251968503937 pures
181.13385826771653 423.7795275590551 32.031496062992126 19.84251968503937 et
197.00787401574803 423.7795275590551 32.031496062992126 19.84251968503937 la
213.16535433070865 423.7795275590551 58.67716535433071 19.84251968503937 qualité
250.58267716535434 423.7795275590551 21.25984251968504 19.84251968503937 de

20.409448818897637 434.5511811023622 31.748031496062993 17.007874015748033 la
36.28346456692913 434.5511811023622 58.39370078740158 17.007874015748033 matière
73.7007874015748 434.5511811023622 74.26771653543307 17.007874015748033 sculpturale.

37.13385826771653 449.5748031496063 53.29133858267716 18.708661417322833 Hélène
74.55118110236221 449.5748031496063 80.22047244094489 18.708661417322833 Papaïoannou
138.61417322834646 449.5748031496063 42.803149606299215 18.708661417322833 est,
165.25984251968504 449.5748031496063 53.29133858267716 18.708661417322833 depuis
202.6771653543307 449.5748031496063 48.188976377952756 18.708661417322833 1969,
229.3228346456693 449.5748031496063 42.803149606299215 18.708661417322833 assis-

19.275590551181104 461.4803149606299 48.47244094488189 18.708661417322833 tante
51.59055118110236 461.4803149606299 43.08661417322835 18.708661417322833 dans
78.51968503937007 461.4803149606299 69.73228346456693 18.708661417322833 l’atelier
132.09448818897638 461.4803149606299 32.31496062992126 18.708661417322833 de
148.251968503937 461.4803149606299 59.24409448818898 18.708661417322833 gravure
191.33858267716536 461.4803149606299 32.31496062992126 18.708661417322833 de
207.49606299212599 461.4803149606299 59.24409448818898 18.708661417322833 l’Ecole
244.91338582677164 461.4803149606299 26.929133858267715 18.708661417322833 des

19.275590551181104 473.6692913385827 72.0 16.15748031496063 Beaux-Arts
75.68503937007874 473.6692913385827 72.0 16.15748031496063 d’Athènes.
132.3779527559055 473.6692913385827 41.10236220472441 16.15748031496063 Dans
158.17322834645668 473.6692913385827 36.0 16.15748031496063 ses
178.58267716535434 473.6692913385827 66.89763779527559 16.15748031496063 gravures,
225.0708661417323 473.6692913385827 46.20472440944882 16.15748031496063 qu’elle

18.992125984251967 488.6929133858268 27.496062992125985 12.472440944881889 a
29.763779527559056 488.6929133858268 66.04724409448819 12.472440944881889 exposées
79.37007874015748 488.6929133858268 27.496062992125985 12.472440944881889 à
90.4251968503937 488.6929133858268 71.43307086614173 12.472440944881889 plusieurs
145.13385826771653 488.6929133858268 71.43307086614173 12.472440944881889 reprises,
200.1259842519685 488.6929133858268 43.93700787401575 12.472440944881889 elle
227.6220472440945 488.6929133858268 43.93700787401575 12.472440944881889 part
249.4488188976378 488.6929133858268 22.11023622047244 12.472440944881889 de

19.275590551181104 497.76377952755905 56.69291338582677 15.590551181102363 l’objet
60.37795275590551 497.76377952755905 41.10236220472441 15.590551181102363 pour
86.1732283464567 497.76377952755905 56.69291338582677 15.590551181102363 aboutir
127.2755905511811 497.76377952755905 25.79527559055118 15.590551181102363 à
137.76377952755905 497.76377952755905 36.0 15.590551181102363 une
158.17322834645668 497.76377952755905 72.0 15.590551181102363 expression
209.76377952755905 497.76377952755905 61.79527559055118 15.590551181102363 abstraite.

8.503937007874017 644.8818897637796 23.244094488188978 13.606299212598426 66
