301.03937007874015 669.2598425196851
-4.535433070866142 16.15748031496063 78.23622047244095 16.440944881889763 <b>CHYPRE</b>

49.60629921259842 124.15748031496064 70.58267716535433 16.724409448818896 Commissaire
106.2992125984252 124.15748031496064 51.874015748031496 16.724409448818896 général
143.71653543307087 124.15748031496064 23.52755905511811 16.724409448818896 :
153.35433070866142 124.15748031496064 51.874015748031496 16.724409448818896 <b>Tony
186.23622047244095 124.15748031496064 65.76377952755905 16.724409448818896 Spiteris</b>

49.32283464566929 142.01574803149606 63.77952755905512 14.173228346456693 Conseiller
99.49606299212599 142.01574803149606 63.77952755905512 14.173228346456693 artistique
149.38582677165354 142.01574803149606 27.212598425196852 14.173228346456693 de
163.2755905511811 142.01574803149606 27.212598425196852 14.173228346456693 la
176.88188976377953 142.01574803149606 63.77952755905512 14.173228346456693 République
226.77165354330708 142.01574803149606 27.212598425196852 14.173228346456693 de
236.1259842519685 142.01574803149606 36.56692913385827 14.173228346456693 Chype.

37.13385826771653 178.86614173228347 36.56692913385827 17.007874015748033 Les
57.826771653543304 178.86614173228347 47.05511811023622 17.007874015748033 trois
89.29133858267717 178.86614173228347 62.645669291338585 17.007874015748033 artistes
136.3464566929134 178.86614173228347 36.56692913385827 17.007874015748033 que
157.3228346456693 178.86614173228347 68.03149606299213 17.007874015748033 présente,
209.76377952755905 178.86614173228347 47.05511811023622 17.007874015748033 cette
235.84251968503938 178.86614173228347 36.56692913385827 17.007874015748033 année

20.976377952755904 191.90551181102362 32.031496062992126 15.590551181102363 la
37.13385826771653 191.90551181102362 74.83464566929133 15.590551181102363 République
95.81102362204724 191.90551181102362 32.031496062992126 15.590551181102363 de
111.96850393700787 191.90551181102362 53.574803149606296 15.590551181102363 Chypre
149.38582677165354 191.90551181102362 26.64566929133858 15.590551181102363 à
160.15748031496062 191.90551181102362 32.031496062992126 15.590551181102363 la
176.03149606299212 191.90551181102362 64.06299212598425 15.590551181102363 Biennale
224.2204724409449 191.90551181102362 32.031496062992126 15.590551181102363 de
234.99212598425197 191.90551181102362 37.41732283464567 15.590551181102363 Paris

20.409448818897637 205.22834645669292 38.267716535433074 13.32283464566929 ont
42.23622047244095 205.22834645669292 38.267716535433074 13.32283464566929 été
64.06299212598425 205.22834645669292 60.37795275590551 13.32283464566929 choisis
108.0 205.22834645669292 38.267716535433074 13.32283464566929 par
129.82677165354332 205.22834645669292 38.267716535433074 13.32283464566929 une
151.93700787401573 205.22834645669292 76.81889763779527 13.32283464566929 commission
212.03149606299212 205.22834645669292 49.32283464566929 13.32283464566929 mixte
239.5275590551181 205.22834645669292 32.881889763779526 13.32283464566929 com-

20.125984251968504 216.56692913385828 45.354330708661415 14.456692913385826 posée
50.45669291338583 216.56692913385828 30.330708661417322 14.456692913385826 de
65.76377952755905 216.56692913385828 85.88976377952756 14.456692913385826 représentants
136.3464566929134 216.56692913385828 30.330708661417322 14.456692913385826 du
151.37007874015748 216.56692913385828 65.76377952755905 14.456692913385826 Ministère
202.11023622047244 216.56692913385828 30.330708661417322 14.456692913385826 de
212.03149606299212 216.56692913385828 60.661417322834644 14.456692913385826 l’Instrue-

19.84251968503937 227.6220472440945 43.93700787401575 14.173228346456693 tion
47.05511811023622 227.6220472440945 71.43307086614173 14.173228346456693 Publique,
102.04724409448819 227.6220472440945 32.881889763779526 14.173228346456693 du
118.48818897637796 227.6220472440945 65.76377952755905 14.173228346456693 Syndicat
167.81102362204723 227.6220472440945 38.267716535433074 14.173228346456693 des
189.92125984251967 227.6220472440945 65.76377952755905 14.173228346456693 Artistes
239.24409448818898 227.6220472440945 32.881889763779526 14.173228346456693 et
250.29921259842519 227.6220472440945 21.826771653543307 14.173228346456693 du

19.84251968503937 239.5275590551181 75.68503937007874 14.173228346456693 Conseiller
79.37007874015748 239.5275590551181 75.68503937007874 14.173228346456693 artistique
138.61417322834646 239.5275590551181 32.31496062992126 14.173228346456693 de
154.77165354330708 239.5275590551181 32.31496062992126 14.173228346456693 la
165.54330708661416 239.5275590551181 70.2992125984252 14.173228346456693 République.

37.41732283464567 256.53543307086613 35.1496062992126 13.32283464566929 Ils
57.54330708661417 256.53543307086613 39.968503937007874 13.32283464566929 font
82.48818897637796 256.53543307086613 50.173228346456696 13.32283464566929 partie
117.63779527559055 256.53543307086613 30.04724409448819 13.32283464566929 de
132.66141732283464 256.53543307086613 45.07086614173228 13.32283464566929 cette
162.70866141732284 256.53543307086613 60.09448818897638 13.32283464566929 jeunesse
202.6771653543307 256.53543307086613 70.01574803149606 13.32283464566929 enthousiaste

19.84251968503937 269.5748031496063 32.31496062992126 14.173228346456693 et
36.0 269.5748031496063 59.24409448818898 14.173228346456693 rebelle
79.08661417322834 269.5748031496063 43.08661417322835 14.173228346456693 qui,
106.01574803149606 269.5748031496063 53.85826771653543 14.173228346456693 depuis
143.71653543307087 269.5748031496063 64.62992125984252 14.173228346456693 quelques
191.90551181102362 269.5748031496063 59.24409448818898 14.173228346456693 années,
229.60629921259843 269.5748031496063 43.08661417322835 14.173228346456693 malgré

20.409448818897637 280.34645669291336 84.18897637795276 14.456692913385826 l’opposition
89.00787401574803 280.34645669291336 31.46456692913386 14.456692913385826 et
104.5984251968504 280.34645669291336 36.8503937007874 14.456692913385826 les
125.85826771653544 280.34645669291336 73.7007874015748 14.456692913385826 réticences
183.68503937007873 280.34645669291336 36.8503937007874 14.456692913385826 des
204.66141732283464 280.34645669291336 68.31496062992126 14.456692913385826 mandarins
252.0 280.34645669291336 20.976377952755904 14.456692913385826 de

20.409448818897637 293.1023622047244 32.881889763779526 13.88976377952756 la
36.8503937007874 293.1023622047244 77.10236220472441 13.88976377952756 génération
97.22834645669292 293.1023622047244 82.48818897637796 13.88976377952756 précédente,
163.2755905511811 293.1023622047244 27.496062992125985 13.88976377952756 a
174.33070866141733 293.1023622047244 32.881889763779526 13.88976377952756 pu
190.77165354330708 293.1023622047244 54.99212598425197 13.88976377952756 rompre
229.3228346456693 293.1023622047244 32.881889763779526 13.88976377952756 le
240.3779527559055 293.1023622047244 32.881889763779526 13.88976377952756 joug

19.275590551181104 305.5748031496063 33.732283464566926 12.472440944881889 de
36.28346456692913 305.5748031496063 90.4251968503937 12.472440944881889 l’académisme
109.7007874015748 305.5748031496063 33.732283464566926 12.472440944881889 et
126.4251968503937 305.5748031496063 73.41732283464567 12.472440944881889 insuffler
182.83464566929135 305.5748031496063 33.732283464566926 12.472440944881889 un
199.84251968503938 305.5748031496063 39.40157480314961 12.472440944881889 air
216.8503937007874 305.5748031496063 56.40944881889764 12.472440944881889 salutaie

19.559055118110237 316.9133858267717 46.20472440944882 13.32283464566929 dans
48.188976377952756 316.9133858267717 34.58267716535433 13.32283464566929 le
65.48031496062993 316.9133858267717 57.54330708661417 13.32283464566929 climat
106.01574803149606 316.9133858267717 69.16535433070867 13.32283464566929 moribond
157.88976377952756 316.9133858267717 34.58267716535433 13.32283464566929 de
175.1811023622047 316.9133858267717 57.54330708661417 13.32283464566929 l’île.
215.71653543307087 316.9133858267717 40.25196850393701 13.32283464566929 Une
233.00787401574803 316.9133858267717 40.25196850393701 13.32283464566929 jeune

20.125984251968504 330.23622047244095 52.724409448818896 13.039370078740157 équipe
57.25984251968504 330.23622047244095 26.362204724409448 13.039370078740157 a
67.74803149606299 330.23622047244095 42.23622047244095 13.039370078740157 pris
94.11023622047244 330.23622047244095 31.748031496062993 13.039370078740157 le
109.98425196850394 330.23622047244095 42.23622047244095 13.039370078740157 pas,
136.3464566929134 330.23622047244095 73.7007874015748 13.039370078740157 bousculant
194.17322834645668 330.23622047244095 36.8503937007874 13.039370078740157 les
210.04724409448818 330.23622047244095 63.21259842519685 13.039370078740157 obstacles,

20.125984251968504 342.99212598425197 31.748031496062993 13.606299212598426 se
36.0 342.99212598425197 79.08661417322834 13.606299212598426 manifestant
99.21259842519684 342.99212598425197 26.362204724409448 13.606299212598426 à
109.98425196850394 342.99212598425197 68.5984251968504 13.606299212598426 plusieurs
162.4251968503937 342.99212598425197 63.21259842519685 13.606299212598426 reprises
210.04724409448818 342.99212598425197 36.8503937007874 13.606299212598426 sur
231.0236220472441 342.99212598425197 31.748031496062993 13.606299212598426 le
241.51181102362204 342.99212598425197 31.748031496062993 13.606299212598426 plan

20.69291338582677 352.06299212598424 45.354330708661415 13.88976377952756 local
51.023622047244096 352.06299212598424 30.330708661417322 13.88976377952756 et
66.33070866141732 352.06299212598424 35.43307086614173 13.88976377952756 aux
86.45669291338582 352.06299212598424 55.55905511811024 13.88976377952756 grandes
126.70866141732283 352.06299212598424 75.68503937007874 13.88976377952756 expositions
182.26771653543307 352.06299212598424 90.99212598425197 13.88976377952756 internationales,

19.84251968503937 365.1023622047244 73.98425196850394 11.622047244094489 s’imposant
77.95275590551181 365.1023622047244 31.748031496062993 11.622047244094489 au
93.8267716535433 365.1023622047244 52.724409448818896 11.622047244094489 public
130.96062992125985 365.1023622047244 36.8503937007874 11.622047244094489 par
151.93700787401573 365.1023622047244 31.748031496062993 11.622047244094489 la
167.81102362204723 365.1023622047244 58.110236220472444 11.622047244094489 qualité
210.04724409448818 365.1023622047244 31.748031496062993 11.622047244094489 et
225.92125984251967 365.1023622047244 31.748031496062993 11.622047244094489 le
236.69291338582678 365.1023622047244 36.8503937007874 11.622047244094489 moder

20.125984251968504 376.15748031496065 51.874015748031496 15.590551181102363 nisme
54.70866141732284 376.15748031496065 34.58267716535433 15.590551181102363 de
71.71653543307086 376.15748031496065 40.25196850393701 15.590551181102363 son
94.96062992125984 376.15748031496065 69.16535433070867 15.590551181102363 travail.
146.5511811023622 376.15748031496065 57.54330708661417 15.590551181102363 Compte
186.8031496062992 376.15748031496065 45.92125984251968 15.590551181102363 tenu
215.71653543307087 376.15748031496065 40.25196850393701 15.590551181102363 des
233.00787401574803 376.15748031496065 40.25196850393701 15.590551181102363 liens

20.125984251968504 389.1968503937008 46.488188976377955 9.921259842519685 entre
51.023622047244096 389.1968503937008 51.874015748031496 9.921259842519685 Chypre
87.30708661417323 389.1968503937008 31.181102362204726 9.921259842519685 et
102.89763779527559 389.1968503937008 36.28346456692913 9.921259842519685 son
123.59055118110236 389.1968503937008 82.77165354330708 9.921259842519685 ex-occupant,
190.77165354330708 389.1968503937008 56.976377952755904 9.921259842519685 suivant
232.15748031496062 389.1968503937008 31.181102362204726 9.921259842519685 la
242.64566929133858 389.1968503937008 31.181102362204726 9.921259842519685 tra-

19.559055118110237 401.1023622047244 58.110236220472444 11.622047244094489 dition,
62.07874015748032 401.1023622047244 31.748031496062993 11.622047244094489 la
77.95275590551181 401.1023622047244 58.110236220472444 11.622047244094489 plupart
120.18897637795276 401.1023622047244 37.13385826771653 11.622047244094489 des
141.4488188976378 401.1023622047244 53.00787401574803 11.622047244094489 jeunes
178.29921259842519 401.1023622047244 58.110236220472444 11.622047244094489 doivent
220.53543307086613 401.1023622047244 42.23622047244095 11.622047244094489 leur
241.79527559055117 401.1023622047244 31.748031496062993 11.622047244094489 for.

20.125984251968504 411.3070866141732 53.85826771653543 15.874015748031496 mation
57.826771653543304 411.3070866141732 26.929133858267715 15.874015748031496 à
68.5984251968504 411.3070866141732 32.31496062992126 15.874015748031496 la
84.75590551181102 411.3070866141732 108.0 15.874015748031496 Grande-Bretagne.
176.5984251968504 411.3070866141732 43.08661417322835 15.874015748031496 Ceci
203.5275590551181 411.3070866141732 37.7007874015748 15.874015748031496 est
219.96850393700788 411.3070866141732 53.85826771653543 15.874015748031496 partict-

19.84251968503937 424.34645669291336 70.2992125984252 13.32283464566929 lièrement
73.98425196850394 424.34645669291336 59.52755905511811 13.32283464566929 évident
117.07086614173228 424.34645669291336 43.37007874015748 13.32283464566929 pour
138.61417322834646 424.34645669291336 48.75590551181102 13.32283464566929 Sfikas.

35.71653543307087 439.93700787401576 83.05511811023622 13.88976377952756 L’opération
102.33070866141732 439.93700787401576 60.94488188976378 13.88976377952756 énoncée
146.5511811023622 439.93700787401576 38.83464566929134 13.88976377952756 par
168.9448818897638 439.93700787401576 60.94488188976378 13.88976377952756 Georges
213.16535433070865 439.93700787401576 55.275590551181104 13.88976377952756 Sfikas
246.33070866141733 439.93700787401576 27.77952755905512 13.88976377952756 est

20.125984251968504 451.84251968503935 82.77165354330708 13.039370078740157 l’affirmation
88.44094488188976 451.84251968503935 34.01574803149607 13.039370078740157 que
107.71653543307086 451.84251968503935 34.01574803149607 13.039370078740157 les
127.2755905511811 451.84251968503935 68.31496062992126 13.039370078740157 structures
180.8503937007874 451.84251968503935 68.31496062992126 13.039370078740157 multiples,
229.60629921259843 451.84251968503935 43.93700787401575 13.039370078740157 conçues

18.992125984251967 465.73228346456693 31.748031496062993 11.05511811023622 en
34.86614173228347 465.73228346456693 42.51968503937008 11.05511811023622 leur
61.511811023622045 465.73228346456693 42.51968503937008 11.05511811023622 plus
88.15748031496064 465.73228346456693 53.00787401574803 11.05511811023622 simple
125.29133858267717 465.73228346456693 79.65354330708661 11.05511811023622 expression,
189.0708661417323 465.73228346456693 42.51968503937008 11.05511811023622 sont
210.33070866141733 465.73228346456693 63.77952755905512 11.05511811023622 créatrices

18.992125984251967 479.33858267716533 40.818897637795274 11.905511811023622 d’un
44.503937007874015 479.33858267716533 51.023622047244096 11.905511811023622 espace
80.22047244094489 479.33858267716533 107.14960629921259 11.905511811023622 pluridimensionnel
172.06299212598427 479.33858267716533 45.92125984251968 11.905511811023622 ayant
202.6771653543307 479.33858267716533 45.92125984251968 11.905511811023622 prise
228.18897637795277 479.33858267716533 45.92125984251968 11.905511811023622 directe

18.708661417322833 487.84251968503935 39.968503937007874 14.740157480314961 avec
43.93700787401575 487.84251968503935 70.01574803149606 14.740157480314961 l’ambiance
98.92913385826772 487.84251968503935 70.01574803149606 14.740157480314961 naturelle.
153.92125984251967 487.84251968503935 39.968503937007874 14.740157480314961 Cela
178.86614173228347 487.84251968503935 60.09448818897638 14.740157480314961 explique
219.11811023622047 487.84251968503935 54.99212598425197 14.740157480314961 l’intérêt

18.4251968503937 501.73228346456693 94.39370078740157 13.32283464566929 architectural
96.37795275590551 501.73228346456693 38.83464566929134 13.32283464566929 que
118.48818897637796 501.73228346456693 44.503937007874015 13.32283464566929 peut
146.26771653543307 501.73228346456693 66.61417322834646 13.32283464566929 susciter
196.15748031496062 501.73228346456693 33.16535433070866 13.32283464566929 sa
207.21259842519686 501.73228346456693 66.61417322834646 13.32283464566929 sculpture,

18.4251968503937 512.503937007874 74.55118110236221 13.32283464566929 engendrant
77.10236220472441 512.503937007874 32.031496062992126 13.32283464566929 un
92.97637795275591 512.503937007874 58.67716535433071 13.32283464566929 rapport
135.7795275590551 512.503937007874 63.77952755905512 13.32283464566929 immédiat
183.68503937007873 512.503937007874 47.90551181102362 13.32283464566929 entre
215.43307086614172 512.503937007874 32.031496062992126 13.32283464566929 le
226.20472440944883 512.503937007874 47.90551181102362 13.32283464566929 milieu,

19.275590551181104 524.4094488188977 30.04724409448819 14.173228346456693 le
34.2992125984252 524.4094488188977 74.83464566929133 14.173228346456693 géométrisme
94.39370078740157 524.4094488188977 34.86614173228347 14.173228346456693 des
114.23622047244095 524.4094488188977 49.889763779527556 14.173228346456693 formes
149.38582677165354 524.4094488188977 30.04724409448819 14.173228346456693 et
164.1259842519685 524.4094488188977 30.04724409448819 14.173228346456693 la
179.1496062992126 524.4094488188977 59.811023622047244 14.173228346456693 couleur.
219.11811023622047 524.4094488188977 54.99212598425197 14.173228346456693 L’artiste

17.858267716535433 536.8818897637796 33.44881889763779 13.039370078740157 se
34.58267716535433 536.8818897637796 55.55905511811024 13.039370078740157 réfère
73.7007874015748 536.8818897637796 72.28346456692914 13.039370078740157 également
129.25984251968504 536.8818897637796 33.44881889763779 13.039370078740157 au
145.98425196850394 536.8818897637796 61.22834645669291 13.039370078740157 pouvoir
190.48818897637796 536.8818897637796 39.118110236220474 13.039370078740157 que
212.88188976377953 536.8818897637796 61.22834645669291 13.039370078740157 possède
251.71653543307087 536.8818897637796 22.393700787401574 13.039370078740157 la

18.4251968503937 547.6535433070866 56.69291338582677 13.88976377952756 pureté
58.110236220472444 547.6535433070866 51.023622047244096 13.88976377952756 d’une
92.1259842519685 547.6535433070866 62.36220472440945 13.88976377952756 couleur
137.48031496062993 547.6535433070866 79.37007874015748 13.88976377952756 monochrome
200.1259842519685 547.6535433070866 28.346456692913385 13.88976377952756 à
211.46456692913387 547.6535433070866 62.36220472440945 13.88976377952756 exalter
251.1496062992126 547.6535433070866 22.677165354330707 13.88976377952756 la

18.141732283464567 561.2598425196851 81.92125984251969 10.204724409448819 consistance
83.62204724409449 561.2598425196851 32.881889763779526 10.204724409448819 du
100.06299212598425 561.2598425196851 60.09448818897638 10.204724409448819 volume.
143.71653543307087 561.2598425196851 32.881889763779526 10.204724409448819 La
160.15748031496062 561.2598425196851 49.039370078740156 10.204724409448819 masse
192.75590551181102 561.2598425196851 70.86614173228347 10.204724409448819 magnifiée
241.79527559055117 561.2598425196851 32.881889763779526 10.204724409448819 dans

18.992125984251967 571.7480314960629 66.33070866141732 13.32283464566929 l’espace,
70.01574803149606 571.7480314960629 35.71653543307087 13.32283464566929 par
90.4251968503937 571.7480314960629 30.614173228346456 13.32283464566929 le
105.73228346456693 571.7480314960629 61.22834645669291 13.32283464566929 dialogue
151.6535433070866 571.7480314960629 51.023622047244096 13.32283464566929 entamé
187.37007874015748 571.7480314960629 45.92125984251968 13.32283464566929 entre
212.88188976377953 571.7480314960629 61.22834645669291 13.32283464566929 l’ambiance

17.858267716535433 585.9212598425197 32.881889763779526 13.88976377952756 et
34.2992125984252 585.9212598425197 38.267716535433074 13.88976377952756 les
56.125984251968504 585.9212598425197 60.09448818897638 13.88976377952756 valeurs
99.77952755905511 585.9212598425197 87.30708661417323 13.88976377952756 chromatiques
170.64566929133858 585.9212598425197 70.86614173228347 13.88976377952756 sensibles
225.35433070866142 585.9212598425197 38.267716535433074 13.88976377952756 aux
241.51181102362204 585.9212598425197 32.881889763779526 13.88976377952756 feux

17.858267716535433 597.2598425196851 71.14960629921259 13.32283464566929 variables
72.56692913385827 597.2598425196851 32.881889763779526 13.32283464566929 de
89.00787401574803 597.2598425196851 32.881889763779526 13.32283464566929 la
105.44881889763779 597.2598425196851 54.70866141732284 13.32283464566929 source
143.71653543307087 597.2598425196851 76.53543307086615 13.32283464566929 lumineuse,
203.81102362204723 597.2598425196851 43.653543307086615 13.32283464566929 crée
231.30708661417322 597.2598425196851 32.881889763779526 13.32283464566929 un
242.07874015748033 597.2598425196851 32.881889763779526 13.32283464566929 uni-

17.858267716535433 607.4645669291339 41.95275590551181 15.590551181102363 vers
43.93700787401575 607.4645669291339 73.41732283464567 15.590551181102363 suggestif,
101.76377952755905 607.4645669291339 62.92913385826772 15.590551181102363 étranger
148.8188976377953 607.4645669291339 26.362204724409448 15.590551181102363 à
159.30708661417322 607.4645669291339 47.338582677165356 15.590551181102363 toute
190.77165354330708 607.4645669291339 52.44094488188976 15.590551181102363 espèce
222.23622047244095 607.4645669291339 52.44094488188976 15.590551181102363 d’esthé-

17.291338582677167 619.3700787401575 50.173228346456696 16.440944881889763 tisme
50.74015748031496 619.3700787401575 33.44881889763779 16.440944881889763 ou
67.46456692913385 619.3700787401575 33.44881889763779 16.440944881889763 de
78.80314960629921 619.3700787401575 94.67716535433071 16.440944881889763 sentimentalité.

11.05511811023622 643.1811023622047 23.811023622047244 13.606299212598426 42
