<alto xmlns:xsi="http://www.w3.org/2001/XMLSchema-instance" xmlns="http://www.loc.gov/standards/alto/ns-v2#" xmlns:page="http://schema.primaresearch.org/PAGE/gts/pagecontent/2013-07-15" xsi:schemaLocation="http://www.loc.gov/standards/alto/ns-v2# http://www.loc.gov/standards/alto/alto.xsd">
  <Description>
    <MeasurementUnit>pixel</MeasurementUnit>
    <sourceImageInformation>
         <fileName>Cat_Paris_1969-0185.xml</fileName>
      </sourceImageInformation>
    <OCRProcessing ID="IdOcr">
      <ocrProcessingStep>
        <processingDateTime>2020-07-06T17:34:08.384+02:00</processingDateTime>
        <processingSoftware>
               <softwareCreator>CONTRIBUTORS</softwareCreator>
               <softwareName>pdfalto</softwareName>
               <softwareVersion>0.1</softwareVersion>
            </processingSoftware>
      </ocrProcessingStep>
    </OCRProcessing>
  </Description>
  <Styles>
     <TextStyle ID="FONT0" FONTFAMILY="unknown" FONTSIZE="unknown" FONTTYPE="unknown" FONTWIDTH="unknown" FONTCOLOR="unknown" FONTSTYLE=""/>
     <TextStyle ID="FONT1" FONTFAMILY="unknown" FONTSIZE="unknown" FONTTYPE="unknown" FONTWIDTH="unknown" FONTCOLOR="unknown" FONTSTYLE="bold"/>
     <TextStyle ID="FONT2" FONTFAMILY="unknown" FONTSIZE="unknown" FONTTYPE="unknown" FONTWIDTH="unknown" FONTCOLOR="unknown" FONTSTYLE="italics"/>
</Styles>
  <Tags/>
  <Layout>
    <Page ID="Page1" PHYSICAL_IMG_NR="1" HEIGHT="659.0551181102362" WIDTH="301.03937007874015">
      <PrintSpace HEIGHT="658.7716535433071" WIDTH="280.62992125984255" VPOS="0.0" HPOS="0.0">
        <TextBlock ID="r_1_1" HEIGHT="19.275590551181104" WIDTH="241.51181102362204" VPOS="19.84251968503937" HPOS="12.188976377952756">
          <TextLine ID="tl_1" BASELINE="148" HEIGHT="24.094488188976378" WIDTH="244.62992125984252" VPOS="17.858267716535433" HPOS="10.771653543307087">
            <String HEIGHT="24.094488188976378" WIDTH="177.16535433070865" VPOS="17.858267716535433" HPOS="2.267716535433071" CONTENT="&lt;b&gt;MANIFESTATIONS" ID="tl_1_1" STYLEREFS="FONT1"/>
            <SP HEIGHT="24.094488188976378" WIDTH="8.503937007874017" VPOS="17.858267716535433" HPOS="179.43307086614172"/>
            <String HEIGHT="24.094488188976378" WIDTH="109.7007874015748" VPOS="17.858267716535433" HPOS="145.70078740157481" CONTENT="ANNEXES&lt;/b&gt;" ID="tl_1_2" STYLEREFS="FONT1"/>
          </TextLine>
        </TextBlock>
        <TextBlock ID="r_2_1" HEIGHT="17.291338582677167" WIDTH="246.04724409448818" VPOS="56.125984251968504" HPOS="32.31496062992126">
          <TextLine ID="tl_2" BASELINE="263" HEIGHT="18.992125984251967" WIDTH="248.5984251968504" VPOS="55.55905511811024" HPOS="31.181102362204726">
            <String HEIGHT="18.992125984251967" WIDTH="64.62992125984252" VPOS="55.55905511811024" HPOS="26.078740157480315" CONTENT="&lt;b&gt;CENTRE" ID="tl_2_1" STYLEREFS="FONT1"/>
            <SP HEIGHT="18.992125984251967" WIDTH="5.102362204724409" VPOS="55.55905511811024" HPOS="90.70866141732283"/>
            <String HEIGHT="18.992125984251967" WIDTH="64.62992125984252" VPOS="55.55905511811024" HPOS="75.96850393700787" CONTENT="AMERICAIN" ID="tl_2_2" STYLEREFS="FONT1"/>
            <SP HEIGHT="18.992125984251967" WIDTH="5.102362204724409" VPOS="55.55905511811024" HPOS="140.5984251968504"/>
            <String HEIGHT="18.992125984251967" WIDTH="39.68503937007874" VPOS="55.55905511811024" HPOS="125.5748031496063" CONTENT="POUR" ID="tl_2_3" STYLEREFS="FONT1"/>
            <SP HEIGHT="18.992125984251967" WIDTH="5.102362204724409" VPOS="55.55905511811024" HPOS="165.54330708661416"/>
            <String HEIGHT="18.992125984251967" WIDTH="64.62992125984252" VPOS="55.55905511811024" HPOS="150.51968503937007" CONTENT="ETUDIANTS" ID="tl_2_4" STYLEREFS="FONT1"/>
            <SP HEIGHT="18.992125984251967" WIDTH="5.102362204724409" VPOS="55.55905511811024" HPOS="215.1496062992126"/>
            <String HEIGHT="18.992125984251967" WIDTH="29.763779527559056" VPOS="55.55905511811024" HPOS="200.1259842519685" CONTENT="ET" ID="tl_2_5" STYLEREFS="FONT1"/>
            <SP HEIGHT="18.992125984251967" WIDTH="5.102362204724409" VPOS="55.55905511811024" HPOS="230.17322834645668"/>
            <String HEIGHT="18.992125984251967" WIDTH="69.73228346456693" VPOS="55.55905511811024" HPOS="210.04724409448818" CONTENT="ARTISTES&lt;/b&gt;" ID="tl_2_6" STYLEREFS="FONT1"/>
          </TextLine>
        </TextBlock>
        <TextBlock ID="r_2_2" HEIGHT="46.20472440944882" WIDTH="198.99212598425197" VPOS="69.73228346456693" HPOS="58.39370078740158">
          <TextLine ID="tl_3" BASELINE="307" HEIGHT="20.409448818897637" WIDTH="201.54330708661416" VPOS="66.61417322834646" HPOS="56.976377952755904">
            <String HEIGHT="20.409448818897637" WIDTH="35.71653543307087" VPOS="66.61417322834646" HPOS="52.44094488188976" CONTENT="261," ID="tl_3_1" STYLEREFS="FONT0"/>
            <SP HEIGHT="20.409448818897637" WIDTH="4.535433070866142" VPOS="66.61417322834646" HPOS="88.44094488188976"/>
            <String HEIGHT="20.409448818897637" WIDTH="58.110236220472444" VPOS="66.61417322834646" HPOS="74.83464566929133" CONTENT="boulevard" ID="tl_3_2" STYLEREFS="FONT0"/>
            <SP HEIGHT="20.409448818897637" WIDTH="4.535433070866142" VPOS="66.61417322834646" HPOS="133.22834645669292"/>
            <String HEIGHT="20.409448818897637" WIDTH="53.85826771653543" VPOS="66.61417322834646" HPOS="119.62204724409449" CONTENT="Raspail," ID="tl_3_3" STYLEREFS="FONT0"/>
            <SP HEIGHT="20.409448818897637" WIDTH="4.535433070866142" VPOS="66.61417322834646" HPOS="173.48031496062993"/>
            <String HEIGHT="20.409448818897637" WIDTH="40.25196850393701" VPOS="66.61417322834646" HPOS="159.8740157480315" CONTENT="Paris" ID="tl_3_4" STYLEREFS="FONT0"/>
            <SP HEIGHT="20.409448818897637" WIDTH="4.535433070866142" VPOS="66.61417322834646" HPOS="200.40944881889763"/>
            <String HEIGHT="20.409448818897637" WIDTH="40.25196850393701" VPOS="66.61417322834646" HPOS="186.8031496062992" CONTENT="(14e)" ID="tl_3_5" STYLEREFS="FONT0"/>
            <SP HEIGHT="20.409448818897637" WIDTH="4.535433070866142" VPOS="66.61417322834646" HPOS="227.0551181102362"/>
            <String HEIGHT="20.409448818897637" WIDTH="22.393700787401574" VPOS="66.61417322834646" HPOS="213.73228346456693" CONTENT="—" ID="tl_3_6" STYLEREFS="FONT0"/>
            <SP HEIGHT="20.409448818897637" WIDTH="4.535433070866142" VPOS="66.61417322834646" HPOS="236.1259842519685"/>
            <String HEIGHT="20.409448818897637" WIDTH="40.25196850393701" VPOS="66.61417322834646" HPOS="218.26771653543307" CONTENT="0339992" ID="tl_3_7" STYLEREFS="FONT0"/>
          </TextLine>
          <TextLine ID="tl_4" BASELINE="348" HEIGHT="18.4251968503937" WIDTH="175.46456692913387" VPOS="80.22047244094489" HPOS="71.14960629921259">
            <String HEIGHT="18.4251968503937" WIDTH="68.31496062992126" VPOS="80.22047244094489" HPOS="66.33070866141732" CONTENT="Exposition" ID="tl_4_1" STYLEREFS="FONT0"/>
            <SP HEIGHT="18.4251968503937" WIDTH="4.818897637795276" VPOS="80.22047244094489" HPOS="134.64566929133858"/>
            <String HEIGHT="18.4251968503937" WIDTH="29.19685039370079" VPOS="80.22047244094489" HPOS="119.90551181102362" CONTENT="du" ID="tl_4_2" STYLEREFS="FONT0"/>
            <SP HEIGHT="18.4251968503937" WIDTH="4.818897637795276" VPOS="80.22047244094489" HPOS="149.10236220472441"/>
            <String HEIGHT="18.4251968503937" WIDTH="34.01574803149607" VPOS="80.22047244094489" HPOS="134.64566929133858" CONTENT="1er" ID="tl_4_3" STYLEREFS="FONT0"/>
            <SP HEIGHT="18.4251968503937" WIDTH="4.818897637795276" VPOS="80.22047244094489" HPOS="168.66141732283464"/>
            <String HEIGHT="18.4251968503937" WIDTH="29.19685039370079" VPOS="80.22047244094489" HPOS="153.92125984251967" CONTENT="au" ID="tl_4_4" STYLEREFS="FONT0"/>
            <SP HEIGHT="18.4251968503937" WIDTH="4.818897637795276" VPOS="80.22047244094489" HPOS="183.11811023622047"/>
            <String HEIGHT="18.4251968503937" WIDTH="29.19685039370079" VPOS="80.22047244094489" HPOS="168.66141732283464" CONTENT="15" ID="tl_4_5" STYLEREFS="FONT0"/>
            <SP HEIGHT="18.4251968503937" WIDTH="4.818897637795276" VPOS="80.22047244094489" HPOS="197.85826771653544"/>
            <String HEIGHT="18.4251968503937" WIDTH="53.574803149606296" VPOS="80.22047244094489" HPOS="183.11811023622047" CONTENT="octobre" ID="tl_4_6" STYLEREFS="FONT0"/>
            <SP HEIGHT="18.4251968503937" WIDTH="4.818897637795276" VPOS="80.22047244094489" HPOS="236.9763779527559"/>
            <String HEIGHT="18.4251968503937" WIDTH="29.19685039370079" VPOS="80.22047244094489" HPOS="217.41732283464566" CONTENT="1969" ID="tl_4_7" STYLEREFS="FONT0"/>
          </TextLine>
          <TextLine ID="tl_5" BASELINE="388" HEIGHT="17.858267716535433" WIDTH="191.0551181102362" VPOS="92.1259842519685" HPOS="62.07874015748032">
            <String HEIGHT="17.858267716535433" WIDTH="65.19685039370079" VPOS="92.1259842519685" HPOS="57.54330708661417" CONTENT="Vernissage" ID="tl_5_1" STYLEREFS="FONT0"/>
            <SP HEIGHT="17.858267716535433" WIDTH="4.535433070866142" VPOS="92.1259842519685" HPOS="122.74015748031496"/>
            <String HEIGHT="17.858267716535433" WIDTH="28.062992125984252" VPOS="92.1259842519685" HPOS="108.56692913385827" CONTENT="le" ID="tl_5_2" STYLEREFS="FONT0"/>
            <SP HEIGHT="17.858267716535433" WIDTH="4.535433070866142" VPOS="92.1259842519685" HPOS="136.62992125984252"/>
            <String HEIGHT="17.858267716535433" WIDTH="55.84251968503937" VPOS="92.1259842519685" HPOS="122.74015748031496" CONTENT="mercredi" ID="tl_5_3" STYLEREFS="FONT0"/>
            <SP HEIGHT="17.858267716535433" WIDTH="4.535433070866142" VPOS="92.1259842519685" HPOS="178.58267716535434"/>
            <String HEIGHT="17.858267716535433" WIDTH="32.59842519685039" VPOS="92.1259842519685" HPOS="164.69291338582678" CONTENT="Ier" ID="tl_5_4" STYLEREFS="FONT0"/>
            <SP HEIGHT="17.858267716535433" WIDTH="4.535433070866142" VPOS="92.1259842519685" HPOS="197.29133858267716"/>
            <String HEIGHT="17.858267716535433" WIDTH="51.30708661417323" VPOS="92.1259842519685" HPOS="183.11811023622047" CONTENT="octobre" ID="tl_5_5" STYLEREFS="FONT0"/>
            <SP HEIGHT="17.858267716535433" WIDTH="4.535433070866142" VPOS="92.1259842519685" HPOS="234.4251968503937"/>
            <String HEIGHT="17.858267716535433" WIDTH="23.244094488188978" VPOS="92.1259842519685" HPOS="220.53543307086613" CONTENT="à" ID="tl_5_6" STYLEREFS="FONT0"/>
            <SP HEIGHT="17.858267716535433" WIDTH="4.535433070866142" VPOS="92.1259842519685" HPOS="243.7795275590551"/>
            <String HEIGHT="17.858267716535433" WIDTH="28.062992125984252" VPOS="92.1259842519685" HPOS="229.88976377952756" CONTENT="21" ID="tl_5_7" STYLEREFS="FONT0"/>
            <SP HEIGHT="17.858267716535433" WIDTH="4.535433070866142" VPOS="92.1259842519685" HPOS="257.6692913385827"/>
            <String HEIGHT="17.858267716535433" WIDTH="13.88976377952756" VPOS="92.1259842519685" HPOS="239.24409448818898" CONTENT="h" ID="tl_5_8" STYLEREFS="FONT0"/>
          </TextLine>
          <TextLine ID="tl_6" BASELINE="423" HEIGHT="17.5748031496063" WIDTH="144.0" VPOS="102.33070866141732" HPOS="86.74015748031496">
            <String HEIGHT="17.5748031496063" WIDTH="39.68503937007874" VPOS="102.33070866141732" HPOS="81.63779527559055" CONTENT="Tous" ID="tl_6_1" STYLEREFS="FONT0"/>
            <SP HEIGHT="17.5748031496063" WIDTH="5.102362204724409" VPOS="102.33070866141732" HPOS="121.60629921259843"/>
            <String HEIGHT="17.5748031496063" WIDTH="34.86614173228347" VPOS="102.33070866141732" HPOS="106.58267716535433" CONTENT="les" ID="tl_6_2" STYLEREFS="FONT0"/>
            <SP HEIGHT="17.5748031496063" WIDTH="5.102362204724409" VPOS="102.33070866141732" HPOS="141.4488188976378"/>
            <String HEIGHT="17.5748031496063" WIDTH="44.78740157480315" VPOS="102.33070866141732" HPOS="126.4251968503937" CONTENT="jours" ID="tl_6_3" STYLEREFS="FONT0"/>
            <SP HEIGHT="17.5748031496063" WIDTH="5.102362204724409" VPOS="102.33070866141732" HPOS="171.21259842519686"/>
            <String HEIGHT="17.5748031496063" WIDTH="29.763779527559056" VPOS="102.33070866141732" HPOS="156.18897637795277" CONTENT="de" ID="tl_6_4" STYLEREFS="FONT0"/>
            <SP HEIGHT="17.5748031496063" WIDTH="5.102362204724409" VPOS="102.33070866141732" HPOS="185.95275590551182"/>
            <String HEIGHT="17.5748031496063" WIDTH="29.763779527559056" VPOS="102.33070866141732" HPOS="171.21259842519686" CONTENT="12" ID="tl_6_5" STYLEREFS="FONT0"/>
            <SP HEIGHT="17.5748031496063" WIDTH="5.102362204724409" VPOS="102.33070866141732" HPOS="200.9763779527559"/>
            <String HEIGHT="17.5748031496063" WIDTH="24.944881889763778" VPOS="102.33070866141732" HPOS="185.95275590551182" CONTENT="h" ID="tl_6_6" STYLEREFS="FONT0"/>
            <SP HEIGHT="17.5748031496063" WIDTH="5.102362204724409" VPOS="102.33070866141732" HPOS="210.89763779527559"/>
            <String HEIGHT="17.5748031496063" WIDTH="24.944881889763778" VPOS="102.33070866141732" HPOS="195.8740157480315" CONTENT="à" ID="tl_6_7" STYLEREFS="FONT0"/>
            <SP HEIGHT="17.5748031496063" WIDTH="5.102362204724409" VPOS="102.33070866141732" HPOS="220.8188976377953"/>
            <String HEIGHT="17.5748031496063" WIDTH="29.763779527559056" VPOS="102.33070866141732" HPOS="205.79527559055117" CONTENT="23" ID="tl_6_8" STYLEREFS="FONT0"/>
            <SP HEIGHT="17.5748031496063" WIDTH="5.102362204724409" VPOS="102.33070866141732" HPOS="235.84251968503938"/>
            <String HEIGHT="17.5748031496063" WIDTH="15.023622047244094" VPOS="102.33070866141732" HPOS="215.71653543307087" CONTENT="h" ID="tl_6_9" STYLEREFS="FONT0"/>
          </TextLine>
        </TextBlock>
        <TextBlock ID="r_2_3" HEIGHT="10.771653543307087" WIDTH="98.07874015748031" VPOS="120.75590551181102" HPOS="109.7007874015748">
          <TextLine ID="tl_7" BASELINE="482" HEIGHT="17.5748031496063" WIDTH="100.91338582677166" VPOS="119.05511811023622" HPOS="108.56692913385827">
            <String HEIGHT="17.5748031496063" WIDTH="48.188976377952756" VPOS="119.05511811023622" HPOS="104.31496062992126" CONTENT="&lt;b&gt;WORK" ID="tl_7_1" STYLEREFS="FONT1"/>
            <SP HEIGHT="17.5748031496063" WIDTH="4.251968503937008" VPOS="119.05511811023622" HPOS="152.50393700787401"/>
            <String HEIGHT="17.5748031496063" WIDTH="26.362204724409448" VPOS="119.05511811023622" HPOS="139.1811023622047" CONTENT="IN" ID="tl_7_2" STYLEREFS="FONT1"/>
            <SP HEIGHT="17.5748031496063" WIDTH="4.251968503937008" VPOS="119.05511811023622" HPOS="165.54330708661416"/>
            <String HEIGHT="17.5748031496063" WIDTH="61.511811023622045" VPOS="119.05511811023622" HPOS="147.96850393700788" CONTENT="PROGRESS&lt;/b&gt;" ID="tl_7_3" STYLEREFS="FONT1"/>
          </TextLine>
        </TextBlock>
        <TextBlock ID="r_2_4" HEIGHT="28.62992125984252" WIDTH="247.748031496063" VPOS="132.09448818897638" HPOS="30.04724409448819">
          <TextLine ID="tl_8" BASELINE="533" HEIGHT="22.11023622047244" WIDTH="248.88188976377953" VPOS="128.9763779527559" HPOS="30.04724409448819">
            <String HEIGHT="22.11023622047244" WIDTH="28.062992125984252" VPOS="128.9763779527559" HPOS="25.228346456692915" CONTENT="Il" ID="tl_8_1" STYLEREFS="FONT0"/>
            <SP HEIGHT="22.11023622047244" WIDTH="4.818897637795276" VPOS="128.9763779527559" HPOS="53.574803149606296"/>
            <String HEIGHT="22.11023622047244" WIDTH="37.7007874015748" VPOS="128.9763779527559" HPOS="39.40157480314961" CONTENT="nous" ID="tl_8_2" STYLEREFS="FONT0"/>
            <SP HEIGHT="22.11023622047244" WIDTH="4.818897637795276" VPOS="128.9763779527559" HPOS="77.10236220472441"/>
            <String HEIGHT="22.11023622047244" WIDTH="23.52755905511811" VPOS="128.9763779527559" HPOS="62.92913385826772" CONTENT="a" ID="tl_8_3" STYLEREFS="FONT0"/>
            <SP HEIGHT="22.11023622047244" WIDTH="4.818897637795276" VPOS="128.9763779527559" HPOS="86.45669291338582"/>
            <String HEIGHT="22.11023622047244" WIDTH="47.05511811023622" VPOS="128.9763779527559" HPOS="72.28346456692914" CONTENT="semblé" ID="tl_8_4" STYLEREFS="FONT0"/>
            <SP HEIGHT="22.11023622047244" WIDTH="4.818897637795276" VPOS="128.9763779527559" HPOS="119.33858267716535"/>
            <String HEIGHT="22.11023622047244" WIDTH="32.881889763779526" VPOS="128.9763779527559" HPOS="105.16535433070867" CONTENT="que" ID="tl_8_5" STYLEREFS="FONT0"/>
            <SP HEIGHT="22.11023622047244" WIDTH="4.818897637795276" VPOS="128.9763779527559" HPOS="138.04724409448818"/>
            <String HEIGHT="22.11023622047244" WIDTH="70.2992125984252" VPOS="128.9763779527559" HPOS="123.8740157480315" CONTENT="l’évolution" ID="tl_8_6" STYLEREFS="FONT0"/>
            <SP HEIGHT="22.11023622047244" WIDTH="4.818897637795276" VPOS="128.9763779527559" HPOS="194.45669291338584"/>
            <String HEIGHT="22.11023622047244" WIDTH="28.062992125984252" VPOS="128.9763779527559" HPOS="180.28346456692913" CONTENT="de" ID="tl_8_7" STYLEREFS="FONT0"/>
            <SP HEIGHT="22.11023622047244" WIDTH="4.818897637795276" VPOS="128.9763779527559" HPOS="208.62992125984252"/>
            <String HEIGHT="22.11023622047244" WIDTH="42.23622047244095" VPOS="128.9763779527559" HPOS="194.45669291338584" CONTENT="l’art" ID="tl_8_8" STYLEREFS="FONT0"/>
            <SP HEIGHT="22.11023622047244" WIDTH="4.818897637795276" VPOS="128.9763779527559" HPOS="236.69291338582678"/>
            <String HEIGHT="22.11023622047244" WIDTH="56.40944881889764" VPOS="128.9763779527559" HPOS="222.51968503937007" CONTENT="exigeait" ID="tl_8_9" STYLEREFS="FONT0"/>
            <SP HEIGHT="22.11023622047244" WIDTH="4.818897637795276" VPOS="128.9763779527559" HPOS="278.92913385826773"/>
            <String HEIGHT="22.11023622047244" WIDTH="18.708661417322833" VPOS="128.9763779527559" HPOS="260.2204724409449" CONTENT="la" ID="tl_8_10" STYLEREFS="FONT0"/>
          </TextLine>
          <TextLine ID="tl_9" BASELINE="563" HEIGHT="17.007874015748033" WIDTH="250.01574803149606" VPOS="142.58267716535434" HPOS="29.19685039370079">
            <String HEIGHT="17.007874015748033" WIDTH="61.22834645669291" VPOS="142.58267716535434" HPOS="24.37795275590551" CONTENT="recherche" ID="tl_9_1" STYLEREFS="FONT0"/>
            <SP HEIGHT="17.007874015748033" WIDTH="4.818897637795276" VPOS="142.58267716535434" HPOS="85.88976377952756"/>
            <String HEIGHT="17.007874015748033" WIDTH="42.51968503937008" VPOS="142.58267716535434" HPOS="71.71653543307086" CONTENT="d’une" ID="tl_9_2" STYLEREFS="FONT0"/>
            <SP HEIGHT="17.007874015748033" WIDTH="4.818897637795276" VPOS="142.58267716535434" HPOS="114.23622047244095"/>
            <String HEIGHT="17.007874015748033" WIDTH="56.69291338582677" VPOS="142.58267716535434" HPOS="100.06299212598425" CONTENT="nouvelle" ID="tl_9_3" STYLEREFS="FONT0"/>
            <SP HEIGHT="17.007874015748033" WIDTH="4.818897637795276" VPOS="142.58267716535434" HPOS="156.4724409448819"/>
            <String HEIGHT="17.007874015748033" WIDTH="75.4015748031496" VPOS="142.58267716535434" HPOS="142.29921259842519" CONTENT="présentation" ID="tl_9_4" STYLEREFS="FONT0"/>
            <SP HEIGHT="17.007874015748033" WIDTH="4.818897637795276" VPOS="142.58267716535434" HPOS="217.98425196850394"/>
            <String HEIGHT="17.007874015748033" WIDTH="28.346456692913385" VPOS="142.58267716535434" HPOS="203.81102362204723" CONTENT="du" ID="tl_9_5" STYLEREFS="FONT0"/>
            <SP HEIGHT="17.007874015748033" WIDTH="4.818897637795276" VPOS="142.58267716535434" HPOS="232.15748031496062"/>
            <String HEIGHT="17.007874015748033" WIDTH="42.51968503937008" VPOS="142.58267716535434" HPOS="217.98425196850394" CONTENT="«fait" ID="tl_9_6" STYLEREFS="FONT0"/>
            <SP HEIGHT="17.007874015748033" WIDTH="4.818897637795276" VPOS="142.58267716535434" HPOS="260.2204724409449"/>
            <String HEIGHT="17.007874015748033" WIDTH="37.7007874015748" VPOS="142.58267716535434" HPOS="241.51181102362204" CONTENT="artis" SUBS_TYPE="HypPart1" SUBS_CONTENT="artistique" ID="tl_9_7" STYLEREFS="FONT0"/>
            <HYP CONTENT="-"/>
          </TextLine>
          <TextLine ID="tl_10" BASELINE="567" HEIGHT="11.338582677165354" WIDTH="33.16535433070866" VPOS="149.38582677165354" HPOS="28.913385826771652">
            <String HEIGHT="11.338582677165354" WIDTH="37.41732283464567" VPOS="149.38582677165354" HPOS="24.661417322834644" CONTENT="tique" SUBS_TYPE="HypPart2" SUBS_CONTENT="artistique" ID="tl_10_1" STYLEREFS="FONT0"/>
            <SP HEIGHT="11.338582677165354" WIDTH="4.251968503937008" VPOS="149.38582677165354" HPOS="62.07874015748032"/>
            <String HEIGHT="11.338582677165354" WIDTH="16.724409448818896" VPOS="149.38582677165354" HPOS="45.63779527559055" CONTENT="»." ID="tl_10_2" STYLEREFS="FONT0"/>
          </TextLine>
        </TextBlock>
        <TextBlock ID="r_2_5" HEIGHT="96.09448818897638" WIDTH="249.4488188976378" VPOS="160.44094488188978" HPOS="28.062992125984252">
          <TextLine ID="tl_11" BASELINE="628" HEIGHT="18.708661417322833" WIDTH="250.01574803149606" VPOS="159.30708661417322" HPOS="29.19685039370079">
            <String HEIGHT="18.708661417322833" WIDTH="66.04724409448819" VPOS="159.30708661417322" HPOS="24.37795275590551" CONTENT="L’American" ID="tl_11_1" STYLEREFS="FONT0"/>
            <SP HEIGHT="18.708661417322833" WIDTH="4.818897637795276" VPOS="159.30708661417322" HPOS="90.4251968503937"/>
            <String HEIGHT="18.708661417322833" WIDTH="47.05511811023622" VPOS="159.30708661417322" HPOS="76.25196850393701" CONTENT="Center" ID="tl_11_2" STYLEREFS="FONT0"/>
            <SP HEIGHT="18.708661417322833" WIDTH="4.818897637795276" VPOS="159.30708661417322" HPOS="123.59055118110236"/>
            <String HEIGHT="18.708661417322833" WIDTH="32.881889763779526" VPOS="159.30708661417322" HPOS="109.41732283464567" CONTENT="for" ID="tl_11_3" STYLEREFS="FONT0"/>
            <SP HEIGHT="18.708661417322833" WIDTH="4.818897637795276" VPOS="159.30708661417322" HPOS="142.29921259842519"/>
            <String HEIGHT="18.708661417322833" WIDTH="56.69291338582677" VPOS="159.30708661417322" HPOS="128.1259842519685" CONTENT="Students" ID="tl_11_4" STYLEREFS="FONT0"/>
            <SP HEIGHT="18.708661417322833" WIDTH="4.818897637795276" VPOS="159.30708661417322" HPOS="184.8188976377953"/>
            <String HEIGHT="18.708661417322833" WIDTH="32.881889763779526" VPOS="159.30708661417322" HPOS="170.64566929133858" CONTENT="and" ID="tl_11_5" STYLEREFS="FONT0"/>
            <SP HEIGHT="18.708661417322833" WIDTH="4.818897637795276" VPOS="159.30708661417322" HPOS="203.81102362204723"/>
            <String HEIGHT="18.708661417322833" WIDTH="51.874015748031496" VPOS="159.30708661417322" HPOS="189.63779527559055" CONTENT="Artists" ID="tl_11_6" STYLEREFS="FONT0"/>
            <SP HEIGHT="18.708661417322833" WIDTH="4.818897637795276" VPOS="159.30708661417322" HPOS="241.51181102362204"/>
            <String HEIGHT="18.708661417322833" WIDTH="47.05511811023622" VPOS="159.30708661417322" HPOS="227.33858267716536" CONTENT="mettra" ID="tl_11_7" STYLEREFS="FONT0"/>
            <SP HEIGHT="18.708661417322833" WIDTH="4.818897637795276" VPOS="159.30708661417322" HPOS="274.3937007874016"/>
            <String HEIGHT="18.708661417322833" WIDTH="23.52755905511811" VPOS="159.30708661417322" HPOS="255.68503937007873" CONTENT="ses" ID="tl_11_8" STYLEREFS="FONT0"/>
          </TextLine>
          <TextLine ID="tl_12" BASELINE="666" HEIGHT="19.559055118110237" WIDTH="249.4488188976378" VPOS="169.22834645669292" HPOS="29.19685039370079">
            <String HEIGHT="19.559055118110237" WIDTH="43.08661417322835" VPOS="169.22834645669292" HPOS="24.944881889763778" CONTENT="locaux" ID="tl_12_1" STYLEREFS="FONT0"/>
            <SP HEIGHT="19.559055118110237" WIDTH="4.251968503937008" VPOS="169.22834645669292" HPOS="68.03149606299213"/>
            <String HEIGHT="19.559055118110237" WIDTH="21.543307086614174" VPOS="169.22834645669292" HPOS="54.99212598425197" CONTENT="à" ID="tl_12_2" STYLEREFS="FONT0"/>
            <SP HEIGHT="19.559055118110237" WIDTH="4.251968503937008" VPOS="169.22834645669292" HPOS="76.53543307086615"/>
            <String HEIGHT="19.559055118110237" WIDTH="25.79527559055118" VPOS="169.22834645669292" HPOS="63.496062992125985" CONTENT="la" ID="tl_12_3" STYLEREFS="FONT0"/>
            <SP HEIGHT="19.559055118110237" WIDTH="4.251968503937008" VPOS="169.22834645669292" HPOS="89.29133858267717"/>
            <String HEIGHT="19.559055118110237" WIDTH="64.62992125984252" VPOS="169.22834645669292" HPOS="76.53543307086615" CONTENT="disposition" ID="tl_12_4" STYLEREFS="FONT0"/>
            <SP HEIGHT="19.559055118110237" WIDTH="4.251968503937008" VPOS="169.22834645669292" HPOS="140.88188976377953"/>
            <String HEIGHT="19.559055118110237" WIDTH="25.79527559055118" VPOS="169.22834645669292" HPOS="128.1259842519685" CONTENT="de" ID="tl_12_5" STYLEREFS="FONT0"/>
            <SP HEIGHT="19.559055118110237" WIDTH="4.251968503937008" VPOS="169.22834645669292" HPOS="153.92125984251967"/>
            <String HEIGHT="19.559055118110237" WIDTH="43.08661417322835" VPOS="169.22834645669292" HPOS="140.88188976377953" CONTENT="quinze" ID="tl_12_6" STYLEREFS="FONT0"/>
            <SP HEIGHT="19.559055118110237" WIDTH="4.251968503937008" VPOS="169.22834645669292" HPOS="183.96850393700788"/>
            <String HEIGHT="19.559055118110237" WIDTH="51.59055118110236" VPOS="169.22834645669292" HPOS="171.21259842519686" CONTENT="artistes" ID="tl_12_7" STYLEREFS="FONT0"/>
            <SP HEIGHT="19.559055118110237" WIDTH="4.251968503937008" VPOS="169.22834645669292" HPOS="222.8031496062992"/>
            <String HEIGHT="19.559055118110237" WIDTH="21.543307086614174" VPOS="169.22834645669292" HPOS="209.76377952755905" CONTENT=":" ID="tl_12_8" STYLEREFS="FONT0"/>
            <SP HEIGHT="19.559055118110237" WIDTH="4.251968503937008" VPOS="169.22834645669292" HPOS="231.30708661417322"/>
            <String HEIGHT="19.559055118110237" WIDTH="43.08661417322835" VPOS="169.22834645669292" HPOS="218.5511811023622" CONTENT="chacun" ID="tl_12_9" STYLEREFS="FONT0"/>
            <SP HEIGHT="19.559055118110237" WIDTH="4.251968503937008" VPOS="169.22834645669292" HPOS="261.3543307086614"/>
            <String HEIGHT="19.559055118110237" WIDTH="34.2992125984252" VPOS="169.22834645669292" HPOS="244.3464566929134" CONTENT="dispo" SUBS_TYPE="HypPart1" SUBS_CONTENT="disposera" ID="tl_12_10" STYLEREFS="FONT0"/>
            <HYP CONTENT="-"/>
          </TextLine>
          <TextLine ID="tl_13" BASELINE="685" HEIGHT="14.456692913385826" WIDTH="250.58267716535434" VPOS="179.71653543307087" HPOS="28.062992125984252">
            <String HEIGHT="14.456692913385826" WIDTH="38.55118110236221" VPOS="179.71653543307087" HPOS="23.244094488188978" CONTENT="sera" SUBS_TYPE="HypPart2" SUBS_CONTENT="disposera" ID="tl_13_1" STYLEREFS="FONT0"/>
            <SP HEIGHT="14.456692913385826" WIDTH="4.818897637795276" VPOS="179.71653543307087" HPOS="61.79527559055118"/>
            <String HEIGHT="14.456692913385826" WIDTH="43.37007874015748" VPOS="179.71653543307087" HPOS="47.338582677165356" CONTENT="d’une" ID="tl_13_2" STYLEREFS="FONT0"/>
            <SP HEIGHT="14.456692913385826" WIDTH="4.818897637795276" VPOS="179.71653543307087" HPOS="90.70866141732283"/>
            <String HEIGHT="14.456692913385826" WIDTH="53.00787401574803" VPOS="179.71653543307087" HPOS="76.25196850393701" CONTENT="journée" ID="tl_13_3" STYLEREFS="FONT0"/>
            <SP HEIGHT="14.456692913385826" WIDTH="4.818897637795276" VPOS="179.71653543307087" HPOS="129.25984251968504"/>
            <String HEIGHT="14.456692913385826" WIDTH="53.00787401574803" VPOS="179.71653543307087" HPOS="114.80314960629921" CONTENT="entière" ID="tl_13_4" STYLEREFS="FONT0"/>
            <SP HEIGHT="14.456692913385826" WIDTH="4.818897637795276" VPOS="179.71653543307087" HPOS="167.81102362204723"/>
            <String HEIGHT="14.456692913385826" WIDTH="38.55118110236221" VPOS="179.71653543307087" HPOS="153.35433070866142" CONTENT="pour" ID="tl_13_5" STYLEREFS="FONT0"/>
            <SP HEIGHT="14.456692913385826" WIDTH="4.818897637795276" VPOS="179.71653543307087" HPOS="191.90551181102362"/>
            <String HEIGHT="14.456692913385826" WIDTH="62.645669291338585" VPOS="179.71653543307087" HPOS="177.4488188976378" CONTENT="organiser" ID="tl_13_6" STYLEREFS="FONT0"/>
            <SP HEIGHT="14.456692913385826" WIDTH="4.818897637795276" VPOS="179.71653543307087" HPOS="240.09448818897638"/>
            <String HEIGHT="14.456692913385826" WIDTH="28.913385826771652" VPOS="179.71653543307087" HPOS="225.63779527559055" CONTENT="sa" ID="tl_13_7" STYLEREFS="FONT0"/>
            <SP HEIGHT="14.456692913385826" WIDTH="4.818897637795276" VPOS="179.71653543307087" HPOS="254.5511811023622"/>
            <String HEIGHT="14.456692913385826" WIDTH="43.37007874015748" VPOS="179.71653543307087" HPOS="235.2755905511811" CONTENT="démons" SUBS_TYPE="HypPart1" SUBS_CONTENT="démonstration," ID="tl_13_8" STYLEREFS="FONT0"/>
            <HYP CONTENT="-"/>
          </TextLine>
          <TextLine ID="tl_14" BASELINE="724" HEIGHT="17.291338582677167" WIDTH="250.58267716535434" VPOS="187.93700787401573" HPOS="27.77952755905512">
            <String HEIGHT="17.291338582677167" WIDTH="54.70866141732284" VPOS="187.93700787401573" HPOS="23.244094488188978" CONTENT="tration," SUBS_TYPE="HypPart2" SUBS_CONTENT="démonstration," ID="tl_14_1" STYLEREFS="FONT0"/>
            <SP HEIGHT="17.291338582677167" WIDTH="4.535433070866142" VPOS="187.93700787401573" HPOS="77.95275590551181"/>
            <String HEIGHT="17.291338582677167" WIDTH="36.56692913385827" VPOS="187.93700787401573" HPOS="64.34645669291339" CONTENT="tant" ID="tl_14_2" STYLEREFS="FONT0"/>
            <SP HEIGHT="17.291338582677167" WIDTH="4.535433070866142" VPOS="187.93700787401573" HPOS="100.62992125984252"/>
            <String HEIGHT="17.291338582677167" WIDTH="36.56692913385827" VPOS="187.93700787401573" HPOS="87.02362204724409" CONTENT="dans" ID="tl_14_3" STYLEREFS="FONT0"/>
            <SP HEIGHT="17.291338582677167" WIDTH="4.535433070866142" VPOS="187.93700787401573" HPOS="123.59055118110236"/>
            <String HEIGHT="17.291338582677167" WIDTH="32.031496062992126" VPOS="187.93700787401573" HPOS="109.7007874015748" CONTENT="les" ID="tl_14_4" STYLEREFS="FONT0"/>
            <SP HEIGHT="17.291338582677167" WIDTH="4.535433070866142" VPOS="187.93700787401573" HPOS="141.73228346456693"/>
            <String HEIGHT="17.291338582677167" WIDTH="50.173228346456696" VPOS="187.93700787401573" HPOS="128.1259842519685" CONTENT="jardins" ID="tl_14_5" STYLEREFS="FONT0"/>
            <SP HEIGHT="17.291338582677167" WIDTH="4.535433070866142" VPOS="187.93700787401573" HPOS="178.01574803149606"/>
            <String HEIGHT="17.291338582677167" WIDTH="32.031496062992126" VPOS="187.93700787401573" HPOS="164.40944881889763" CONTENT="que" ID="tl_14_6" STYLEREFS="FONT0"/>
            <SP HEIGHT="17.291338582677167" WIDTH="4.535433070866142" VPOS="187.93700787401573" HPOS="196.44094488188978"/>
            <String HEIGHT="17.291338582677167" WIDTH="36.56692913385827" VPOS="187.93700787401573" HPOS="182.5511811023622" CONTENT="dans" ID="tl_14_7" STYLEREFS="FONT0"/>
            <SP HEIGHT="17.291338582677167" WIDTH="4.535433070866142" VPOS="187.93700787401573" HPOS="219.11811023622047"/>
            <String HEIGHT="17.291338582677167" WIDTH="32.031496062992126" VPOS="187.93700787401573" HPOS="205.51181102362204" CONTENT="les" ID="tl_14_8" STYLEREFS="FONT0"/>
            <SP HEIGHT="17.291338582677167" WIDTH="4.535433070866142" VPOS="187.93700787401573" HPOS="237.25984251968504"/>
            <String HEIGHT="17.291338582677167" WIDTH="50.173228346456696" VPOS="187.93700787401573" HPOS="223.6535433070866" CONTENT="salles," ID="tl_14_9" STYLEREFS="FONT0"/>
            <SP HEIGHT="17.291338582677167" WIDTH="4.535433070866142" VPOS="187.93700787401573" HPOS="273.8267716535433"/>
            <String HEIGHT="17.291338582677167" WIDTH="22.677165354330707" VPOS="187.93700787401573" HPOS="255.68503937007873" CONTENT="son" ID="tl_14_10" STYLEREFS="FONT0"/>
          </TextLine>
          <TextLine ID="tl_15" BASELINE="755" HEIGHT="13.88976377952756" WIDTH="251.1496062992126" VPOS="200.1259842519685" HPOS="27.496062992125985">
            <String HEIGHT="13.88976377952756" WIDTH="46.488188976377955" VPOS="200.1259842519685" HPOS="22.96062992125984" CONTENT="action" ID="tl_15_1" STYLEREFS="FONT0"/>
            <SP HEIGHT="13.88976377952756" WIDTH="4.535433070866142" VPOS="200.1259842519685" HPOS="69.44881889763779"/>
            <String HEIGHT="13.88976377952756" WIDTH="27.77952755905512" VPOS="200.1259842519685" HPOS="55.275590551181104" CONTENT="et" ID="tl_15_2" STYLEREFS="FONT0"/>
            <SP HEIGHT="13.88976377952756" WIDTH="4.535433070866142" VPOS="200.1259842519685" HPOS="83.33858267716535"/>
            <String HEIGHT="13.88976377952756" WIDTH="74.55118110236221" VPOS="200.1259842519685" HPOS="69.44881889763779" CONTENT="l’exposition" ID="tl_15_3" STYLEREFS="FONT0"/>
            <SP HEIGHT="13.88976377952756" WIDTH="4.535433070866142" VPOS="200.1259842519685" HPOS="143.71653543307087"/>
            <String HEIGHT="13.88976377952756" WIDTH="27.77952755905512" VPOS="200.1259842519685" HPOS="129.82677165354332" CONTENT="se" ID="tl_15_4" STYLEREFS="FONT0"/>
            <SP HEIGHT="13.88976377952756" WIDTH="4.535433070866142" VPOS="200.1259842519685" HPOS="157.60629921259843"/>
            <String HEIGHT="13.88976377952756" WIDTH="46.488188976377955" VPOS="200.1259842519685" HPOS="143.71653543307087" CONTENT="mêlant" ID="tl_15_5" STYLEREFS="FONT0"/>
            <SP HEIGHT="13.88976377952756" WIDTH="4.535433070866142" VPOS="200.1259842519685" HPOS="190.20472440944883"/>
            <String HEIGHT="13.88976377952756" WIDTH="37.13385826771653" VPOS="200.1259842519685" HPOS="176.31496062992127" CONTENT="dans" ID="tl_15_6" STYLEREFS="FONT0"/>
            <SP HEIGHT="13.88976377952756" WIDTH="4.535433070866142" VPOS="200.1259842519685" HPOS="213.4488188976378"/>
            <String HEIGHT="13.88976377952756" WIDTH="27.77952755905512" VPOS="200.1259842519685" HPOS="199.55905511811022" CONTENT="ce" ID="tl_15_7" STYLEREFS="FONT0"/>
            <SP HEIGHT="13.88976377952756" WIDTH="4.535433070866142" VPOS="200.1259842519685" HPOS="227.6220472440945"/>
            <String HEIGHT="13.88976377952756" WIDTH="46.488188976377955" VPOS="200.1259842519685" HPOS="213.4488188976378" CONTENT="rythme" ID="tl_15_8" STYLEREFS="FONT0"/>
            <SP HEIGHT="13.88976377952756" WIDTH="4.535433070866142" VPOS="200.1259842519685" HPOS="259.93700787401576"/>
            <String HEIGHT="13.88976377952756" WIDTH="37.13385826771653" VPOS="200.1259842519685" HPOS="241.51181102362204" CONTENT="quoti" SUBS_TYPE="HypPart1" SUBS_CONTENT="quotidien." ID="tl_15_9" STYLEREFS="FONT0"/>
            <HYP CONTENT="-"/>
          </TextLine>
          <TextLine ID="tl_16" BASELINE="791" HEIGHT="14.740157480314961" WIDTH="250.58267716535434" VPOS="209.48031496062993" HPOS="27.77952755905512">
            <String HEIGHT="14.740157480314961" WIDTH="41.10236220472441" VPOS="209.48031496062993" HPOS="23.244094488188978" CONTENT="dien." SUBS_TYPE="HypPart2" SUBS_CONTENT="quotidien." ID="tl_16_1" STYLEREFS="FONT0"/>
            <SP HEIGHT="14.740157480314961" WIDTH="4.535433070866142" VPOS="209.48031496062993" HPOS="64.34645669291339"/>
            <String HEIGHT="14.740157480314961" WIDTH="27.212598425196852" VPOS="209.48031496062993" HPOS="50.45669291338583" CONTENT="Le" ID="tl_16_2" STYLEREFS="FONT0"/>
            <SP HEIGHT="14.740157480314961" WIDTH="4.535433070866142" VPOS="209.48031496062993" HPOS="77.95275590551181"/>
            <String HEIGHT="14.740157480314961" WIDTH="63.77952755905512" VPOS="209.48031496062993" HPOS="64.34645669291339" CONTENT="spectateur" ID="tl_16_3" STYLEREFS="FONT0"/>
            <SP HEIGHT="14.740157480314961" WIDTH="4.535433070866142" VPOS="209.48031496062993" HPOS="128.1259842519685"/>
            <String HEIGHT="14.740157480314961" WIDTH="32.031496062992126" VPOS="209.48031496062993" HPOS="114.23622047244095" CONTENT="est" ID="tl_16_4" STYLEREFS="FONT0"/>
            <SP HEIGHT="14.740157480314961" WIDTH="4.535433070866142" VPOS="209.48031496062993" HPOS="146.26771653543307"/>
            <String HEIGHT="14.740157480314961" WIDTH="45.63779527559055" VPOS="209.48031496062993" HPOS="132.66141732283464" CONTENT="invité" ID="tl_16_5" STYLEREFS="FONT0"/>
            <SP HEIGHT="14.740157480314961" WIDTH="4.535433070866142" VPOS="209.48031496062993" HPOS="178.01574803149606"/>
            <String HEIGHT="14.740157480314961" WIDTH="32.031496062992126" VPOS="209.48031496062993" HPOS="164.40944881889763" CONTENT="non" ID="tl_16_6" STYLEREFS="FONT0"/>
            <SP HEIGHT="14.740157480314961" WIDTH="4.535433070866142" VPOS="209.48031496062993" HPOS="196.44094488188978"/>
            <String HEIGHT="14.740157480314961" WIDTH="32.031496062992126" VPOS="209.48031496062993" HPOS="182.5511811023622" CONTENT="pas" ID="tl_16_7" STYLEREFS="FONT0"/>
            <SP HEIGHT="14.740157480314961" WIDTH="4.535433070866142" VPOS="209.48031496062993" HPOS="214.58267716535434"/>
            <String HEIGHT="14.740157480314961" WIDTH="22.677165354330707" VPOS="209.48031496062993" HPOS="200.9763779527559" CONTENT="à" ID="tl_16_8" STYLEREFS="FONT0"/>
            <SP HEIGHT="14.740157480314961" WIDTH="4.535433070866142" VPOS="209.48031496062993" HPOS="223.6535433070866"/>
            <String HEIGHT="14.740157480314961" WIDTH="36.56692913385827" VPOS="209.48031496062993" HPOS="210.04724409448818" CONTENT="voir" ID="tl_16_9" STYLEREFS="FONT0"/>
            <SP HEIGHT="14.740157480314961" WIDTH="4.535433070866142" VPOS="209.48031496062993" HPOS="246.33070866141733"/>
            <String HEIGHT="14.740157480314961" WIDTH="27.212598425196852" VPOS="209.48031496062993" HPOS="232.7244094488189" CONTENT="un" ID="tl_16_10" STYLEREFS="FONT0"/>
            <SP HEIGHT="14.740157480314961" WIDTH="4.535433070866142" VPOS="209.48031496062993" HPOS="260.2204724409449"/>
            <String HEIGHT="14.740157480314961" WIDTH="36.56692913385827" VPOS="209.48031496062993" HPOS="241.79527559055117" CONTENT="«objet" ID="tl_16_11" STYLEREFS="FONT0"/>
          </TextLine>
          <TextLine ID="tl_17" BASELINE="828" HEIGHT="17.5748031496063" WIDTH="250.58267716535434" VPOS="217.13385826771653" HPOS="27.212598425196852">
            <String HEIGHT="17.5748031496063" WIDTH="36.56692913385827" VPOS="217.13385826771653" HPOS="22.677165354330707" CONTENT="fini" ID="tl_17_1" STYLEREFS="FONT0"/>
            <SP HEIGHT="17.5748031496063" WIDTH="4.535433070866142" VPOS="217.13385826771653" HPOS="59.24409448818898"/>
            <String HEIGHT="17.5748031496063" WIDTH="22.677165354330707" VPOS="217.13385826771653" HPOS="45.354330708661415" CONTENT="»" ID="tl_17_2" STYLEREFS="FONT0"/>
            <SP HEIGHT="17.5748031496063" WIDTH="4.535433070866142" VPOS="217.13385826771653" HPOS="68.31496062992126"/>
            <String HEIGHT="17.5748031496063" WIDTH="36.56692913385827" VPOS="217.13385826771653" HPOS="54.425196850393704" CONTENT="mais" ID="tl_17_3" STYLEREFS="FONT0"/>
            <SP HEIGHT="17.5748031496063" WIDTH="4.535433070866142" VPOS="217.13385826771653" HPOS="90.99212598425197"/>
            <String HEIGHT="17.5748031496063" WIDTH="22.677165354330707" VPOS="217.13385826771653" HPOS="77.38582677165354" CONTENT="à" ID="tl_17_4" STYLEREFS="FONT0"/>
            <SP HEIGHT="17.5748031496063" WIDTH="4.535433070866142" VPOS="217.13385826771653" HPOS="100.06299212598425"/>
            <String HEIGHT="17.5748031496063" WIDTH="45.63779527559055" VPOS="217.13385826771653" HPOS="86.45669291338582" CONTENT="suivre" ID="tl_17_5" STYLEREFS="FONT0"/>
            <SP HEIGHT="17.5748031496063" WIDTH="4.535433070866142" VPOS="217.13385826771653" HPOS="132.09448818897638"/>
            <String HEIGHT="17.5748031496063" WIDTH="27.212598425196852" VPOS="217.13385826771653" HPOS="118.20472440944881" CONTENT="la" ID="tl_17_6" STYLEREFS="FONT0"/>
            <SP HEIGHT="17.5748031496063" WIDTH="4.535433070866142" VPOS="217.13385826771653" HPOS="145.70078740157481"/>
            <String HEIGHT="17.5748031496063" WIDTH="81.92125984251969" VPOS="217.13385826771653" HPOS="132.09448818897638" CONTENT="transformation" ID="tl_17_7" STYLEREFS="FONT0"/>
            <SP HEIGHT="17.5748031496063" WIDTH="4.535433070866142" VPOS="217.13385826771653" HPOS="214.01574803149606"/>
            <String HEIGHT="17.5748031496063" WIDTH="68.31496062992126" VPOS="217.13385826771653" HPOS="200.40944881889763" CONTENT="journalière" ID="tl_17_8" STYLEREFS="FONT0"/>
            <SP HEIGHT="17.5748031496063" WIDTH="4.535433070866142" VPOS="217.13385826771653" HPOS="268.7244094488189"/>
            <String HEIGHT="17.5748031496063" WIDTH="27.212598425196852" VPOS="217.13385826771653" HPOS="250.58267716535434" CONTENT="d’un" ID="tl_17_9" STYLEREFS="FONT0"/>
          </TextLine>
          <TextLine ID="tl_18" BASELINE="860" HEIGHT="17.5748031496063" WIDTH="250.29921259842519" VPOS="226.20472440944883" HPOS="28.062992125984252">
            <String HEIGHT="17.5748031496063" WIDTH="40.25196850393701" VPOS="226.20472440944883" HPOS="23.52755905511811" CONTENT="lieu." ID="tl_18_1" STYLEREFS="FONT0"/>
            <SP HEIGHT="17.5748031496063" WIDTH="4.535433070866142" VPOS="226.20472440944883" HPOS="63.77952755905512"/>
            <String HEIGHT="17.5748031496063" WIDTH="40.25196850393701" VPOS="226.20472440944883" HPOS="50.45669291338583" CONTENT="C’est" ID="tl_18_2" STYLEREFS="FONT0"/>
            <SP HEIGHT="17.5748031496063" WIDTH="4.535433070866142" VPOS="226.20472440944883" HPOS="90.70866141732283"/>
            <String HEIGHT="17.5748031496063" WIDTH="53.574803149606296" VPOS="226.20472440944883" HPOS="77.10236220472441" CONTENT="pourquoi" ID="tl_18_3" STYLEREFS="FONT0"/>
            <SP HEIGHT="17.5748031496063" WIDTH="4.535433070866142" VPOS="226.20472440944883" HPOS="130.96062992125985"/>
            <String HEIGHT="17.5748031496063" WIDTH="35.71653543307087" VPOS="226.20472440944883" HPOS="117.35433070866142" CONTENT="nous" ID="tl_18_4" STYLEREFS="FONT0"/>
            <SP HEIGHT="17.5748031496063" WIDTH="4.535433070866142" VPOS="226.20472440944883" HPOS="153.35433070866142"/>
            <String HEIGHT="17.5748031496063" WIDTH="49.039370078740156" VPOS="226.20472440944883" HPOS="139.748031496063" CONTENT="n’avons" ID="tl_18_5" STYLEREFS="FONT0"/>
            <SP HEIGHT="17.5748031496063" WIDTH="4.535433070866142" VPOS="226.20472440944883" HPOS="189.0708661417323"/>
            <String HEIGHT="17.5748031496063" WIDTH="31.181102362204726" VPOS="226.20472440944883" HPOS="175.46456692913387" CONTENT="pas" ID="tl_18_6" STYLEREFS="FONT0"/>
            <SP HEIGHT="17.5748031496063" WIDTH="4.535433070866142" VPOS="226.20472440944883" HPOS="206.9291338582677"/>
            <String HEIGHT="17.5748031496063" WIDTH="49.039370078740156" VPOS="226.20472440944883" HPOS="193.3228346456693" CONTENT="demandé" ID="tl_18_7" STYLEREFS="FONT0"/>
            <SP HEIGHT="17.5748031496063" WIDTH="4.535433070866142" VPOS="226.20472440944883" HPOS="242.64566929133858"/>
            <String HEIGHT="17.5748031496063" WIDTH="31.181102362204726" VPOS="226.20472440944883" HPOS="229.3228346456693" CONTENT="des" ID="tl_18_8" STYLEREFS="FONT0"/>
            <SP HEIGHT="17.5748031496063" WIDTH="4.535433070866142" VPOS="226.20472440944883" HPOS="260.503937007874"/>
            <String HEIGHT="17.5748031496063" WIDTH="35.71653543307087" VPOS="226.20472440944883" HPOS="242.64566929133858" CONTENT="envois" ID="tl_18_9" STYLEREFS="FONT0"/>
          </TextLine>
          <TextLine ID="tl_19" BASELINE="896" HEIGHT="15.874015748031496" WIDTH="249.73228346456693" VPOS="238.11023622047244" HPOS="26.929133858267715">
            <String HEIGHT="15.874015748031496" WIDTH="60.09448818897638" VPOS="238.11023622047244" HPOS="22.393700787401574" CONTENT="d’œuvres," ID="tl_19_1" STYLEREFS="FONT0"/>
            <SP HEIGHT="15.874015748031496" WIDTH="4.535433070866142" VPOS="238.11023622047244" HPOS="82.48818897637796"/>
            <String HEIGHT="15.874015748031496" WIDTH="37.13385826771653" VPOS="238.11023622047244" HPOS="68.5984251968504" CONTENT="mais" ID="tl_19_2" STYLEREFS="FONT0"/>
            <SP HEIGHT="15.874015748031496" WIDTH="4.535433070866142" VPOS="238.11023622047244" HPOS="105.44881889763779"/>
            <String HEIGHT="15.874015748031496" WIDTH="32.31496062992126" VPOS="238.11023622047244" HPOS="91.55905511811024" CONTENT="des" ID="tl_19_3" STYLEREFS="FONT0"/>
            <SP HEIGHT="15.874015748031496" WIDTH="4.535433070866142" VPOS="238.11023622047244" HPOS="124.15748031496064"/>
            <String HEIGHT="15.874015748031496" WIDTH="73.98425196850394" VPOS="238.11023622047244" HPOS="110.26771653543307" CONTENT="réalisations" ID="tl_19_4" STYLEREFS="FONT0"/>
            <SP HEIGHT="15.874015748031496" WIDTH="4.535433070866142" VPOS="238.11023622047244" HPOS="184.251968503937"/>
            <String HEIGHT="15.874015748031496" WIDTH="69.44881889763779" VPOS="238.11023622047244" HPOS="170.36220472440945" CONTENT="effectuées," ID="tl_19_5" STYLEREFS="FONT0"/>
            <SP HEIGHT="15.874015748031496" WIDTH="4.535433070866142" VPOS="238.11023622047244" HPOS="239.5275590551181"/>
            <String HEIGHT="15.874015748031496" WIDTH="32.31496062992126" VPOS="238.11023622047244" HPOS="225.92125984251967" CONTENT="sur" ID="tl_19_6" STYLEREFS="FONT0"/>
            <SP HEIGHT="15.874015748031496" WIDTH="4.535433070866142" VPOS="238.11023622047244" HPOS="258.23622047244095"/>
            <String HEIGHT="15.874015748031496" WIDTH="37.13385826771653" VPOS="238.11023622047244" HPOS="239.5275590551181" CONTENT="place," ID="tl_19_7" STYLEREFS="FONT0"/>
          </TextLine>
          <TextLine ID="tl_20" BASELINE="920" HEIGHT="16.15748031496063" WIDTH="73.98425196850394" VPOS="244.62992125984252" HPOS="26.64566929133858">
            <String HEIGHT="16.15748031496063" WIDTH="37.13385826771653" VPOS="244.62992125984252" HPOS="22.11023622047244" CONTENT="dans" ID="tl_20_1" STYLEREFS="FONT0"/>
            <SP HEIGHT="16.15748031496063" WIDTH="4.535433070866142" VPOS="244.62992125984252" HPOS="58.960629921259844"/>
            <String HEIGHT="16.15748031496063" WIDTH="27.77952755905512" VPOS="244.62992125984252" HPOS="45.07086614173228" CONTENT="la" ID="tl_20_2" STYLEREFS="FONT0"/>
            <SP HEIGHT="16.15748031496063" WIDTH="4.535433070866142" VPOS="244.62992125984252" HPOS="72.85039370078741"/>
            <String HEIGHT="16.15748031496063" WIDTH="46.20472440944882" VPOS="244.62992125984252" HPOS="54.425196850393704" CONTENT="journée." ID="tl_20_3" STYLEREFS="FONT0"/>
          </TextLine>
        </TextBlock>
        <TextBlock ID="r_3_1" HEIGHT="9.070866141732283" WIDTH="87.59055118110236" VPOS="298.7716535433071" HPOS="112.81889763779527">
          <TextLine ID="tl_21" BASELINE="1093" HEIGHT="13.88976377952756" WIDTH="90.4251968503937" VPOS="295.93700787401576" HPOS="111.4015748031496">
            <String HEIGHT="13.88976377952756" WIDTH="57.54330708661417" VPOS="295.93700787401576" HPOS="107.43307086614173" CONTENT="&lt;b&gt;GALERIE" ID="tl_21_1" STYLEREFS="FONT1"/>
            <SP HEIGHT="13.88976377952756" WIDTH="4.251968503937008" VPOS="295.93700787401576" HPOS="164.9763779527559"/>
            <String HEIGHT="13.88976377952756" WIDTH="53.574803149606296" VPOS="295.93700787401576" HPOS="148.53543307086613" CONTENT="LAMBERT&lt;/b&gt;" ID="tl_21_2" STYLEREFS="FONT1"/>
          </TextLine>
        </TextBlock>
        <TextBlock ID="r_3_2" HEIGHT="55.55905511811024" WIDTH="222.23622047244095" VPOS="310.6771653543307" HPOS="41.669291338582674">
          <TextLine ID="tl_22" BASELINE="1145" HEIGHT="15.023622047244094" WIDTH="219.68503937007873" VPOS="309.54330708661416" HPOS="44.22047244094488">
            <String HEIGHT="15.023622047244094" WIDTH="29.480314960629922" VPOS="309.54330708661416" HPOS="39.968503937007874" CONTENT="14," ID="tl_22_1" STYLEREFS="FONT0"/>
            <SP HEIGHT="15.023622047244094" WIDTH="4.251968503937008" VPOS="309.54330708661416" HPOS="69.44881889763779"/>
            <String HEIGHT="15.023622047244094" WIDTH="29.480314960629922" VPOS="309.54330708661416" HPOS="56.976377952755904" CONTENT="rue" ID="tl_22_2" STYLEREFS="FONT0"/>
            <SP HEIGHT="15.023622047244094" WIDTH="4.251968503937008" VPOS="309.54330708661416" HPOS="86.45669291338582"/>
            <String HEIGHT="15.023622047244094" WIDTH="105.73228346456693" VPOS="309.54330708661416" HPOS="73.7007874015748" CONTENT="Saint-Louis-en-l’Ile," ID="tl_22_3" STYLEREFS="FONT0"/>
            <SP HEIGHT="15.023622047244094" WIDTH="4.251968503937008" VPOS="309.54330708661416" HPOS="179.43307086614172"/>
            <String HEIGHT="15.023622047244094" WIDTH="37.98425196850393" VPOS="309.54330708661416" HPOS="166.6771653543307" CONTENT="Paris" ID="tl_22_4" STYLEREFS="FONT0"/>
            <SP HEIGHT="15.023622047244094" WIDTH="4.251968503937008" VPOS="309.54330708661416" HPOS="204.66141732283464"/>
            <String HEIGHT="15.023622047244094" WIDTH="33.732283464566926" VPOS="309.54330708661416" HPOS="192.18897637795277" CONTENT="(4e)" ID="tl_22_5" STYLEREFS="FONT0"/>
            <SP HEIGHT="15.023622047244094" WIDTH="4.251968503937008" VPOS="309.54330708661416" HPOS="225.92125984251967"/>
            <String HEIGHT="15.023622047244094" WIDTH="21.25984251968504" VPOS="309.54330708661416" HPOS="213.16535433070865" CONTENT="—" ID="tl_22_6" STYLEREFS="FONT0"/>
            <SP HEIGHT="15.023622047244094" WIDTH="4.251968503937008" VPOS="309.54330708661416" HPOS="234.4251968503937"/>
            <String HEIGHT="15.023622047244094" WIDTH="46.488188976377955" VPOS="309.54330708661416" HPOS="217.41732283464566" CONTENT="326.51.09" ID="tl_22_7" STYLEREFS="FONT0"/>
          </TextLine>
          <TextLine ID="tl_23" BASELINE="1186" HEIGHT="14.740157480314961" WIDTH="164.69291338582678" VPOS="321.4488188976378" HPOS="72.85039370078741">
            <String HEIGHT="14.740157480314961" WIDTH="67.74803149606299" VPOS="321.4488188976378" HPOS="68.03149606299213" CONTENT="Exposition" ID="tl_23_1" STYLEREFS="FONT0"/>
            <SP HEIGHT="14.740157480314961" WIDTH="4.818897637795276" VPOS="321.4488188976378" HPOS="135.7795275590551"/>
            <String HEIGHT="14.740157480314961" WIDTH="29.19685039370079" VPOS="321.4488188976378" HPOS="121.32283464566929" CONTENT="du" ID="tl_23_2" STYLEREFS="FONT0"/>
            <SP HEIGHT="14.740157480314961" WIDTH="4.818897637795276" VPOS="321.4488188976378" HPOS="150.23622047244095"/>
            <String HEIGHT="14.740157480314961" WIDTH="24.094488188976378" VPOS="321.4488188976378" HPOS="135.7795275590551" CONTENT="3" ID="tl_23_3" STYLEREFS="FONT0"/>
            <SP HEIGHT="14.740157480314961" WIDTH="4.818897637795276" VPOS="321.4488188976378" HPOS="160.15748031496062"/>
            <String HEIGHT="14.740157480314961" WIDTH="29.19685039370079" VPOS="321.4488188976378" HPOS="145.41732283464566" CONTENT="au" ID="tl_23_4" STYLEREFS="FONT0"/>
            <SP HEIGHT="14.740157480314961" WIDTH="4.818897637795276" VPOS="321.4488188976378" HPOS="174.61417322834646"/>
            <String HEIGHT="14.740157480314961" WIDTH="29.19685039370079" VPOS="321.4488188976378" HPOS="160.15748031496062" CONTENT="31" ID="tl_23_5" STYLEREFS="FONT0"/>
            <SP HEIGHT="14.740157480314961" WIDTH="4.818897637795276" VPOS="321.4488188976378" HPOS="189.0708661417323"/>
            <String HEIGHT="14.740157480314961" WIDTH="53.29133858267716" VPOS="321.4488188976378" HPOS="174.61417322834646" CONTENT="octobre" ID="tl_23_6" STYLEREFS="FONT0"/>
            <SP HEIGHT="14.740157480314961" WIDTH="4.818897637795276" VPOS="321.4488188976378" HPOS="227.90551181102362"/>
            <String HEIGHT="14.740157480314961" WIDTH="29.19685039370079" VPOS="321.4488188976378" HPOS="208.3464566929134" CONTENT="1969" ID="tl_23_7" STYLEREFS="FONT0"/>
          </TextLine>
          <TextLine ID="tl_24" BASELINE="1227" HEIGHT="15.590551181102363" WIDTH="225.0708661417323" VPOS="332.2204724409449" HPOS="40.25196850393701">
            <String HEIGHT="15.590551181102363" WIDTH="67.18110236220473" VPOS="332.2204724409449" HPOS="35.43307086614173" CONTENT="Vernissage" ID="tl_24_1" STYLEREFS="FONT0"/>
            <SP HEIGHT="15.590551181102363" WIDTH="4.818897637795276" VPOS="332.2204724409449" HPOS="102.61417322834646"/>
            <String HEIGHT="15.590551181102363" WIDTH="28.62992125984252" VPOS="332.2204724409449" HPOS="88.15748031496064" CONTENT="le" ID="tl_24_2" STYLEREFS="FONT0"/>
            <SP HEIGHT="15.590551181102363" WIDTH="4.818897637795276" VPOS="332.2204724409449" HPOS="116.78740157480316"/>
            <String HEIGHT="15.590551181102363" WIDTH="57.54330708661417" VPOS="332.2204724409449" HPOS="102.61417322834646" CONTENT="vendredi" ID="tl_24_3" STYLEREFS="FONT0"/>
            <SP HEIGHT="15.590551181102363" WIDTH="4.818897637795276" VPOS="332.2204724409449" HPOS="159.8740157480315"/>
            <String HEIGHT="15.590551181102363" WIDTH="23.811023622047244" VPOS="332.2204724409449" HPOS="145.70078740157481" CONTENT="3" ID="tl_24_4" STYLEREFS="FONT0"/>
            <SP HEIGHT="15.590551181102363" WIDTH="4.818897637795276" VPOS="332.2204724409449" HPOS="169.51181102362204"/>
            <String HEIGHT="15.590551181102363" WIDTH="52.724409448818896" VPOS="332.2204724409449" HPOS="155.0551181102362" CONTENT="octobre" ID="tl_24_5" STYLEREFS="FONT0"/>
            <SP HEIGHT="15.590551181102363" WIDTH="4.818897637795276" VPOS="332.2204724409449" HPOS="207.7795275590551"/>
            <String HEIGHT="15.590551181102363" WIDTH="28.62992125984252" VPOS="332.2204724409449" HPOS="193.60629921259843" CONTENT="de" ID="tl_24_6" STYLEREFS="FONT0"/>
            <SP HEIGHT="15.590551181102363" WIDTH="4.818897637795276" VPOS="332.2204724409449" HPOS="222.23622047244095"/>
            <String HEIGHT="15.590551181102363" WIDTH="28.62992125984252" VPOS="332.2204724409449" HPOS="207.7795275590551" CONTENT="18" ID="tl_24_7" STYLEREFS="FONT0"/>
            <SP HEIGHT="15.590551181102363" WIDTH="4.818897637795276" VPOS="332.2204724409449" HPOS="236.69291338582678"/>
            <String HEIGHT="15.590551181102363" WIDTH="23.811023622047244" VPOS="332.2204724409449" HPOS="222.23622047244095" CONTENT="h" ID="tl_24_8" STYLEREFS="FONT0"/>
            <SP HEIGHT="15.590551181102363" WIDTH="4.818897637795276" VPOS="332.2204724409449" HPOS="246.04724409448818"/>
            <String HEIGHT="15.590551181102363" WIDTH="23.811023622047244" VPOS="332.2204724409449" HPOS="231.8740157480315" CONTENT="à" ID="tl_24_9" STYLEREFS="FONT0"/>
            <SP HEIGHT="15.590551181102363" WIDTH="4.818897637795276" VPOS="332.2204724409449" HPOS="255.68503937007873"/>
            <String HEIGHT="15.590551181102363" WIDTH="28.62992125984252" VPOS="332.2204724409449" HPOS="241.51181102362204" CONTENT="22" ID="tl_24_10" STYLEREFS="FONT0"/>
            <SP HEIGHT="15.590551181102363" WIDTH="4.818897637795276" VPOS="332.2204724409449" HPOS="270.1417322834646"/>
            <String HEIGHT="15.590551181102363" WIDTH="14.456692913385826" VPOS="332.2204724409449" HPOS="250.86614173228347" CONTENT="h" ID="tl_24_11" STYLEREFS="FONT0"/>
          </TextLine>
          <TextLine ID="tl_25" BASELINE="1269" HEIGHT="14.456692913385826" WIDTH="212.5984251968504" VPOS="345.25984251968504" HPOS="47.05511811023622">
            <String HEIGHT="14.456692913385826" WIDTH="35.43307086614173" VPOS="345.25984251968504" HPOS="42.51968503937008" CONTENT="Tous" ID="tl_25_1" STYLEREFS="FONT0"/>
            <SP HEIGHT="14.456692913385826" WIDTH="4.535433070866142" VPOS="345.25984251968504" HPOS="77.95275590551181"/>
            <String HEIGHT="14.456692913385826" WIDTH="30.89763779527559" VPOS="345.25984251968504" HPOS="64.91338582677166" CONTENT="les" ID="tl_25_2" STYLEREFS="FONT0"/>
            <SP HEIGHT="14.456692913385826" WIDTH="4.535433070866142" VPOS="345.25984251968504" HPOS="95.81102362204724"/>
            <String HEIGHT="14.456692913385826" WIDTH="44.22047244094488" VPOS="345.25984251968504" HPOS="82.48818897637796" CONTENT="jours," ID="tl_25_3" STYLEREFS="FONT0"/>
            <SP HEIGHT="14.456692913385826" WIDTH="4.535433070866142" VPOS="345.25984251968504" HPOS="126.70866141732283"/>
            <String HEIGHT="14.456692913385826" WIDTH="35.43307086614173" VPOS="345.25984251968504" HPOS="113.38582677165354" CONTENT="sauf" ID="tl_25_4" STYLEREFS="FONT0"/>
            <SP HEIGHT="14.456692913385826" WIDTH="4.535433070866142" VPOS="345.25984251968504" HPOS="148.8188976377953"/>
            <String HEIGHT="14.456692913385826" WIDTH="26.64566929133858" VPOS="345.25984251968504" HPOS="135.7795275590551" CONTENT="le" ID="tl_25_5" STYLEREFS="FONT0"/>
            <SP HEIGHT="14.456692913385826" WIDTH="4.535433070866142" VPOS="345.25984251968504" HPOS="162.14173228346456"/>
            <String HEIGHT="14.456692913385826" WIDTH="53.29133858267716" VPOS="345.25984251968504" HPOS="148.8188976377953" CONTENT="dimanche" ID="tl_25_6" STYLEREFS="FONT0"/>
            <SP HEIGHT="14.456692913385826" WIDTH="4.535433070866142" VPOS="345.25984251968504" HPOS="202.11023622047244"/>
            <String HEIGHT="14.456692913385826" WIDTH="26.64566929133858" VPOS="345.25984251968504" HPOS="188.78740157480314" CONTENT="et" ID="tl_25_7" STYLEREFS="FONT0"/>
            <SP HEIGHT="14.456692913385826" WIDTH="4.535433070866142" VPOS="345.25984251968504" HPOS="215.43307086614172"/>
            <String HEIGHT="14.456692913385826" WIDTH="26.64566929133858" VPOS="345.25984251968504" HPOS="202.11023622047244" CONTENT="le" ID="tl_25_8" STYLEREFS="FONT0"/>
            <SP HEIGHT="14.456692913385826" WIDTH="4.535433070866142" VPOS="345.25984251968504" HPOS="228.75590551181102"/>
            <String HEIGHT="14.456692913385826" WIDTH="44.22047244094488" VPOS="345.25984251968504" HPOS="215.43307086614172" CONTENT="lundi," ID="tl_25_9" STYLEREFS="FONT0"/>
            <SP HEIGHT="14.456692913385826" WIDTH="4.535433070866142" VPOS="345.25984251968504" HPOS="259.65354330708664"/>
            <String HEIGHT="14.456692913385826" WIDTH="17.858267716535433" VPOS="345.25984251968504" HPOS="242.07874015748033" CONTENT="de" ID="tl_25_10" STYLEREFS="FONT0"/>
          </TextLine>
          <TextLine ID="tl_26" BASELINE="1305" HEIGHT="14.456692913385826" WIDTH="177.16535433070865" VPOS="355.46456692913387" HPOS="66.04724409448819">
            <String HEIGHT="14.456692913385826" WIDTH="28.062992125984252" VPOS="355.46456692913387" HPOS="61.511811023622045" CONTENT="10" ID="tl_26_1" STYLEREFS="FONT0"/>
            <SP HEIGHT="14.456692913385826" WIDTH="4.535433070866142" VPOS="355.46456692913387" HPOS="89.29133858267717"/>
            <String HEIGHT="14.456692913385826" WIDTH="23.244094488188978" VPOS="355.46456692913387" HPOS="75.4015748031496" CONTENT="h" ID="tl_26_2" STYLEREFS="FONT0"/>
            <SP HEIGHT="14.456692913385826" WIDTH="4.535433070866142" VPOS="355.46456692913387" HPOS="98.64566929133858"/>
            <String HEIGHT="14.456692913385826" WIDTH="28.062992125984252" VPOS="355.46456692913387" HPOS="84.75590551181102" CONTENT="30" ID="tl_26_3" STYLEREFS="FONT0"/>
            <SP HEIGHT="14.456692913385826" WIDTH="4.535433070866142" VPOS="355.46456692913387" HPOS="112.53543307086615"/>
            <String HEIGHT="14.456692913385826" WIDTH="23.244094488188978" VPOS="355.46456692913387" HPOS="98.64566929133858" CONTENT="à" ID="tl_26_4" STYLEREFS="FONT0"/>
            <SP HEIGHT="14.456692913385826" WIDTH="4.535433070866142" VPOS="355.46456692913387" HPOS="121.88976377952756"/>
            <String HEIGHT="14.456692913385826" WIDTH="28.062992125984252" VPOS="355.46456692913387" HPOS="108.0" CONTENT="12" ID="tl_26_5" STYLEREFS="FONT0"/>
            <SP HEIGHT="14.456692913385826" WIDTH="4.535433070866142" VPOS="355.46456692913387" HPOS="136.06299212598427"/>
            <String HEIGHT="14.456692913385826" WIDTH="23.244094488188978" VPOS="355.46456692913387" HPOS="121.88976377952756" CONTENT="h" ID="tl_26_6" STYLEREFS="FONT0"/>
            <SP HEIGHT="14.456692913385826" WIDTH="4.535433070866142" VPOS="355.46456692913387" HPOS="145.41732283464566"/>
            <String HEIGHT="14.456692913385826" WIDTH="28.062992125984252" VPOS="355.46456692913387" HPOS="131.24409448818898" CONTENT="et" ID="tl_26_7" STYLEREFS="FONT0"/>
            <SP HEIGHT="14.456692913385826" WIDTH="4.535433070866142" VPOS="355.46456692913387" HPOS="159.30708661417322"/>
            <String HEIGHT="14.456692913385826" WIDTH="28.062992125984252" VPOS="355.46456692913387" HPOS="145.41732283464566" CONTENT="de" ID="tl_26_8" STYLEREFS="FONT0"/>
            <SP HEIGHT="14.456692913385826" WIDTH="4.535433070866142" VPOS="355.46456692913387" HPOS="173.1968503937008"/>
            <String HEIGHT="14.456692913385826" WIDTH="28.062992125984252" VPOS="355.46456692913387" HPOS="159.30708661417322" CONTENT="14" ID="tl_26_9" STYLEREFS="FONT0"/>
            <SP HEIGHT="14.456692913385826" WIDTH="4.535433070866142" VPOS="355.46456692913387" HPOS="187.37007874015748"/>
            <String HEIGHT="14.456692913385826" WIDTH="23.244094488188978" VPOS="355.46456692913387" HPOS="173.1968503937008" CONTENT="h" ID="tl_26_10" STYLEREFS="FONT0"/>
            <SP HEIGHT="14.456692913385826" WIDTH="4.535433070866142" VPOS="355.46456692913387" HPOS="196.7244094488189"/>
            <String HEIGHT="14.456692913385826" WIDTH="28.062992125984252" VPOS="355.46456692913387" HPOS="182.5511811023622" CONTENT="30" ID="tl_26_11" STYLEREFS="FONT0"/>
            <SP HEIGHT="14.456692913385826" WIDTH="4.535433070866142" VPOS="355.46456692913387" HPOS="210.61417322834646"/>
            <String HEIGHT="14.456692913385826" WIDTH="23.244094488188978" VPOS="355.46456692913387" HPOS="196.7244094488189" CONTENT="à" ID="tl_26_12" STYLEREFS="FONT0"/>
            <SP HEIGHT="14.456692913385826" WIDTH="4.535433070866142" VPOS="355.46456692913387" HPOS="219.96850393700788"/>
            <String HEIGHT="14.456692913385826" WIDTH="28.062992125984252" VPOS="355.46456692913387" HPOS="205.79527559055117" CONTENT="18" ID="tl_26_13" STYLEREFS="FONT0"/>
            <SP HEIGHT="14.456692913385826" WIDTH="4.535433070866142" VPOS="355.46456692913387" HPOS="233.85826771653544"/>
            <String HEIGHT="14.456692913385826" WIDTH="23.244094488188978" VPOS="355.46456692913387" HPOS="219.96850393700788" CONTENT="h" ID="tl_26_14" STYLEREFS="FONT0"/>
            <SP HEIGHT="14.456692913385826" WIDTH="4.535433070866142" VPOS="355.46456692913387" HPOS="243.21259842519686"/>
            <String HEIGHT="14.456692913385826" WIDTH="18.708661417322833" VPOS="355.46456692913387" HPOS="224.50393700787401" CONTENT="30" ID="tl_26_15" STYLEREFS="FONT0"/>
          </TextLine>
        </TextBlock>
        <TextBlock ID="r_3_3" HEIGHT="8.220472440944881" WIDTH="63.21259842519685" VPOS="373.6062992125984" HPOS="123.02362204724409">
          <TextLine ID="tl_27" BASELINE="1359" HEIGHT="17.858267716535433" WIDTH="66.33070866141732" VPOS="367.37007874015745" HPOS="121.60629921259843">
            <String HEIGHT="17.858267716535433" WIDTH="34.86614173228347" VPOS="367.37007874015745" HPOS="118.20472440944881" CONTENT="&lt;b&gt;ELY" ID="tl_27_1" STYLEREFS="FONT1"/>
            <SP HEIGHT="17.858267716535433" WIDTH="3.4015748031496065" VPOS="367.37007874015745" HPOS="153.0708661417323"/>
            <String HEIGHT="17.858267716535433" WIDTH="48.75590551181102" VPOS="367.37007874015745" HPOS="139.1811023622047" CONTENT="BIELUTIN&lt;/b&gt;" ID="tl_27_2" STYLEREFS="FONT1"/>
          </TextLine>
        </TextBlock>
        <TextBlock ID="r_3_4" HEIGHT="55.84251968503937" WIDTH="250.86614173228347" VPOS="384.66141732283467" HPOS="25.79527559055118">
          <TextLine ID="tl_28" BASELINE="1398" HEIGHT="13.32283464566929" WIDTH="252.8503937007874" VPOS="382.96062992125985" HPOS="25.228346456692915">
            <String HEIGHT="13.32283464566929" WIDTH="28.062992125984252" VPOS="382.96062992125985" HPOS="20.409448818897637" CONTENT="La" ID="tl_28_1" STYLEREFS="FONT0"/>
            <SP HEIGHT="13.32283464566929" WIDTH="4.818897637795276" VPOS="382.96062992125985" HPOS="48.75590551181102"/>
            <String HEIGHT="13.32283464566929" WIDTH="51.59055118110236" VPOS="382.96062992125985" HPOS="34.58267716535433" CONTENT="Galerie" ID="tl_28_2" STYLEREFS="FONT0"/>
            <SP HEIGHT="13.32283464566929" WIDTH="4.818897637795276" VPOS="382.96062992125985" HPOS="86.1732283464567"/>
            <String HEIGHT="13.32283464566929" WIDTH="56.125984251968504" VPOS="382.96062992125985" HPOS="72.0" CONTENT="Lambert," ID="tl_28_3" STYLEREFS="FONT0"/>
            <SP HEIGHT="13.32283464566929" WIDTH="4.818897637795276" VPOS="382.96062992125985" HPOS="128.1259842519685"/>
            <String HEIGHT="13.32283464566929" WIDTH="32.881889763779526" VPOS="382.96062992125985" HPOS="114.23622047244095" CONTENT="qui" ID="tl_28_4" STYLEREFS="FONT0"/>
            <SP HEIGHT="13.32283464566929" WIDTH="4.818897637795276" VPOS="382.96062992125985" HPOS="146.83464566929135"/>
            <String HEIGHT="13.32283464566929" WIDTH="37.41732283464567" VPOS="382.96062992125985" HPOS="132.9448818897638" CONTENT="suit" ID="tl_28_5" STYLEREFS="FONT0"/>
            <SP HEIGHT="13.32283464566929" WIDTH="4.818897637795276" VPOS="382.96062992125985" HPOS="170.36220472440945"/>
            <String HEIGHT="13.32283464566929" WIDTH="65.48031496062993" VPOS="382.96062992125985" HPOS="156.4724409448819" CONTENT="fidèlement" ID="tl_28_6" STYLEREFS="FONT0"/>
            <SP HEIGHT="13.32283464566929" WIDTH="4.818897637795276" VPOS="382.96062992125985" HPOS="221.95275590551182"/>
            <String HEIGHT="13.32283464566929" WIDTH="28.062992125984252" VPOS="382.96062992125985" HPOS="207.7795275590551" CONTENT="la" ID="tl_28_7" STYLEREFS="FONT0"/>
            <SP HEIGHT="13.32283464566929" WIDTH="4.818897637795276" VPOS="382.96062992125985" HPOS="235.84251968503938"/>
            <String HEIGHT="13.32283464566929" WIDTH="56.125984251968504" VPOS="382.96062992125985" HPOS="221.95275590551182" CONTENT="Biennale" ID="tl_28_8" STYLEREFS="FONT0"/>
            <SP HEIGHT="13.32283464566929" WIDTH="4.818897637795276" VPOS="382.96062992125985" HPOS="278.0787401574803"/>
            <String HEIGHT="13.32283464566929" WIDTH="18.708661417322833" VPOS="382.96062992125985" HPOS="259.37007874015745" CONTENT="de" ID="tl_28_9" STYLEREFS="FONT0"/>
          </TextLine>
          <TextLine ID="tl_29" BASELINE="1432" HEIGHT="12.755905511811024" WIDTH="252.28346456692913" VPOS="393.1653543307087" HPOS="25.228346456692915">
            <String HEIGHT="12.755905511811024" WIDTH="42.803149606299215" VPOS="393.1653543307087" HPOS="20.409448818897637" CONTENT="Paris" ID="tl_29_1" STYLEREFS="FONT0"/>
            <SP HEIGHT="12.755905511811024" WIDTH="4.818897637795276" VPOS="393.1653543307087" HPOS="63.21259842519685"/>
            <String HEIGHT="12.755905511811024" WIDTH="33.44881889763779" VPOS="393.1653543307087" HPOS="49.039370078740156" CONTENT="par" ID="tl_29_2" STYLEREFS="FONT0"/>
            <SP HEIGHT="12.755905511811024" WIDTH="4.818897637795276" VPOS="393.1653543307087" HPOS="82.48818897637796"/>
            <String HEIGHT="12.755905511811024" WIDTH="33.44881889763779" VPOS="393.1653543307087" HPOS="68.03149606299213" CONTENT="une" ID="tl_29_3" STYLEREFS="FONT0"/>
            <SP HEIGHT="12.755905511811024" WIDTH="4.818897637795276" VPOS="393.1653543307087" HPOS="101.48031496062993"/>
            <String HEIGHT="12.755905511811024" WIDTH="42.803149606299215" VPOS="393.1653543307087" HPOS="87.02362204724409" CONTENT="série" ID="tl_29_4" STYLEREFS="FONT0"/>
            <SP HEIGHT="12.755905511811024" WIDTH="4.818897637795276" VPOS="393.1653543307087" HPOS="129.82677165354332"/>
            <String HEIGHT="12.755905511811024" WIDTH="28.62992125984252" VPOS="393.1653543307087" HPOS="115.65354330708661" CONTENT="de" ID="tl_29_5" STYLEREFS="FONT0"/>
            <SP HEIGHT="12.755905511811024" WIDTH="4.818897637795276" VPOS="393.1653543307087" HPOS="144.28346456692913"/>
            <String HEIGHT="12.755905511811024" WIDTH="85.60629921259843" VPOS="393.1653543307087" HPOS="129.82677165354332" CONTENT="manifestations" ID="tl_29_6" STYLEREFS="FONT0"/>
            <SP HEIGHT="12.755905511811024" WIDTH="4.818897637795276" VPOS="393.1653543307087" HPOS="215.71653543307087"/>
            <String HEIGHT="12.755905511811024" WIDTH="57.25984251968504" VPOS="393.1653543307087" HPOS="201.25984251968504" CONTENT="annexes," ID="tl_29_7" STYLEREFS="FONT0"/>
            <SP HEIGHT="12.755905511811024" WIDTH="4.818897637795276" VPOS="393.1653543307087" HPOS="258.5196850393701"/>
            <String HEIGHT="12.755905511811024" WIDTH="23.811023622047244" VPOS="393.1653543307087" HPOS="244.06299212598427" CONTENT="a" ID="tl_29_8" STYLEREFS="FONT0"/>
            <SP HEIGHT="12.755905511811024" WIDTH="4.818897637795276" VPOS="393.1653543307087" HPOS="267.87401574803147"/>
            <String HEIGHT="12.755905511811024" WIDTH="28.62992125984252" VPOS="393.1653543307087" HPOS="248.88188976377953" CONTENT="déjà" ID="tl_29_9" STYLEREFS="FONT0"/>
          </TextLine>
          <TextLine ID="tl_30" BASELINE="1463" HEIGHT="10.488188976377952" WIDTH="252.8503937007874" VPOS="404.2204724409449" HPOS="24.944881889763778">
            <String HEIGHT="10.488188976377952" WIDTH="57.25984251968504" VPOS="404.2204724409449" HPOS="20.125984251968504" CONTENT="présenté" ID="tl_30_1" STYLEREFS="FONT0"/>
            <SP HEIGHT="10.488188976377952" WIDTH="4.818897637795276" VPOS="404.2204724409449" HPOS="77.38582677165354"/>
            <String HEIGHT="10.488188976377952" WIDTH="28.62992125984252" VPOS="404.2204724409449" HPOS="63.21259842519685" CONTENT="le" ID="tl_30_2" STYLEREFS="FONT0"/>
            <SP HEIGHT="10.488188976377952" WIDTH="4.818897637795276" VPOS="404.2204724409449" HPOS="91.84251968503936"/>
            <String HEIGHT="10.488188976377952" WIDTH="52.44094488188976" VPOS="404.2204724409449" HPOS="77.38582677165354" CONTENT="peintre" ID="tl_30_3" STYLEREFS="FONT0"/>
            <SP HEIGHT="10.488188976377952" WIDTH="4.818897637795276" VPOS="404.2204724409449" HPOS="129.82677165354332"/>
            <String HEIGHT="10.488188976377952" WIDTH="66.89763779527559" VPOS="404.2204724409449" HPOS="115.65354330708661" CONTENT="soviétique" ID="tl_30_4" STYLEREFS="FONT0"/>
            <SP HEIGHT="10.488188976377952" WIDTH="4.818897637795276" VPOS="404.2204724409449" HPOS="182.26771653543307"/>
            <String HEIGHT="10.488188976377952" WIDTH="33.44881889763779" VPOS="404.2204724409449" HPOS="168.09448818897638" CONTENT="Ely" ID="tl_30_5" STYLEREFS="FONT0"/>
            <SP HEIGHT="10.488188976377952" WIDTH="4.818897637795276" VPOS="404.2204724409449" HPOS="201.54330708661416"/>
            <String HEIGHT="10.488188976377952" WIDTH="57.25984251968504" VPOS="404.2204724409449" HPOS="187.08661417322836" CONTENT="Bielutin" ID="tl_30_6" STYLEREFS="FONT0"/>
            <SP HEIGHT="10.488188976377952" WIDTH="4.818897637795276" VPOS="404.2204724409449" HPOS="244.3464566929134"/>
            <String HEIGHT="10.488188976377952" WIDTH="28.62992125984252" VPOS="404.2204724409449" HPOS="230.17322834645668" CONTENT="au" ID="tl_30_7" STYLEREFS="FONT0"/>
            <SP HEIGHT="10.488188976377952" WIDTH="4.818897637795276" VPOS="404.2204724409449" HPOS="258.8031496062992"/>
            <String HEIGHT="10.488188976377952" WIDTH="38.267716535433074" VPOS="404.2204724409449" HPOS="239.5275590551181" CONTENT="public" ID="tl_30_8" STYLEREFS="FONT0"/>
          </TextLine>
          <TextLine ID="tl_31" BASELINE="1504" HEIGHT="12.188976377952756" WIDTH="252.28346456692913" VPOS="414.1417322834646" HPOS="25.228346456692915">
            <String HEIGHT="12.188976377952756" WIDTH="59.24409448818898" VPOS="414.1417322834646" HPOS="20.409448818897637" CONTENT="parisien" ID="tl_31_1" STYLEREFS="FONT0"/>
            <SP HEIGHT="12.188976377952756" WIDTH="4.818897637795276" VPOS="414.1417322834646" HPOS="79.65354330708661"/>
            <String HEIGHT="12.188976377952756" WIDTH="39.68503937007874" VPOS="414.1417322834646" HPOS="64.91338582677166" CONTENT="dans" ID="tl_31_2" STYLEREFS="FONT0"/>
            <SP HEIGHT="12.188976377952756" WIDTH="4.818897637795276" VPOS="414.1417322834646" HPOS="104.31496062992126"/>
            <String HEIGHT="12.188976377952756" WIDTH="29.763779527559056" VPOS="414.1417322834646" HPOS="89.5748031496063" CONTENT="le" ID="tl_31_3" STYLEREFS="FONT0"/>
            <SP HEIGHT="12.188976377952756" WIDTH="4.818897637795276" VPOS="414.1417322834646" HPOS="119.33858267716535"/>
            <String HEIGHT="12.188976377952756" WIDTH="44.503937007874015" VPOS="414.1417322834646" HPOS="104.31496062992126" CONTENT="cadre" ID="tl_31_4" STYLEREFS="FONT0"/>
            <SP HEIGHT="12.188976377952756" WIDTH="4.818897637795276" VPOS="414.1417322834646" HPOS="148.8188976377953"/>
            <String HEIGHT="12.188976377952756" WIDTH="29.763779527559056" VPOS="414.1417322834646" HPOS="134.07874015748033" CONTENT="de" ID="tl_31_5" STYLEREFS="FONT0"/>
            <SP HEIGHT="12.188976377952756" WIDTH="4.818897637795276" VPOS="414.1417322834646" HPOS="163.84251968503938"/>
            <String HEIGHT="12.188976377952756" WIDTH="79.08661417322834" VPOS="414.1417322834646" HPOS="148.8188976377953" CONTENT="l’exposition" ID="tl_31_6" STYLEREFS="FONT0"/>
            <SP HEIGHT="12.188976377952756" WIDTH="4.818897637795276" VPOS="414.1417322834646" HPOS="227.90551181102362"/>
            <String HEIGHT="12.188976377952756" WIDTH="44.503937007874015" VPOS="414.1417322834646" HPOS="213.16535433070865" CONTENT="«Cinq" ID="tl_31_7" STYLEREFS="FONT0"/>
            <SP HEIGHT="12.188976377952756" WIDTH="4.818897637795276" VPOS="414.1417322834646" HPOS="257.6692913385827"/>
            <String HEIGHT="12.188976377952756" WIDTH="39.68503937007874" VPOS="414.1417322834646" HPOS="237.82677165354332" CONTENT="jeunes" ID="tl_31_8" STYLEREFS="FONT0"/>
          </TextLine>
          <TextLine ID="tl_32" BASELINE="1542" HEIGHT="14.173228346456693" WIDTH="252.8503937007874" VPOS="422.92913385826773" HPOS="24.661417322834644">
            <String HEIGHT="14.173228346456693" WIDTH="51.30708661417323" VPOS="422.92913385826773" HPOS="20.409448818897637" CONTENT="peintres" ID="tl_32_1" STYLEREFS="FONT0"/>
            <SP HEIGHT="14.173228346456693" WIDTH="4.251968503937008" VPOS="422.92913385826773" HPOS="71.71653543307086"/>
            <String HEIGHT="14.173228346456693" WIDTH="25.79527559055118" VPOS="422.92913385826773" HPOS="58.960629921259844" CONTENT="de" ID="tl_32_2" STYLEREFS="FONT0"/>
            <SP HEIGHT="14.173228346456693" WIDTH="4.251968503937008" VPOS="422.92913385826773" HPOS="84.75590551181102"/>
            <String HEIGHT="14.173228346456693" WIDTH="51.30708661417323" VPOS="422.92913385826773" HPOS="71.71653543307086" CONTENT="l’Europe" ID="tl_32_3" STYLEREFS="FONT0"/>
            <SP HEIGHT="14.173228346456693" WIDTH="4.251968503937008" VPOS="422.92913385826773" HPOS="123.30708661417323"/>
            <String HEIGHT="14.173228346456693" WIDTH="25.79527559055118" VPOS="422.92913385826773" HPOS="110.26771653543307" CONTENT="de" ID="tl_32_4" STYLEREFS="FONT0"/>
            <SP HEIGHT="14.173228346456693" WIDTH="4.251968503937008" VPOS="422.92913385826773" HPOS="136.06299212598427"/>
            <String HEIGHT="14.173228346456693" WIDTH="42.803149606299215" VPOS="422.92913385826773" HPOS="123.30708661417323" CONTENT="l’Est»" ID="tl_32_5" STYLEREFS="FONT0"/>
            <SP HEIGHT="14.173228346456693" WIDTH="4.251968503937008" VPOS="422.92913385826773" HPOS="166.11023622047244"/>
            <String HEIGHT="14.173228346456693" WIDTH="21.543307086614174" VPOS="422.92913385826773" HPOS="153.35433070866142" CONTENT="à" ID="tl_32_6" STYLEREFS="FONT0"/>
            <SP HEIGHT="14.173228346456693" WIDTH="4.251968503937008" VPOS="422.92913385826773" HPOS="174.61417322834646"/>
            <String HEIGHT="14.173228346456693" WIDTH="60.09448818897638" VPOS="422.92913385826773" HPOS="161.85826771653544" CONTENT="l’occasion" ID="tl_32_7" STYLEREFS="FONT0"/>
            <SP HEIGHT="14.173228346456693" WIDTH="4.251968503937008" VPOS="422.92913385826773" HPOS="221.66929133858267"/>
            <String HEIGHT="14.173228346456693" WIDTH="25.79527559055118" VPOS="422.92913385826773" HPOS="208.91338582677164" CONTENT="de" ID="tl_32_8" STYLEREFS="FONT0"/>
            <SP HEIGHT="14.173228346456693" WIDTH="4.251968503937008" VPOS="422.92913385826773" HPOS="234.70866141732284"/>
            <String HEIGHT="14.173228346456693" WIDTH="25.79527559055118" VPOS="422.92913385826773" HPOS="221.66929133858267" CONTENT="la" ID="tl_32_9" STYLEREFS="FONT0"/>
            <SP HEIGHT="14.173228346456693" WIDTH="4.251968503937008" VPOS="422.92913385826773" HPOS="247.46456692913387"/>
            <String HEIGHT="14.173228346456693" WIDTH="47.05511811023622" VPOS="422.92913385826773" HPOS="230.45669291338584" CONTENT="Quatrième" ID="tl_32_10" STYLEREFS="FONT0"/>
          </TextLine>
          <TextLine ID="tl_33" BASELINE="1565" HEIGHT="13.039370078740157" WIDTH="42.23622047244095" VPOS="430.5826771653543" HPOS="24.37795275590551">
            <String HEIGHT="13.039370078740157" WIDTH="51.59055118110236" VPOS="430.5826771653543" HPOS="15.023622047244094" CONTENT="Biennale." ID="tl_33_1" STYLEREFS="FONT0"/>
          </TextLine>
        </TextBlock>
        <TextBlock ID="r_3_5" HEIGHT="190.20472440944883" WIDTH="253.41732283464566" VPOS="441.07086614173227" HPOS="22.393700787401574">
          <TextLine ID="tl_34" BASELINE="1599" HEIGHT="12.755905511811024" WIDTH="252.8503937007874" VPOS="440.503937007874" HPOS="24.37795275590551">
            <String HEIGHT="12.755905511811024" WIDTH="42.23622047244095" VPOS="440.503937007874" HPOS="18.992125984251967" CONTENT="Nous" ID="tl_34_1" STYLEREFS="FONT0"/>
            <SP HEIGHT="12.755905511811024" WIDTH="5.3858267716535435" VPOS="440.503937007874" HPOS="61.22834645669291"/>
            <String HEIGHT="12.755905511811024" WIDTH="52.724409448818896" VPOS="440.503937007874" HPOS="45.354330708661415" CONTENT="sommes" ID="tl_34_2" STYLEREFS="FONT0"/>
            <SP HEIGHT="12.755905511811024" WIDTH="5.3858267716535435" VPOS="440.503937007874" HPOS="98.07874015748031"/>
            <String HEIGHT="12.755905511811024" WIDTH="57.826771653543304" VPOS="440.503937007874" HPOS="82.20472440944881" CONTENT="heureux" ID="tl_34_3" STYLEREFS="FONT0"/>
            <SP HEIGHT="12.755905511811024" WIDTH="5.3858267716535435" VPOS="440.503937007874" HPOS="140.31496062992127"/>
            <String HEIGHT="12.755905511811024" WIDTH="79.08661417322834" VPOS="440.503937007874" HPOS="124.44094488188976" CONTENT="aujourd’hui" ID="tl_34_4" STYLEREFS="FONT0"/>
            <SP HEIGHT="12.755905511811024" WIDTH="5.3858267716535435" VPOS="440.503937007874" HPOS="203.5275590551181"/>
            <String HEIGHT="12.755905511811024" WIDTH="31.748031496062993" VPOS="440.503937007874" HPOS="187.6535433070866" CONTENT="de" ID="tl_34_5" STYLEREFS="FONT0"/>
            <SP HEIGHT="12.755905511811024" WIDTH="5.3858267716535435" VPOS="440.503937007874" HPOS="219.4015748031496"/>
            <String HEIGHT="12.755905511811024" WIDTH="68.5984251968504" VPOS="440.503937007874" HPOS="203.5275590551181" CONTENT="présenter" ID="tl_34_6" STYLEREFS="FONT0"/>
            <SP HEIGHT="12.755905511811024" WIDTH="5.3858267716535435" VPOS="440.503937007874" HPOS="271.84251968503935"/>
            <String HEIGHT="12.755905511811024" WIDTH="26.362204724409448" VPOS="440.503937007874" HPOS="250.86614173228347" CONTENT="une" ID="tl_34_7" STYLEREFS="FONT0"/>
          </TextLine>
          <TextLine ID="tl_35" BASELINE="1630" HEIGHT="11.05511811023622" WIDTH="253.41732283464566" VPOS="450.99212598425197" HPOS="23.52755905511811">
            <String HEIGHT="11.05511811023622" WIDTH="61.22834645669291" VPOS="450.99212598425197" HPOS="19.275590551181104" CONTENT="exposition" ID="tl_35_1" STYLEREFS="FONT0"/>
            <SP HEIGHT="11.05511811023622" WIDTH="4.251968503937008" VPOS="450.99212598425197" HPOS="80.22047244094489"/>
            <String HEIGHT="11.05511811023622" WIDTH="30.614173228346456" VPOS="450.99212598425197" HPOS="67.18110236220473" CONTENT="qui" ID="tl_35_2" STYLEREFS="FONT0"/>
            <SP HEIGHT="11.05511811023622" WIDTH="4.251968503937008" VPOS="450.99212598425197" HPOS="97.79527559055119"/>
            <String HEIGHT="11.05511811023622" WIDTH="30.614173228346456" VPOS="450.99212598425197" HPOS="84.75590551181102" CONTENT="lui" ID="tl_35_3" STYLEREFS="FONT0"/>
            <SP HEIGHT="11.05511811023622" WIDTH="4.251968503937008" VPOS="450.99212598425197" HPOS="115.37007874015748"/>
            <String HEIGHT="11.05511811023622" WIDTH="30.614173228346456" VPOS="450.99212598425197" HPOS="102.04724409448819" CONTENT="est" ID="tl_35_4" STYLEREFS="FONT0"/>
            <SP HEIGHT="11.05511811023622" WIDTH="4.251968503937008" VPOS="450.99212598425197" HPOS="132.66141732283464"/>
            <String HEIGHT="11.05511811023622" WIDTH="65.48031496062993" VPOS="450.99212598425197" HPOS="119.62204724409449" CONTENT="entièrement" ID="tl_35_5" STYLEREFS="FONT0"/>
            <SP HEIGHT="11.05511811023622" WIDTH="4.251968503937008" VPOS="450.99212598425197" HPOS="185.10236220472441"/>
            <String HEIGHT="11.05511811023622" WIDTH="61.22834645669291" VPOS="450.99212598425197" HPOS="172.06299212598427" CONTENT="consacrée." ID="tl_35_6" STYLEREFS="FONT0"/>
            <SP HEIGHT="11.05511811023622" WIDTH="4.251968503937008" VPOS="450.99212598425197" HPOS="233.29133858267716"/>
            <String HEIGHT="11.05511811023622" WIDTH="30.614173228346456" VPOS="450.99212598425197" HPOS="220.251968503937" CONTENT="Ely" ID="tl_35_7" STYLEREFS="FONT0"/>
            <SP HEIGHT="11.05511811023622" WIDTH="4.251968503937008" VPOS="450.99212598425197" HPOS="250.86614173228347"/>
            <String HEIGHT="11.05511811023622" WIDTH="43.653543307086615" VPOS="450.99212598425197" HPOS="233.29133858267716" CONTENT="Bielutin" ID="tl_35_8" STYLEREFS="FONT0"/>
          </TextLine>
          <TextLine ID="tl_36" BASELINE="1664" HEIGHT="10.771653543307087" WIDTH="253.41732283464566" VPOS="460.9133858267717" HPOS="23.52755905511811">
            <String HEIGHT="10.771653543307087" WIDTH="31.748031496062993" VPOS="460.9133858267717" HPOS="18.992125984251967" CONTENT="est" ID="tl_36_1" STYLEREFS="FONT0"/>
            <SP HEIGHT="10.771653543307087" WIDTH="4.535433070866142" VPOS="460.9133858267717" HPOS="50.74015748031496"/>
            <String HEIGHT="10.771653543307087" WIDTH="49.889763779527556" VPOS="460.9133858267717" HPOS="37.13385826771653" CONTENT="peintre" ID="tl_36_2" STYLEREFS="FONT0"/>
            <SP HEIGHT="10.771653543307087" WIDTH="4.535433070866142" VPOS="460.9133858267717" HPOS="87.02362204724409"/>
            <String HEIGHT="10.771653543307087" WIDTH="27.212598425196852" VPOS="460.9133858267717" HPOS="73.41732283464567" CONTENT="et" ID="tl_36_3" STYLEREFS="FONT0"/>
            <SP HEIGHT="10.771653543307087" WIDTH="4.535433070866142" VPOS="460.9133858267717" HPOS="100.34645669291339"/>
            <String HEIGHT="10.771653543307087" WIDTH="63.496062992125985" VPOS="460.9133858267717" HPOS="87.02362204724409" CONTENT="théoricien" ID="tl_36_4" STYLEREFS="FONT0"/>
            <SP HEIGHT="10.771653543307087" WIDTH="4.535433070866142" VPOS="460.9133858267717" HPOS="150.23622047244095"/>
            <String HEIGHT="10.771653543307087" WIDTH="27.212598425196852" VPOS="460.9133858267717" HPOS="136.62992125984252" CONTENT="de" ID="tl_36_5" STYLEREFS="FONT0"/>
            <SP HEIGHT="10.771653543307087" WIDTH="4.535433070866142" VPOS="460.9133858267717" HPOS="163.84251968503938"/>
            <String HEIGHT="10.771653543307087" WIDTH="40.818897637795274" VPOS="460.9133858267717" HPOS="150.23622047244095" CONTENT="l’art" ID="tl_36_6" STYLEREFS="FONT0"/>
            <SP HEIGHT="10.771653543307087" WIDTH="4.535433070866142" VPOS="460.9133858267717" HPOS="191.0551181102362"/>
            <String HEIGHT="10.771653543307087" WIDTH="54.425196850393704" VPOS="460.9133858267717" HPOS="177.4488188976378" CONTENT="moderne." ID="tl_36_7" STYLEREFS="FONT0"/>
            <SP HEIGHT="10.771653543307087" WIDTH="4.535433070866142" VPOS="460.9133858267717" HPOS="231.59055118110237"/>
            <String HEIGHT="10.771653543307087" WIDTH="45.354330708661415" VPOS="460.9133858267717" HPOS="217.98425196850394" CONTENT="Auteur" ID="tl_36_8" STYLEREFS="FONT0"/>
            <SP HEIGHT="10.771653543307087" WIDTH="4.535433070866142" VPOS="460.9133858267717" HPOS="263.33858267716533"/>
            <String HEIGHT="10.771653543307087" WIDTH="31.748031496062993" VPOS="460.9133858267717" HPOS="245.1968503937008" CONTENT="d’une" ID="tl_36_9" STYLEREFS="FONT0"/>
          </TextLine>
          <TextLine ID="tl_37" BASELINE="1698" HEIGHT="11.338582677165354" WIDTH="252.28346456692913" VPOS="469.98425196850394" HPOS="24.094488188976378">
            <String HEIGHT="11.338582677165354" WIDTH="77.10236220472441" VPOS="469.98425196850394" HPOS="18.992125984251967" CONTENT="remarquable" ID="tl_37_1" STYLEREFS="FONT0"/>
            <SP HEIGHT="11.338582677165354" WIDTH="5.102362204724409" VPOS="469.98425196850394" HPOS="96.09448818897638"/>
            <String HEIGHT="11.338582677165354" WIDTH="56.69291338582677" VPOS="469.98425196850394" HPOS="80.78740157480316" CONTENT="Théorie" ID="tl_37_2" STYLEREFS="FONT0"/>
            <SP HEIGHT="11.338582677165354" WIDTH="5.102362204724409" VPOS="469.98425196850394" HPOS="137.48031496062993"/>
            <String HEIGHT="11.338582677165354" WIDTH="36.0" VPOS="469.98425196850394" HPOS="121.88976377952756" CONTENT="des" ID="tl_37_3" STYLEREFS="FONT0"/>
            <SP HEIGHT="11.338582677165354" WIDTH="5.102362204724409" VPOS="469.98425196850394" HPOS="157.88976377952756"/>
            <String HEIGHT="11.338582677165354" WIDTH="72.0" VPOS="469.98425196850394" HPOS="142.58267716535434" CONTENT="mouvements" ID="tl_37_4" STYLEREFS="FONT0"/>
            <SP HEIGHT="11.338582677165354" WIDTH="5.102362204724409" VPOS="469.98425196850394" HPOS="214.58267716535434"/>
            <String HEIGHT="11.338582677165354" WIDTH="77.10236220472441" VPOS="469.98425196850394" HPOS="199.2755905511811" CONTENT="artistiques" ID="tl_37_5" STYLEREFS="FONT0"/>
            <SP HEIGHT="11.338582677165354" WIDTH="5.102362204724409" VPOS="469.98425196850394" HPOS="276.37795275590554"/>
            <String HEIGHT="11.338582677165354" WIDTH="20.69291338582677" VPOS="469.98425196850394" HPOS="255.68503937007873" CONTENT="en" ID="tl_37_6" STYLEREFS="FONT0"/>
          </TextLine>
          <TextLine ID="tl_38" BASELINE="1734" HEIGHT="12.755905511811024" WIDTH="252.56692913385828" VPOS="478.7716535433071" HPOS="24.094488188976378">
            <String HEIGHT="12.755905511811024" WIDTH="51.59055118110236" VPOS="478.7716535433071" HPOS="19.559055118110237" CONTENT="Russie," ID="tl_38_1" STYLEREFS="FONT0"/>
            <SP HEIGHT="12.755905511811024" WIDTH="4.818897637795276" VPOS="478.7716535433071" HPOS="70.86614173228347"/>
            <String HEIGHT="12.755905511811024" WIDTH="32.881889763779526" VPOS="478.7716535433071" HPOS="56.976377952755904" CONTENT="qui" ID="tl_38_2" STYLEREFS="FONT0"/>
            <SP HEIGHT="12.755905511811024" WIDTH="4.818897637795276" VPOS="478.7716535433071" HPOS="89.5748031496063"/>
            <String HEIGHT="12.755905511811024" WIDTH="51.59055118110236" VPOS="478.7716535433071" HPOS="75.68503937007874" CONTENT="retrace" ID="tl_38_3" STYLEREFS="FONT0"/>
            <SP HEIGHT="12.755905511811024" WIDTH="4.818897637795276" VPOS="478.7716535433071" HPOS="126.99212598425197"/>
            <String HEIGHT="12.755905511811024" WIDTH="65.48031496062993" VPOS="478.7716535433071" HPOS="113.10236220472441" CONTENT="l’histoire" ID="tl_38_4" STYLEREFS="FONT0"/>
            <SP HEIGHT="12.755905511811024" WIDTH="4.818897637795276" VPOS="478.7716535433071" HPOS="178.58267716535434"/>
            <String HEIGHT="12.755905511811024" WIDTH="28.062992125984252" VPOS="478.7716535433071" HPOS="164.40944881889763" CONTENT="de" ID="tl_38_5" STYLEREFS="FONT0"/>
            <SP HEIGHT="12.755905511811024" WIDTH="4.818897637795276" VPOS="478.7716535433071" HPOS="192.4724409448819"/>
            <String HEIGHT="12.755905511811024" WIDTH="42.23622047244095" VPOS="478.7716535433071" HPOS="178.58267716535434" CONTENT="l’art" ID="tl_38_6" STYLEREFS="FONT0"/>
            <SP HEIGHT="12.755905511811024" WIDTH="4.818897637795276" VPOS="478.7716535433071" HPOS="220.53543307086613"/>
            <String HEIGHT="12.755905511811024" WIDTH="51.59055118110236" VPOS="478.7716535433071" HPOS="206.64566929133858" CONTENT="moderne" ID="tl_38_7" STYLEREFS="FONT0"/>
            <SP HEIGHT="12.755905511811024" WIDTH="4.818897637795276" VPOS="478.7716535433071" HPOS="257.9527559055118"/>
            <String HEIGHT="12.755905511811024" WIDTH="37.41732283464567" VPOS="478.7716535433071" HPOS="239.24409448818898" CONTENT="russe," ID="tl_38_8" STYLEREFS="FONT0"/>
          </TextLine>
          <TextLine ID="tl_39" BASELINE="1761" HEIGHT="10.771653543307087" WIDTH="253.70078740157481" VPOS="488.40944881889766" HPOS="22.96062992125984">
            <String HEIGHT="10.771653543307087" WIDTH="40.818897637795274" VPOS="488.40944881889766" HPOS="18.4251968503937" CONTENT="avant" ID="tl_39_1" STYLEREFS="FONT0"/>
            <SP HEIGHT="10.771653543307087" WIDTH="4.535433070866142" VPOS="488.40944881889766" HPOS="59.24409448818898"/>
            <String HEIGHT="10.771653543307087" WIDTH="27.212598425196852" VPOS="488.40944881889766" HPOS="45.63779527559055" CONTENT="et" ID="tl_39_2" STYLEREFS="FONT0"/>
            <SP HEIGHT="10.771653543307087" WIDTH="4.535433070866142" VPOS="488.40944881889766" HPOS="72.85039370078741"/>
            <String HEIGHT="10.771653543307087" WIDTH="40.818897637795274" VPOS="488.40944881889766" HPOS="59.24409448818898" CONTENT="après" ID="tl_39_3" STYLEREFS="FONT0"/>
            <SP HEIGHT="10.771653543307087" WIDTH="4.535433070866142" VPOS="488.40944881889766" HPOS="100.06299212598425"/>
            <String HEIGHT="10.771653543307087" WIDTH="27.212598425196852" VPOS="488.40944881889766" HPOS="86.45669291338582" CONTENT="la" ID="tl_39_4" STYLEREFS="FONT0"/>
            <SP HEIGHT="10.771653543307087" WIDTH="4.535433070866142" VPOS="488.40944881889766" HPOS="113.66929133858268"/>
            <String HEIGHT="10.771653543307087" WIDTH="63.496062992125985" VPOS="488.40944881889766" HPOS="100.06299212598425" CONTENT="Révolution" ID="tl_39_5" STYLEREFS="FONT0"/>
            <SP HEIGHT="10.771653543307087" WIDTH="4.535433070866142" VPOS="488.40944881889766" HPOS="163.2755905511811"/>
            <String HEIGHT="10.771653543307087" WIDTH="27.212598425196852" VPOS="488.40944881889766" HPOS="149.95275590551182" CONTENT="de" ID="tl_39_6" STYLEREFS="FONT0"/>
            <SP HEIGHT="10.771653543307087" WIDTH="4.535433070866142" VPOS="488.40944881889766" HPOS="176.88188976377953"/>
            <String HEIGHT="10.771653543307087" WIDTH="40.818897637795274" VPOS="488.40944881889766" HPOS="163.2755905511811" CONTENT="1917," ID="tl_39_7" STYLEREFS="FONT0"/>
            <SP HEIGHT="10.771653543307087" WIDTH="4.535433070866142" VPOS="488.40944881889766" HPOS="204.09448818897638"/>
            <String HEIGHT="10.771653543307087" WIDTH="54.425196850393704" VPOS="488.40944881889766" HPOS="190.48818897637796" CONTENT="Bielutin" ID="tl_39_8" STYLEREFS="FONT0"/>
            <SP HEIGHT="10.771653543307087" WIDTH="4.535433070866142" VPOS="488.40944881889766" HPOS="244.91338582677164"/>
            <String HEIGHT="10.771653543307087" WIDTH="27.212598425196852" VPOS="488.40944881889766" HPOS="231.30708661417322" CONTENT="se" ID="tl_39_9" STYLEREFS="FONT0"/>
            <SP HEIGHT="10.771653543307087" WIDTH="4.535433070866142" VPOS="488.40944881889766" HPOS="258.5196850393701"/>
            <String HEIGHT="10.771653543307087" WIDTH="36.28346456692913" VPOS="488.40944881889766" HPOS="240.3779527559055" CONTENT="trouve" ID="tl_39_10" STYLEREFS="FONT0"/>
          </TextLine>
          <TextLine ID="tl_40" BASELINE="1791" HEIGHT="10.204724409448819" WIDTH="252.8503937007874" VPOS="497.4803149606299" HPOS="23.52755905511811">
            <String HEIGHT="10.204724409448819" WIDTH="81.35433070866142" VPOS="497.4803149606299" HPOS="18.992125984251967" CONTENT="naturellement," ID="tl_40_1" STYLEREFS="FONT0"/>
            <SP HEIGHT="10.204724409448819" WIDTH="4.535433070866142" VPOS="497.4803149606299" HPOS="100.34645669291339"/>
            <String HEIGHT="10.204724409448819" WIDTH="31.748031496062993" VPOS="497.4803149606299" HPOS="86.74015748031496" CONTENT="dès" ID="tl_40_2" STYLEREFS="FONT0"/>
            <SP HEIGHT="10.204724409448819" WIDTH="4.535433070866142" VPOS="497.4803149606299" HPOS="118.48818897637796"/>
            <String HEIGHT="10.204724409448819" WIDTH="40.53543307086614" VPOS="497.4803149606299" HPOS="104.88188976377953" CONTENT="1954," ID="tl_40_3" STYLEREFS="FONT0"/>
            <SP HEIGHT="10.204724409448819" WIDTH="4.535433070866142" VPOS="497.4803149606299" HPOS="145.41732283464566"/>
            <String HEIGHT="10.204724409448819" WIDTH="22.677165354330707" VPOS="497.4803149606299" HPOS="131.81102362204723" CONTENT="à" ID="tl_40_4" STYLEREFS="FONT0"/>
            <SP HEIGHT="10.204724409448819" WIDTH="4.535433070866142" VPOS="497.4803149606299" HPOS="154.48818897637796"/>
            <String HEIGHT="10.204724409448819" WIDTH="27.212598425196852" VPOS="497.4803149606299" HPOS="140.88188976377953" CONTENT="la" ID="tl_40_5" STYLEREFS="FONT0"/>
            <SP HEIGHT="10.204724409448819" WIDTH="4.535433070866142" VPOS="497.4803149606299" HPOS="168.09448818897638"/>
            <String HEIGHT="10.204724409448819" WIDTH="36.0" VPOS="497.4803149606299" HPOS="154.48818897637796" CONTENT="tête" ID="tl_40_6" STYLEREFS="FONT0"/>
            <SP HEIGHT="10.204724409448819" WIDTH="4.535433070866142" VPOS="497.4803149606299" HPOS="190.48818897637796"/>
            <String HEIGHT="10.204724409448819" WIDTH="27.212598425196852" VPOS="497.4803149606299" HPOS="177.16535433070865" CONTENT="du" ID="tl_40_7" STYLEREFS="FONT0"/>
            <SP HEIGHT="10.204724409448819" WIDTH="4.535433070866142" VPOS="497.4803149606299" HPOS="204.09448818897638"/>
            <String HEIGHT="10.204724409448819" WIDTH="58.67716535433071" VPOS="497.4803149606299" HPOS="190.48818897637796" CONTENT="mouvement" ID="tl_40_8" STYLEREFS="FONT0"/>
            <SP HEIGHT="10.204724409448819" WIDTH="4.535433070866142" VPOS="497.4803149606299" HPOS="249.16535433070865"/>
            <String HEIGHT="10.204724409448819" WIDTH="45.07086614173228" VPOS="497.4803149606299" HPOS="231.30708661417322" CONTENT="artisti" SUBS_TYPE="HypPart1" SUBS_CONTENT="artistique" ID="tl_40_9" STYLEREFS="FONT0"/>
            <HYP CONTENT="-"/>
          </TextLine>
          <TextLine ID="tl_41" BASELINE="1835" HEIGHT="11.905511811023622" WIDTH="253.41732283464566" VPOS="508.251968503937" HPOS="23.244094488188978">
            <String HEIGHT="11.905511811023622" WIDTH="33.44881889763779" VPOS="508.251968503937" HPOS="18.4251968503937" CONTENT="que" SUBS_TYPE="HypPart2" SUBS_CONTENT="artistique" ID="tl_41_1" STYLEREFS="FONT0"/>
            <SP HEIGHT="11.905511811023622" WIDTH="4.818897637795276" VPOS="508.251968503937" HPOS="51.874015748031496"/>
            <String HEIGHT="11.905511811023622" WIDTH="28.62992125984252" VPOS="508.251968503937" HPOS="37.7007874015748" CONTENT="le" ID="tl_41_2" STYLEREFS="FONT0"/>
            <SP HEIGHT="11.905511811023622" WIDTH="4.818897637795276" VPOS="508.251968503937" HPOS="66.33070866141732"/>
            <String HEIGHT="11.905511811023622" WIDTH="38.267716535433074" VPOS="508.251968503937" HPOS="51.874015748031496" CONTENT="plus" ID="tl_41_3" STYLEREFS="FONT0"/>
            <SP HEIGHT="11.905511811023622" WIDTH="4.818897637795276" VPOS="508.251968503937" HPOS="90.14173228346456"/>
            <String HEIGHT="11.905511811023622" WIDTH="62.07874015748032" VPOS="508.251968503937" HPOS="75.96850393700787" CONTENT="audacieux" ID="tl_41_4" STYLEREFS="FONT0"/>
            <SP HEIGHT="11.905511811023622" WIDTH="4.818897637795276" VPOS="508.251968503937" HPOS="138.04724409448818"/>
            <String HEIGHT="11.905511811023622" WIDTH="28.62992125984252" VPOS="508.251968503937" HPOS="123.59055118110236" CONTENT="en" ID="tl_41_5" STYLEREFS="FONT0"/>
            <SP HEIGHT="11.905511811023622" WIDTH="4.818897637795276" VPOS="508.251968503937" HPOS="152.2204724409449"/>
            <String HEIGHT="11.905511811023622" WIDTH="57.25984251968504" VPOS="508.251968503937" HPOS="138.04724409448818" CONTENT="U.R.S.S." ID="tl_41_6" STYLEREFS="FONT0"/>
            <SP HEIGHT="11.905511811023622" WIDTH="4.818897637795276" VPOS="508.251968503937" HPOS="195.30708661417322"/>
            <String HEIGHT="11.905511811023622" WIDTH="62.07874015748032" VPOS="508.251968503937" HPOS="181.13385826771653" CONTENT="notamment" ID="tl_41_7" STYLEREFS="FONT0"/>
            <SP HEIGHT="11.905511811023622" WIDTH="4.818897637795276" VPOS="508.251968503937" HPOS="243.21259842519686"/>
            <String HEIGHT="11.905511811023622" WIDTH="43.08661417322835" VPOS="508.251968503937" HPOS="228.75590551181102" CONTENT="formé" ID="tl_41_8" STYLEREFS="FONT0"/>
            <SP HEIGHT="11.905511811023622" WIDTH="4.818897637795276" VPOS="508.251968503937" HPOS="271.84251968503935"/>
            <String HEIGHT="11.905511811023622" WIDTH="23.811023622047244" VPOS="508.251968503937" HPOS="252.8503937007874" CONTENT="par" ID="tl_41_9" STYLEREFS="FONT0"/>
          </TextLine>
          <TextLine ID="tl_42" BASELINE="1860" HEIGHT="11.338582677165354" WIDTH="252.56692913385828" VPOS="515.9055118110236" HPOS="23.244094488188978">
            <String HEIGHT="11.338582677165354" WIDTH="32.031496062992126" VPOS="515.9055118110236" HPOS="18.708661417322833" CONTENT="les" ID="tl_42_1" STYLEREFS="FONT0"/>
            <SP HEIGHT="11.338582677165354" WIDTH="4.535433070866142" VPOS="515.9055118110236" HPOS="50.74015748031496"/>
            <String HEIGHT="11.338582677165354" WIDTH="45.92125984251968" VPOS="515.9055118110236" HPOS="37.13385826771653" CONTENT="jeunes" ID="tl_42_2" STYLEREFS="FONT0"/>
            <SP HEIGHT="11.338582677165354" WIDTH="4.535433070866142" VPOS="515.9055118110236" HPOS="83.05511811023622"/>
            <String HEIGHT="11.338582677165354" WIDTH="41.38582677165354" VPOS="515.9055118110236" HPOS="69.16535433070867" CONTENT="qu’on" ID="tl_42_3" STYLEREFS="FONT0"/>
            <SP HEIGHT="11.338582677165354" WIDTH="4.535433070866142" VPOS="515.9055118110236" HPOS="110.55118110236221"/>
            <String HEIGHT="11.338582677165354" WIDTH="50.45669291338583" VPOS="515.9055118110236" HPOS="96.66141732283465" CONTENT="désigne" ID="tl_42_4" STYLEREFS="FONT0"/>
            <SP HEIGHT="11.338582677165354" WIDTH="4.535433070866142" VPOS="515.9055118110236" HPOS="147.11811023622047"/>
            <String HEIGHT="11.338582677165354" WIDTH="27.496062992125985" VPOS="515.9055118110236" HPOS="133.51181102362204" CONTENT="du" ID="tl_42_5" STYLEREFS="FONT0"/>
            <SP HEIGHT="11.338582677165354" WIDTH="4.535433070866142" VPOS="515.9055118110236" HPOS="161.00787401574803"/>
            <String HEIGHT="11.338582677165354" WIDTH="32.031496062992126" VPOS="515.9055118110236" HPOS="147.11811023622047" CONTENT="nom" ID="tl_42_6" STYLEREFS="FONT0"/>
            <SP HEIGHT="11.338582677165354" WIDTH="4.535433070866142" VPOS="515.9055118110236" HPOS="179.43307086614172"/>
            <String HEIGHT="11.338582677165354" WIDTH="27.496062992125985" VPOS="515.9055118110236" HPOS="165.54330708661416" CONTENT="de" ID="tl_42_7" STYLEREFS="FONT0"/>
            <SP HEIGHT="11.338582677165354" WIDTH="4.535433070866142" VPOS="515.9055118110236" HPOS="193.03937007874015"/>
            <String HEIGHT="11.338582677165354" WIDTH="54.99212598425197" VPOS="515.9055118110236" HPOS="179.43307086614172" CONTENT="«Réalité" ID="tl_42_8" STYLEREFS="FONT0"/>
            <SP HEIGHT="11.338582677165354" WIDTH="4.535433070866142" VPOS="515.9055118110236" HPOS="234.4251968503937"/>
            <String HEIGHT="11.338582677165354" WIDTH="54.99212598425197" VPOS="515.9055118110236" HPOS="220.8188976377953" CONTENT="nouvelle" ID="tl_42_9" STYLEREFS="FONT0"/>
            <SP HEIGHT="11.338582677165354" WIDTH="4.535433070866142" VPOS="515.9055118110236" HPOS="275.81102362204723"/>
            <String HEIGHT="11.338582677165354" WIDTH="18.4251968503937" VPOS="515.9055118110236" HPOS="257.38582677165357" CONTENT="»." ID="tl_42_10" STYLEREFS="FONT0"/>
          </TextLine>
          <TextLine ID="tl_43" BASELINE="1891" HEIGHT="10.488188976377952" WIDTH="252.8503937007874" VPOS="525.5433070866142" HPOS="22.677165354330707">
            <String HEIGHT="10.488188976377952" WIDTH="45.63779527559055" VPOS="525.5433070866142" HPOS="17.5748031496063" CONTENT="C’est" ID="tl_43_1" STYLEREFS="FONT0"/>
            <SP HEIGHT="10.488188976377952" WIDTH="5.102362204724409" VPOS="525.5433070866142" HPOS="63.21259842519685"/>
            <String HEIGHT="10.488188976377952" WIDTH="30.330708661417322" VPOS="525.5433070866142" HPOS="47.90551181102362" CONTENT="de" ID="tl_43_2" STYLEREFS="FONT0"/>
            <SP HEIGHT="10.488188976377952" WIDTH="5.102362204724409" VPOS="525.5433070866142" HPOS="78.23622047244095"/>
            <String HEIGHT="10.488188976377952" WIDTH="30.330708661417322" VPOS="525.5433070866142" HPOS="63.21259842519685" CONTENT="ce" ID="tl_43_3" STYLEREFS="FONT0"/>
            <SP HEIGHT="10.488188976377952" WIDTH="5.102362204724409" VPOS="525.5433070866142" HPOS="93.54330708661418"/>
            <String HEIGHT="10.488188976377952" WIDTH="70.86614173228347" VPOS="525.5433070866142" HPOS="78.23622047244095" CONTENT="mouvement," ID="tl_43_4" STYLEREFS="FONT0"/>
            <SP HEIGHT="10.488188976377952" WIDTH="5.102362204724409" VPOS="525.5433070866142" HPOS="149.10236220472441"/>
            <String HEIGHT="10.488188976377952" WIDTH="35.43307086614173" VPOS="525.5433070866142" HPOS="133.79527559055117" CONTENT="qui" ID="tl_43_5" STYLEREFS="FONT0"/>
            <SP HEIGHT="10.488188976377952" WIDTH="5.102362204724409" VPOS="525.5433070866142" HPOS="169.22834645669292"/>
            <String HEIGHT="10.488188976377952" WIDTH="45.63779527559055" VPOS="525.5433070866142" HPOS="154.20472440944883" CONTENT="donna" ID="tl_43_6" STYLEREFS="FONT0"/>
            <SP HEIGHT="10.488188976377952" WIDTH="5.102362204724409" VPOS="525.5433070866142" HPOS="199.55905511811022"/>
            <String HEIGHT="10.488188976377952" WIDTH="40.53543307086614" VPOS="525.5433070866142" HPOS="184.53543307086613" CONTENT="lieu" ID="tl_43_7" STYLEREFS="FONT0"/>
            <SP HEIGHT="10.488188976377952" WIDTH="5.102362204724409" VPOS="525.5433070866142" HPOS="225.0708661417323"/>
            <String HEIGHT="10.488188976377952" WIDTH="25.228346456692915" VPOS="525.5433070866142" HPOS="209.76377952755905" CONTENT="à" ID="tl_43_8" STYLEREFS="FONT0"/>
            <SP HEIGHT="10.488188976377952" WIDTH="5.102362204724409" VPOS="525.5433070866142" HPOS="234.99212598425197"/>
            <String HEIGHT="10.488188976377952" WIDTH="30.330708661417322" VPOS="525.5433070866142" HPOS="219.96850393700788" CONTENT="la" ID="tl_43_9" STYLEREFS="FONT0"/>
            <SP HEIGHT="10.488188976377952" WIDTH="5.102362204724409" VPOS="525.5433070866142" HPOS="250.29921259842519"/>
            <String HEIGHT="10.488188976377952" WIDTH="45.63779527559055" VPOS="525.5433070866142" HPOS="229.88976377952756" CONTENT="célèbre" ID="tl_43_10" STYLEREFS="FONT0"/>
          </TextLine>
          <TextLine ID="tl_44" BASELINE="1936" HEIGHT="13.606299212598426" WIDTH="253.13385826771653" VPOS="535.1811023622047" HPOS="22.677165354330707">
            <String HEIGHT="13.606299212598426" WIDTH="68.03149606299213" VPOS="535.1811023622047" HPOS="17.858267716535433" CONTENT="exposition" ID="tl_44_1" STYLEREFS="FONT0"/>
            <SP HEIGHT="13.606299212598426" WIDTH="4.818897637795276" VPOS="535.1811023622047" HPOS="85.88976377952756"/>
            <String HEIGHT="13.606299212598426" WIDTH="29.19685039370079" VPOS="535.1811023622047" HPOS="71.43307086614173" CONTENT="de" ID="tl_44_2" STYLEREFS="FONT0"/>
            <SP HEIGHT="13.606299212598426" WIDTH="4.818897637795276" VPOS="535.1811023622047" HPOS="100.62992125984252"/>
            <String HEIGHT="13.606299212598426" WIDTH="38.83464566929134" VPOS="535.1811023622047" HPOS="85.88976377952756" CONTENT="1962" ID="tl_44_3" STYLEREFS="FONT0"/>
            <SP HEIGHT="13.606299212598426" WIDTH="4.818897637795276" VPOS="535.1811023622047" HPOS="125.00787401574803"/>
            <String HEIGHT="13.606299212598426" WIDTH="29.19685039370079" VPOS="535.1811023622047" HPOS="110.26771653543307" CONTENT="au" ID="tl_44_4" STYLEREFS="FONT0"/>
            <SP HEIGHT="13.606299212598426" WIDTH="4.818897637795276" VPOS="535.1811023622047" HPOS="139.46456692913387"/>
            <String HEIGHT="13.606299212598426" WIDTH="48.75590551181102" VPOS="535.1811023622047" HPOS="125.00787401574803" CONTENT="Manège" ID="tl_44_5" STYLEREFS="FONT0"/>
            <SP HEIGHT="13.606299212598426" WIDTH="4.818897637795276" VPOS="535.1811023622047" HPOS="173.48031496062993"/>
            <String HEIGHT="13.606299212598426" WIDTH="29.19685039370079" VPOS="535.1811023622047" HPOS="159.0236220472441" CONTENT="de" ID="tl_44_6" STYLEREFS="FONT0"/>
            <SP HEIGHT="13.606299212598426" WIDTH="4.818897637795276" VPOS="535.1811023622047" HPOS="188.2204724409449"/>
            <String HEIGHT="13.606299212598426" WIDTH="53.574803149606296" VPOS="535.1811023622047" HPOS="173.48031496062993" CONTENT="Moscou," ID="tl_44_7" STYLEREFS="FONT0"/>
            <SP HEIGHT="13.606299212598426" WIDTH="4.818897637795276" VPOS="535.1811023622047" HPOS="227.0551181102362"/>
            <String HEIGHT="13.606299212598426" WIDTH="34.01574803149607" VPOS="535.1811023622047" HPOS="212.5984251968504" CONTENT="que" ID="tl_44_8" STYLEREFS="FONT0"/>
            <SP HEIGHT="13.606299212598426" WIDTH="4.818897637795276" VPOS="535.1811023622047" HPOS="246.61417322834646"/>
            <String HEIGHT="13.606299212598426" WIDTH="48.75590551181102" VPOS="535.1811023622047" HPOS="227.0551181102362" CONTENT="devaient" ID="tl_44_9" STYLEREFS="FONT0"/>
          </TextLine>
          <TextLine ID="tl_45" BASELINE="1960" HEIGHT="10.771653543307087" WIDTH="253.70078740157481" VPOS="544.8188976377953" HPOS="21.826771653543307">
            <String HEIGHT="10.771653543307087" WIDTH="49.889763779527556" VPOS="544.8188976377953" HPOS="17.291338582677167" CONTENT="jaillir" ID="tl_45_1" STYLEREFS="FONT0"/>
            <SP HEIGHT="10.771653543307087" WIDTH="4.535433070866142" VPOS="544.8188976377953" HPOS="67.18110236220473"/>
            <String HEIGHT="10.771653543307087" WIDTH="31.748031496062993" VPOS="544.8188976377953" HPOS="53.574803149606296" CONTENT="les" ID="tl_45_2" STYLEREFS="FONT0"/>
            <SP HEIGHT="10.771653543307087" WIDTH="4.535433070866142" VPOS="544.8188976377953" HPOS="85.32283464566929"/>
            <String HEIGHT="10.771653543307087" WIDTH="58.960629921259844" VPOS="544.8188976377953" HPOS="71.71653543307086" CONTENT="prémisses" ID="tl_45_3" STYLEREFS="FONT0"/>
            <SP HEIGHT="10.771653543307087" WIDTH="4.535433070866142" VPOS="544.8188976377953" HPOS="130.6771653543307"/>
            <String HEIGHT="10.771653543307087" WIDTH="36.28346456692913" VPOS="544.8188976377953" HPOS="117.07086614173228" CONTENT="pour" ID="tl_45_4" STYLEREFS="FONT0"/>
            <SP HEIGHT="10.771653543307087" WIDTH="4.535433070866142" VPOS="544.8188976377953" HPOS="153.0708661417323"/>
            <String HEIGHT="10.771653543307087" WIDTH="27.212598425196852" VPOS="544.8188976377953" HPOS="139.748031496063" CONTENT="un" ID="tl_45_5" STYLEREFS="FONT0"/>
            <SP HEIGHT="10.771653543307087" WIDTH="4.535433070866142" VPOS="544.8188976377953" HPOS="166.6771653543307"/>
            <String HEIGHT="10.771653543307087" WIDTH="81.63779527559055" VPOS="544.8188976377953" HPOS="153.0708661417323" CONTENT="renouvellement" ID="tl_45_6" STYLEREFS="FONT0"/>
            <SP HEIGHT="10.771653543307087" WIDTH="4.535433070866142" VPOS="544.8188976377953" HPOS="234.70866141732284"/>
            <String HEIGHT="10.771653543307087" WIDTH="27.212598425196852" VPOS="544.8188976377953" HPOS="221.10236220472441" CONTENT="de" ID="tl_45_7" STYLEREFS="FONT0"/>
            <SP HEIGHT="10.771653543307087" WIDTH="4.535433070866142" VPOS="544.8188976377953" HPOS="248.31496062992127"/>
            <String HEIGHT="10.771653543307087" WIDTH="27.212598425196852" VPOS="544.8188976377953" HPOS="234.70866141732284" CONTENT="la" ID="tl_45_8" STYLEREFS="FONT0"/>
            <SP HEIGHT="10.771653543307087" WIDTH="4.535433070866142" VPOS="544.8188976377953" HPOS="261.9212598425197"/>
            <String HEIGHT="10.771653543307087" WIDTH="31.748031496062993" VPOS="544.8188976377953" HPOS="243.7795275590551" CONTENT="pein" SUBS_TYPE="HypPart1" SUBS_CONTENT="peinture" ID="tl_45_9" STYLEREFS="FONT0"/>
            <HYP CONTENT="-"/>
          </TextLine>
          <TextLine ID="tl_46" BASELINE="1996" HEIGHT="11.338582677165354" WIDTH="253.70078740157481" VPOS="554.4566929133858" HPOS="22.11023622047244">
            <String HEIGHT="11.338582677165354" WIDTH="36.28346456692913" VPOS="554.4566929133858" HPOS="17.5748031496063" CONTENT="ture" SUBS_TYPE="HypPart2" SUBS_CONTENT="peinture" ID="tl_46_1" STYLEREFS="FONT0"/>
            <SP HEIGHT="11.338582677165354" WIDTH="4.535433070866142" VPOS="554.4566929133858" HPOS="53.85826771653543"/>
            <String HEIGHT="11.338582677165354" WIDTH="40.818897637795274" VPOS="554.4566929133858" HPOS="40.25196850393701" CONTENT="russe" ID="tl_46_2" STYLEREFS="FONT0"/>
            <SP HEIGHT="11.338582677165354" WIDTH="4.535433070866142" VPOS="554.4566929133858" HPOS="81.07086614173228"/>
            <String HEIGHT="11.338582677165354" WIDTH="27.212598425196852" VPOS="554.4566929133858" HPOS="67.46456692913385" CONTENT="en" ID="tl_46_3" STYLEREFS="FONT0"/>
            <SP HEIGHT="11.338582677165354" WIDTH="4.535433070866142" VPOS="554.4566929133858" HPOS="94.67716535433071"/>
            <String HEIGHT="11.338582677165354" WIDTH="45.354330708661415" VPOS="554.4566929133858" HPOS="81.07086614173228" CONTENT="dehors" ID="tl_46_4" STYLEREFS="FONT0"/>
            <SP HEIGHT="11.338582677165354" WIDTH="4.535433070866142" VPOS="554.4566929133858" HPOS="126.4251968503937"/>
            <String HEIGHT="11.338582677165354" WIDTH="27.212598425196852" VPOS="554.4566929133858" HPOS="112.81889763779527" CONTENT="et" ID="tl_46_5" STYLEREFS="FONT0"/>
            <SP HEIGHT="11.338582677165354" WIDTH="4.535433070866142" VPOS="554.4566929133858" HPOS="140.03149606299212"/>
            <String HEIGHT="11.338582677165354" WIDTH="49.889763779527556" VPOS="554.4566929133858" HPOS="126.4251968503937" CONTENT="au-delà" ID="tl_46_6" STYLEREFS="FONT0"/>
            <SP HEIGHT="11.338582677165354" WIDTH="4.535433070866142" VPOS="554.4566929133858" HPOS="176.03149606299212"/>
            <String HEIGHT="11.338582677165354" WIDTH="31.748031496062993" VPOS="554.4566929133858" HPOS="162.4251968503937" CONTENT="des" ID="tl_46_7" STYLEREFS="FONT0"/>
            <SP HEIGHT="11.338582677165354" WIDTH="4.535433070866142" VPOS="554.4566929133858" HPOS="194.17322834645668"/>
            <String HEIGHT="11.338582677165354" WIDTH="81.63779527559055" VPOS="554.4566929133858" HPOS="180.56692913385828" CONTENT="manifestations" ID="tl_46_8" STYLEREFS="FONT0"/>
            <SP HEIGHT="11.338582677165354" WIDTH="4.535433070866142" VPOS="554.4566929133858" HPOS="262.20472440944883"/>
            <String HEIGHT="11.338582677165354" WIDTH="31.748031496062993" VPOS="554.4566929133858" HPOS="244.06299212598427" CONTENT="offi" SUBS_TYPE="HypPart1" SUBS_CONTENT="officielles." ID="tl_46_9" STYLEREFS="FONT0"/>
            <HYP CONTENT="-"/>
          </TextLine>
          <TextLine ID="tl_47" BASELINE="2028" HEIGHT="11.622047244094489" WIDTH="253.98425196850394" VPOS="563.2440944881889" HPOS="21.826771653543307">
            <String HEIGHT="11.622047244094489" WIDTH="54.425196850393704" VPOS="563.2440944881889" HPOS="17.291338582677167" CONTENT="cielles." SUBS_TYPE="HypPart2" SUBS_CONTENT="officielles." ID="tl_47_1" STYLEREFS="FONT0"/>
            <SP HEIGHT="11.622047244094489" WIDTH="4.535433070866142" VPOS="563.2440944881889" HPOS="71.71653543307086"/>
            <String HEIGHT="11.622047244094489" WIDTH="49.889763779527556" VPOS="563.2440944881889" HPOS="58.110236220472444" CONTENT="L’œuvre" ID="tl_47_2" STYLEREFS="FONT0"/>
            <SP HEIGHT="11.622047244094489" WIDTH="4.535433070866142" VPOS="563.2440944881889" HPOS="108.0"/>
            <String HEIGHT="11.622047244094489" WIDTH="27.212598425196852" VPOS="563.2440944881889" HPOS="94.39370078740157" CONTENT="de" ID="tl_47_3" STYLEREFS="FONT0"/>
            <SP HEIGHT="11.622047244094489" WIDTH="4.535433070866142" VPOS="563.2440944881889" HPOS="121.60629921259843"/>
            <String HEIGHT="11.622047244094489" WIDTH="58.960629921259844" VPOS="563.2440944881889" HPOS="108.0" CONTENT="Bielutin," ID="tl_47_4" STYLEREFS="FONT0"/>
            <SP HEIGHT="11.622047244094489" WIDTH="4.535433070866142" VPOS="563.2440944881889" HPOS="166.96062992125985"/>
            <String HEIGHT="11.622047244094489" WIDTH="63.496062992125985" VPOS="563.2440944881889" HPOS="153.35433070866142" CONTENT="éminemment" ID="tl_47_5" STYLEREFS="FONT0"/>
            <SP HEIGHT="11.622047244094489" WIDTH="4.535433070866142" VPOS="563.2440944881889" HPOS="216.8503937007874"/>
            <String HEIGHT="11.622047244094489" WIDTH="77.10236220472441" VPOS="563.2440944881889" HPOS="198.70866141732284" CONTENT="expressionniste" ID="tl_47_6" STYLEREFS="FONT0"/>
          </TextLine>
          <TextLine ID="tl_48" BASELINE="2058" HEIGHT="10.488188976377952" WIDTH="253.41732283464566" VPOS="572.8818897637796" HPOS="22.11023622047244">
            <String HEIGHT="10.488188976377952" WIDTH="36.8503937007874" VPOS="572.8818897637796" HPOS="17.5748031496063" CONTENT="mais" ID="tl_48_1" STYLEREFS="FONT0"/>
            <SP HEIGHT="10.488188976377952" WIDTH="4.535433070866142" VPOS="572.8818897637796" HPOS="54.425196850393704"/>
            <String HEIGHT="10.488188976377952" WIDTH="50.74015748031496" VPOS="572.8818897637796" HPOS="40.53543307086614" CONTENT="tendant" ID="tl_48_2" STYLEREFS="FONT0"/>
            <SP HEIGHT="10.488188976377952" WIDTH="4.535433070866142" VPOS="572.8818897637796" HPOS="91.2755905511811"/>
            <String HEIGHT="10.488188976377952" WIDTH="36.8503937007874" VPOS="572.8818897637796" HPOS="77.38582677165354" CONTENT="vers" ID="tl_48_3" STYLEREFS="FONT0"/>
            <SP HEIGHT="10.488188976377952" WIDTH="4.535433070866142" VPOS="572.8818897637796" HPOS="114.23622047244095"/>
            <String HEIGHT="10.488188976377952" WIDTH="83.05511811023622" VPOS="572.8818897637796" HPOS="100.34645669291339" CONTENT="l’abstraction," ID="tl_48_4" STYLEREFS="FONT0"/>
            <SP HEIGHT="10.488188976377952" WIDTH="4.535433070866142" VPOS="572.8818897637796" HPOS="183.4015748031496"/>
            <String HEIGHT="10.488188976377952" WIDTH="27.77952755905512" VPOS="572.8818897637796" HPOS="169.51181102362204" CONTENT="où" ID="tl_48_5" STYLEREFS="FONT0"/>
            <SP HEIGHT="10.488188976377952" WIDTH="4.535433070866142" VPOS="572.8818897637796" HPOS="197.29133858267716"/>
            <String HEIGHT="10.488188976377952" WIDTH="32.31496062992126" VPOS="572.8818897637796" HPOS="183.4015748031496" CONTENT="les" ID="tl_48_6" STYLEREFS="FONT0"/>
            <SP HEIGHT="10.488188976377952" WIDTH="4.535433070866142" VPOS="572.8818897637796" HPOS="215.71653543307087"/>
            <String HEIGHT="10.488188976377952" WIDTH="46.20472440944882" VPOS="572.8818897637796" HPOS="201.82677165354332" CONTENT="formes" ID="tl_48_7" STYLEREFS="FONT0"/>
            <SP HEIGHT="10.488188976377952" WIDTH="4.535433070866142" VPOS="572.8818897637796" HPOS="247.748031496063"/>
            <String HEIGHT="10.488188976377952" WIDTH="27.77952755905512" VPOS="572.8818897637796" HPOS="234.14173228346456" CONTENT="de" ID="tl_48_8" STYLEREFS="FONT0"/>
            <SP HEIGHT="10.488188976377952" WIDTH="4.535433070866142" VPOS="572.8818897637796" HPOS="261.6377952755906"/>
            <String HEIGHT="10.488188976377952" WIDTH="32.31496062992126" VPOS="572.8818897637796" HPOS="243.21259842519686" CONTENT="l’œil" ID="tl_48_9" STYLEREFS="FONT0"/>
          </TextLine>
          <TextLine ID="tl_49" BASELINE="2089" HEIGHT="10.488188976377952" WIDTH="253.98425196850394" VPOS="581.6692913385826" HPOS="21.826771653543307">
            <String HEIGHT="10.488188976377952" WIDTH="26.64566929133858" VPOS="581.6692913385826" HPOS="17.291338582677167" CONTENT="et" ID="tl_49_1" STYLEREFS="FONT0"/>
            <SP HEIGHT="10.488188976377952" WIDTH="4.535433070866142" VPOS="581.6692913385826" HPOS="44.22047244094488"/>
            <String HEIGHT="10.488188976377952" WIDTH="26.64566929133858" VPOS="581.6692913385826" HPOS="30.614173228346456" CONTENT="de" ID="tl_49_2" STYLEREFS="FONT0"/>
            <SP HEIGHT="10.488188976377952" WIDTH="4.535433070866142" VPOS="581.6692913385826" HPOS="57.54330708661417"/>
            <String HEIGHT="10.488188976377952" WIDTH="49.039370078740156" VPOS="581.6692913385826" HPOS="44.22047244094488" CONTENT="l’homme" ID="tl_49_3" STYLEREFS="FONT0"/>
            <SP HEIGHT="10.488188976377952" WIDTH="4.535433070866142" VPOS="581.6692913385826" HPOS="93.25984251968504"/>
            <String HEIGHT="10.488188976377952" WIDTH="57.826771653543304" VPOS="581.6692913385826" HPOS="79.65354330708661" CONTENT="voisinent" ID="tl_49_4" STYLEREFS="FONT0"/>
            <SP HEIGHT="10.488188976377952" WIDTH="4.535433070866142" VPOS="581.6692913385826" HPOS="137.76377952755905"/>
            <String HEIGHT="10.488188976377952" WIDTH="35.71653543307087" VPOS="581.6692913385826" HPOS="124.44094488188976" CONTENT="avec" ID="tl_49_5" STYLEREFS="FONT0"/>
            <SP HEIGHT="10.488188976377952" WIDTH="4.535433070866142" VPOS="581.6692913385826" HPOS="159.8740157480315"/>
            <String HEIGHT="10.488188976377952" WIDTH="31.181102362204726" VPOS="581.6692913385826" HPOS="146.5511811023622" CONTENT="des" ID="tl_49_6" STYLEREFS="FONT0"/>
            <SP HEIGHT="10.488188976377952" WIDTH="4.535433070866142" VPOS="581.6692913385826" HPOS="177.73228346456693"/>
            <String HEIGHT="10.488188976377952" WIDTH="62.36220472440945" VPOS="581.6692913385826" HPOS="164.40944881889763" CONTENT="structures" ID="tl_49_7" STYLEREFS="FONT0"/>
            <SP HEIGHT="10.488188976377952" WIDTH="4.535433070866142" VPOS="581.6692913385826" HPOS="226.77165354330708"/>
            <String HEIGHT="10.488188976377952" WIDTH="53.574803149606296" VPOS="581.6692913385826" HPOS="213.4488188976378" CONTENT="ouvertes" ID="tl_49_8" STYLEREFS="FONT0"/>
            <SP HEIGHT="10.488188976377952" WIDTH="4.535433070866142" VPOS="581.6692913385826" HPOS="267.0236220472441"/>
            <String HEIGHT="10.488188976377952" WIDTH="22.393700787401574" VPOS="581.6692913385826" HPOS="253.41732283464566" CONTENT="à" ID="tl_49_9" STYLEREFS="FONT0"/>
            <SP HEIGHT="10.488188976377952" WIDTH="4.535433070866142" VPOS="581.6692913385826" HPOS="275.81102362204723"/>
            <String HEIGHT="10.488188976377952" WIDTH="17.858267716535433" VPOS="581.6692913385826" HPOS="257.9527559055118" CONTENT="la" ID="tl_49_10" STYLEREFS="FONT0"/>
          </TextLine>
          <TextLine ID="tl_50" BASELINE="2124" HEIGHT="10.771653543307087" WIDTH="253.41732283464566" VPOS="591.3070866141733" HPOS="22.11023622047244">
            <String HEIGHT="10.771653543307087" WIDTH="47.05511811023622" VPOS="591.3070866141733" HPOS="17.291338582677167" CONTENT="limite" ID="tl_50_1" STYLEREFS="FONT0"/>
            <SP HEIGHT="10.771653543307087" WIDTH="4.818897637795276" VPOS="591.3070866141733" HPOS="64.34645669291339"/>
            <String HEIGHT="10.771653543307087" WIDTH="28.062992125984252" VPOS="591.3070866141733" HPOS="50.173228346456696" CONTENT="de" ID="tl_50_2" STYLEREFS="FONT0"/>
            <SP HEIGHT="10.771653543307087" WIDTH="4.818897637795276" VPOS="591.3070866141733" HPOS="78.51968503937007"/>
            <String HEIGHT="10.771653543307087" WIDTH="70.2992125984252" VPOS="591.3070866141733" HPOS="64.34645669291339" CONTENT="l’informel," ID="tl_50_3" STYLEREFS="FONT0"/>
            <SP HEIGHT="10.771653543307087" WIDTH="4.818897637795276" VPOS="591.3070866141733" HPOS="134.64566929133858"/>
            <String HEIGHT="10.771653543307087" WIDTH="51.59055118110236" VPOS="591.3070866141733" HPOS="120.75590551181102" CONTENT="indique" ID="tl_50_4" STYLEREFS="FONT0"/>
            <SP HEIGHT="10.771653543307087" WIDTH="4.818897637795276" VPOS="591.3070866141733" HPOS="172.3464566929134"/>
            <String HEIGHT="10.771653543307087" WIDTH="37.41732283464567" VPOS="591.3070866141733" HPOS="158.17322834645668" CONTENT="avec" ID="tl_50_5" STYLEREFS="FONT0"/>
            <SP HEIGHT="10.771653543307087" WIDTH="4.818897637795276" VPOS="591.3070866141733" HPOS="195.8740157480315"/>
            <String HEIGHT="10.771653543307087" WIDTH="47.05511811023622" VPOS="591.3070866141733" HPOS="181.70078740157481" CONTENT="force," ID="tl_50_6" STYLEREFS="FONT0"/>
            <SP HEIGHT="10.771653543307087" WIDTH="4.818897637795276" VPOS="591.3070866141733" HPOS="228.4724409448819"/>
            <String HEIGHT="10.771653543307087" WIDTH="42.23622047244095" VPOS="591.3070866141733" HPOS="214.58267716535434" CONTENT="comme" ID="tl_50_7" STYLEREFS="FONT0"/>
            <SP HEIGHT="10.771653543307087" WIDTH="4.818897637795276" VPOS="591.3070866141733" HPOS="256.81889763779526"/>
            <String HEIGHT="10.771653543307087" WIDTH="28.062992125984252" VPOS="591.3070866141733" HPOS="242.64566929133858" CONTENT="le" ID="tl_50_8" STYLEREFS="FONT0"/>
            <SP HEIGHT="10.771653543307087" WIDTH="4.818897637795276" VPOS="591.3070866141733" HPOS="270.70866141732284"/>
            <String HEIGHT="10.771653543307087" WIDTH="23.52755905511811" VPOS="591.3070866141733" HPOS="252.0" CONTENT="dit" ID="tl_50_9" STYLEREFS="FONT0"/>
          </TextLine>
          <TextLine ID="tl_51" BASELINE="2157" HEIGHT="11.05511811023622" WIDTH="254.26771653543307" VPOS="600.3779527559055" HPOS="21.826771653543307">
            <String HEIGHT="11.05511811023622" WIDTH="26.362204724409448" VPOS="600.3779527559055" HPOS="17.5748031496063" CONTENT="le" ID="tl_51_1" STYLEREFS="FONT0"/>
            <SP HEIGHT="11.05511811023622" WIDTH="4.251968503937008" VPOS="600.3779527559055" HPOS="43.653543307086615"/>
            <String HEIGHT="11.05511811023622" WIDTH="52.724409448818896" VPOS="600.3779527559055" HPOS="30.614173228346456" CONTENT="critique" ID="tl_51_2" STYLEREFS="FONT0"/>
            <SP HEIGHT="11.05511811023622" WIDTH="4.251968503937008" VPOS="600.3779527559055" HPOS="83.33858267716535"/>
            <String HEIGHT="11.05511811023622" WIDTH="48.188976377952756" VPOS="600.3779527559055" HPOS="70.01574803149606" CONTENT="italien" ID="tl_51_3" STYLEREFS="FONT0"/>
            <SP HEIGHT="11.05511811023622" WIDTH="4.251968503937008" VPOS="600.3779527559055" HPOS="118.20472440944881"/>
            <String HEIGHT="11.05511811023622" WIDTH="43.93700787401575" VPOS="600.3779527559055" HPOS="105.16535433070867" CONTENT="Franco" ID="tl_51_4" STYLEREFS="FONT0"/>
            <SP HEIGHT="11.05511811023622" WIDTH="4.251968503937008" VPOS="600.3779527559055" HPOS="149.10236220472441"/>
            <String HEIGHT="11.05511811023622" WIDTH="43.93700787401575" VPOS="600.3779527559055" HPOS="135.7795275590551" CONTENT="Miele," ID="tl_51_5" STYLEREFS="FONT0"/>
            <SP HEIGHT="11.05511811023622" WIDTH="4.251968503937008" VPOS="600.3779527559055" HPOS="179.71653543307087"/>
            <String HEIGHT="11.05511811023622" WIDTH="21.826771653543307" VPOS="600.3779527559055" HPOS="166.39370078740157" CONTENT="«" ID="tl_51_6" STYLEREFS="FONT0"/>
            <SP HEIGHT="11.05511811023622" WIDTH="4.251968503937008" VPOS="600.3779527559055" HPOS="188.50393700787401"/>
            <String HEIGHT="11.05511811023622" WIDTH="78.80314960629921" VPOS="600.3779527559055" HPOS="175.1811023622047" CONTENT="l’intervention" ID="tl_51_7" STYLEREFS="FONT0"/>
            <SP HEIGHT="11.05511811023622" WIDTH="4.251968503937008" VPOS="600.3779527559055" HPOS="254.26771653543307"/>
            <String HEIGHT="11.05511811023622" WIDTH="26.362204724409448" VPOS="600.3779527559055" HPOS="240.9448818897638" CONTENT="du" ID="tl_51_8" STYLEREFS="FONT0"/>
            <SP HEIGHT="11.05511811023622" WIDTH="4.251968503937008" VPOS="600.3779527559055" HPOS="267.3070866141732"/>
            <String HEIGHT="11.05511811023622" WIDTH="26.362204724409448" VPOS="600.3779527559055" HPOS="249.73228346456693" CONTENT="je»," ID="tl_51_9" STYLEREFS="FONT0"/>
          </TextLine>
          <TextLine ID="tl_52" BASELINE="2194" HEIGHT="10.488188976377952" WIDTH="254.26771653543307" VPOS="611.4330708661417" HPOS="20.976377952755904">
            <String HEIGHT="10.488188976377952" WIDTH="73.98425196850394" VPOS="611.4330708661417" HPOS="16.440944881889763" CONTENT="c’est-à-dire" ID="tl_52_1" STYLEREFS="FONT0"/>
            <SP HEIGHT="10.488188976377952" WIDTH="4.535433070866142" VPOS="611.4330708661417" HPOS="90.4251968503937"/>
            <String HEIGHT="10.488188976377952" WIDTH="41.669291338582674" VPOS="611.4330708661417" HPOS="76.53543307086615" CONTENT="d’une" ID="tl_52_2" STYLEREFS="FONT0"/>
            <SP HEIGHT="10.488188976377952" WIDTH="4.535433070866142" VPOS="611.4330708661417" HPOS="117.92125984251969"/>
            <String HEIGHT="10.488188976377952" WIDTH="64.62992125984252" VPOS="611.4330708661417" HPOS="104.31496062992126" CONTENT="expérience" ID="tl_52_3" STYLEREFS="FONT0"/>
            <SP HEIGHT="10.488188976377952" WIDTH="4.535433070866142" VPOS="611.4330708661417" HPOS="168.9448818897638"/>
            <String HEIGHT="10.488188976377952" WIDTH="73.98425196850394" VPOS="611.4330708661417" HPOS="155.0551181102362" CONTENT="profondément" ID="tl_52_4" STYLEREFS="FONT0"/>
            <SP HEIGHT="10.488188976377952" WIDTH="4.535433070866142" VPOS="611.4330708661417" HPOS="229.03937007874015"/>
            <String HEIGHT="10.488188976377952" WIDTH="50.74015748031496" VPOS="611.4330708661417" HPOS="215.1496062992126" CONTENT="humaine" ID="tl_52_5" STYLEREFS="FONT0"/>
            <SP HEIGHT="10.488188976377952" WIDTH="4.535433070866142" VPOS="611.4330708661417" HPOS="265.8897637795276"/>
            <String HEIGHT="10.488188976377952" WIDTH="27.77952755905512" VPOS="611.4330708661417" HPOS="247.46456692913387" CONTENT="dans" ID="tl_52_6" STYLEREFS="FONT0"/>
          </TextLine>
          <TextLine ID="tl_53" BASELINE="2224" HEIGHT="11.05511811023622" WIDTH="209.1968503937008" VPOS="619.3700787401575" HPOS="21.826771653543307">
            <String HEIGHT="11.05511811023622" WIDTH="92.97637795275591" VPOS="619.3700787401575" HPOS="17.291338582677167" CONTENT="l’enchevêtrement" ID="tl_53_1" STYLEREFS="FONT0"/>
            <SP HEIGHT="11.05511811023622" WIDTH="4.535433070866142" VPOS="619.3700787401575" HPOS="110.26771653543307"/>
            <String HEIGHT="11.05511811023622" WIDTH="27.77952755905512" VPOS="619.3700787401575" HPOS="96.09448818897638" CONTENT="de" ID="tl_53_2" STYLEREFS="FONT0"/>
            <SP HEIGHT="11.05511811023622" WIDTH="4.535433070866142" VPOS="619.3700787401575" HPOS="124.15748031496064"/>
            <String HEIGHT="11.05511811023622" WIDTH="41.95275590551181" VPOS="619.3700787401575" HPOS="110.26771653543307" CONTENT="faits" ID="tl_53_3" STYLEREFS="FONT0"/>
            <SP HEIGHT="11.05511811023622" WIDTH="4.535433070866142" VPOS="619.3700787401575" HPOS="151.93700787401573"/>
            <String HEIGHT="11.05511811023622" WIDTH="55.84251968503937" VPOS="619.3700787401575" HPOS="138.04724409448818" CONTENT="purement" ID="tl_53_4" STYLEREFS="FONT0"/>
            <SP HEIGHT="11.05511811023622" WIDTH="4.535433070866142" VPOS="619.3700787401575" HPOS="193.88976377952756"/>
            <String HEIGHT="11.05511811023622" WIDTH="55.84251968503937" VPOS="619.3700787401575" HPOS="175.1811023622047" CONTENT="matériels." ID="tl_53_5" STYLEREFS="FONT0"/>
          </TextLine>
        </TextBlock>
        <TextBlock ID="r_4_1" HEIGHT="8.220472440944881" WIDTH="13.606299212598426" VPOS="643.7480314960629" HPOS="21.826771653543307">
          <TextLine ID="tl_54" BASELINE="2308" HEIGHT="11.905511811023622" WIDTH="16.724409448818896" VPOS="642.3307086614174" HPOS="20.409448818897637">
            <String HEIGHT="11.905511811023622" WIDTH="27.77952755905512" VPOS="642.3307086614174" HPOS="9.354330708661417" CONTENT="184" ID="tl_54_1" STYLEREFS="FONT0"/>
          </TextLine>
        </TextBlock>
        <GraphicalElement ID="r_5" HEIGHT="7.086614173228346" WIDTH="156.75590551181102" VPOS="0.0" HPOS="0.28346456692913385"/>
        <GraphicalElement ID="r_6" HEIGHT="177.73228346456693" WIDTH="2.8346456692913384" VPOS="0.28346456692913385" HPOS="0.0"/>
        <GraphicalElement ID="r_7" HEIGHT="171.7795275590551" WIDTH="2.5511811023622046" VPOS="178.01574803149606" HPOS="0.0"/>
        <GraphicalElement ID="r_8" HEIGHT="172.06299212598427" WIDTH="0.8503937007874016" VPOS="349.79527559055117" HPOS="0.0"/>
        <GraphicalElement ID="r_9" HEIGHT="136.91338582677164" WIDTH="0.8503937007874016" VPOS="521.8582677165355" HPOS="0.0"/>
      </PrintSpace>
    </Page>
  </Layout>
</alto>
