317.4803149606299 659.0551181102362
57.826771653543304 18.141732283464567 176.31496062992127 22.393700787401574 <b>MANIFESTATIONS
200.69291338582678 18.141732283464567 100.62992125984252 22.393700787401574 ANNEXE</b>

100.34645669291339 161.5748031496063 58.110236220472444 17.007874015748033 <b>CENTRE
145.13385826771653 161.5748031496063 40.25196850393701 17.007874015748033 D’ART
167.5275590551181 161.5748031496063 62.645669291338585 17.007874015748033 INTEGRAL</b>

70.01574803149606 176.5984251968504 32.031496062992126 19.275590551181104 20,
88.15748031496064 176.5984251968504 32.031496062992126 19.275590551181104 rue
106.58267716535433 176.5984251968504 27.496062992125985 19.275590551181104 de
120.18897637795276 176.5984251968504 59.52755905511811 19.275590551181104 Verneuil,
165.82677165354332 176.5984251968504 41.10236220472441 19.275590551181104 Paris
193.3228346456693 176.5984251968504 41.10236220472441 19.275590551181104 (7e)—
216.28346456692913 176.5984251968504 45.63779527559055 19.275590551181104 22228.17

113.10236220472441 199.2755905511811 59.811023622047244 17.858267716535433 <b>GALERIE
159.8740157480315 199.2755905511811 25.511811023622048 17.858267716535433 DE
168.66141732283464 199.2755905511811 51.30708661417323 17.858267716535433 BEAUNE</b>

73.7007874015748 211.1811023622047 28.62992125984252 21.826771653543307 5,
88.15748031496064 211.1811023622047 33.44881889763779 21.826771653543307 rue
107.14960629921259 211.1811023622047 28.62992125984252 21.826771653543307 de
121.32283464566929 211.1811023622047 52.44094488188976 21.826771653543307 Beaune,
159.59055118110237 211.1811023622047 42.803149606299215 21.826771653543307 Paris
188.2204724409449 211.1811023622047 42.803149606299215 21.826771653543307 (7e)—
212.03149606299212 211.1811023622047 47.62204724409449 21.826771653543307 222.0032

64.06299212598425 224.50393700787401 67.46456692913385 18.4251968503937 Exposition
117.07086614173228 224.50393700787401 28.913385826771652 18.4251968503937 du
131.5275590551181 224.50393700787401 24.094488188976378 18.4251968503937 2
141.16535433070865 224.50393700787401 53.00787401574803 18.4251968503937 octobre
179.43307086614172 224.50393700787401 28.913385826771652 18.4251968503937 au
193.88976377952756 224.50393700787401 24.094488188976378 18.4251968503937 2
203.5275590551181 224.50393700787401 57.826771653543304 18.4251968503937 novembre
242.07874015748033 224.50393700787401 28.913385826771652 18.4251968503937 1969

55.275590551181104 237.25984251968504 67.18110236220473 17.007874015748033 Vernissage
108.28346456692914 237.25984251968504 28.913385826771652 17.007874015748033 le
122.45669291338582 237.25984251968504 43.37007874015748 17.007874015748033 jeudi
151.37007874015748 237.25984251968504 24.094488188976378 17.007874015748033 2
161.00787401574803 237.25984251968504 53.00787401574803 17.007874015748033 octobre
199.55905511811022 237.25984251968504 28.913385826771652 17.007874015748033 de
214.01574803149606 237.25984251968504 28.913385826771652 17.007874015748033 20
228.18897637795277 237.25984251968504 24.094488188976378 17.007874015748033 h
237.82677165354332 237.25984251968504 24.094488188976378 17.007874015748033 à
242.64566929133858 237.25984251968504 38.55118110236221 17.007874015748033 minuit

55.275590551181104 248.88188976377953 36.8503937007874 19.275590551181104 Tous
78.23622047244095 248.88188976377953 32.31496062992126 19.275590551181104 les
96.66141732283465 248.88188976377953 46.20472440944882 19.275590551181104 jours,
128.9763779527559 248.88188976377953 36.8503937007874 19.275590551181104 sauf
151.93700787401573 248.88188976377953 27.77952755905512 19.275590551181104 le
165.82677165354332 248.88188976377953 60.09448818897638 19.275590551181104 dimanche,
212.03149606299212 248.88188976377953 27.77952755905512 19.275590551181104 de
225.92125984251967 248.88188976377953 27.77952755905512 19.275590551181104 10
239.81102362204723 248.88188976377953 22.96062992125984 19.275590551181104 h
248.88188976377953 248.88188976377953 22.96062992125984 19.275590551181104 à
258.23622047244095 248.88188976377953 27.77952755905512 19.275590551181104 20
267.3070866141732 248.88188976377953 13.88976377952756 19.275590551181104 h

98.36220472440945 261.9212598425197 27.77952755905512 15.307086614173228 et
112.25196850393701 261.9212598425197 27.77952755905512 15.307086614173228 le
126.14173228346456 261.9212598425197 55.55905511811024 15.307086614173228 mercredi
167.5275590551181 261.9212598425197 27.77952755905512 15.307086614173228 de
181.41732283464566 261.9212598425197 27.77952755905512 15.307086614173228 10
195.30708661417322 261.9212598425197 23.244094488188978 15.307086614173228 h
204.66141732283464 261.9212598425197 23.244094488188978 15.307086614173228 à
213.73228346456693 261.9212598425197 27.77952755905512 15.307086614173228 22
223.08661417322836 261.9212598425197 13.88976377952756 15.307086614173228 h

39.968503937007874 283.18110236220474 51.023622047244096 16.440944881889763 Aubrun
75.68503937007874 283.18110236220474 66.04724409448819 16.440944881889763 (France),
126.4251968503937 283.18110236220474 45.92125984251968 16.440944881889763 Bratu
157.03937007874015 283.18110236220474 76.25196850393701 16.440944881889763 (Roumanie),
218.26771653543307 283.18110236220474 45.92125984251968 16.440944881889763 Curie
243.49606299212599 283.18110236220474 56.125984251968504 16.440944881889763 (France),

41.10236220472441 291.68503937007875 66.04724409448819 17.858267716535433 Katsoulidis
94.11023622047244 291.68503937007875 52.724409448818896 17.858267716535433 (Grèce),
133.51181102362204 291.68503937007875 48.47244094488189 17.858267716535433 Nivaria
168.66141732283464 291.68503937007875 48.47244094488189 17.858267716535433 (Cuba),
203.81102362204723 291.68503937007875 39.68503937007874 17.858267716535433 Okuya
230.17322834645668 291.68503937007875 52.724409448818896 17.858267716535433 (Japon),
265.3228346456693 291.68503937007875 35.1496062992126 17.858267716535433 Raudys

41.10236220472441 301.03937007874015 70.58267716535433 19.559055118110237 (U.R.S.S.),
97.79527559055119 301.03937007874015 37.7007874015748 19.559055118110237 Roca
121.32283464566929 301.03937007874015 66.04724409448819 19.559055118110237 (Espagne),
173.1968503937008 301.03937007874015 51.874015748031496 19.559055118110237 Rozanès
210.89763779527559 301.03937007874015 61.22834645669291 19.559055118110237 (France),
257.9527559055118 301.03937007874015 28.346456692913385 19.559055118110237 La
267.59055118110234 301.03937007874015 32.881889763779526 19.559055118110237 Salle

111.11811023622047 312.9448818897638 57.826771653543304 14.173228346456693 (France),
155.6220472440945 312.9448818897638 44.503937007874015 14.173228346456693 Tsukui
182.5511811023622 312.9448818897638 44.503937007874015 14.173228346456693 (Japon).

42.51968503937008 326.5511811023622 37.7007874015748 19.559055118110237 Parmi
67.74803149606299 326.5511811023622 29.19685039370079 19.559055118110237 les
84.4724409448819 326.5511811023622 62.645669291338585 19.559055118110237 différentes
134.36220472440945 326.5511811023622 54.425196850393704 19.559055118110237 fonctions
176.31496062992127 326.5511811023622 24.944881889763778 19.559055118110237 de
188.78740157480314 326.5511811023622 54.425196850393704 19.559055118110237 l’artiste
230.45669291338584 326.5511811023622 33.44881889763779 19.559055118110237 dans
251.43307086614172 326.5511811023622 24.944881889763778 19.559055118110237 la
259.93700787401576 326.5511811023622 41.669291338582674 19.559055118110237 société,

42.23622047244095 339.59055118110234 42.51968503937008 15.307086614173228 l’une
70.58267716535433 339.59055118110234 51.874015748031496 15.307086614173228 d’entre
108.28346456692914 339.59055118110234 42.51968503937008 15.307086614173228 elles
136.62992125984252 339.59055118110234 56.69291338582677 15.307086614173228 consiste
179.1496062992126 339.59055118110234 23.52755905511811 15.307086614173228 à
188.50393700787401 339.59055118110234 51.874015748031496 15.307086614173228 libérer
226.48818897637796 339.59055118110234 51.874015748031496 15.307086614173228 l’homme
264.18897637795277 339.59055118110234 28.346456692913385 15.307086614173228 de
273.54330708661416 339.59055118110234 28.346456692913385 15.307086614173228 tout

42.51968503937008 347.5275590551181 47.62204724409449 18.992125984251967 confort
77.10236220472441 347.5275590551181 51.874015748031496 18.992125984251967 matériel
115.93700787401575 347.5275590551181 26.078740157480315 18.992125984251967 ou
128.9763779527559 347.5275590551181 69.16535433070867 18.992125984251967 intellectuel
185.10236220472441 347.5275590551181 60.661417322834644 18.992125984251967 préétabli,
232.7244094488189 347.5275590551181 30.330708661417322 18.992125984251967 des
245.76377952755905 347.5275590551181 56.125984251968504 18.992125984251967 conventions

42.23622047244095 358.01574803149606 35.71653543307087 16.15748031496063 dans
64.62992125984252 358.01574803149606 62.645669291338585 16.15748031496063 lesquelles
113.95275590551181 358.01574803149606 26.929133858267715 16.15748031496063 il
127.55905511811024 358.01574803149606 26.929133858267715 16.15748031496063 se
140.88188976377953 358.01574803149606 53.85826771653543 16.15748031496063 complait
181.13385826771653 358.01574803149606 26.929133858267715 16.15748031496063 ou
194.74015748031496 358.01574803149606 26.929133858267715 16.15748031496063 se
208.06299212598427 358.01574803149606 58.110236220472444 16.15748031496063 justifie,
252.8503937007874 358.01574803149606 26.929133858267715 16.15748031496063 et
266.45669291338584 358.01574803149606 26.929133858267715 16.15748031496063 de
275.244094488189 358.01574803149606 26.929133858267715 16.15748031496063 pro-

41.95275590551181 367.65354330708664 45.07086614173228 17.007874015748033 poser
72.0 367.65354330708664 30.04724409448819 17.007874015748033 un
87.02362204724409 367.65354330708664 54.99212598425197 17.007874015748033 nouveau
127.2755905511811 367.65354330708664 39.968503937007874 17.007874015748033 mode
152.2204724409449 367.65354330708664 30.04724409448819 17.007874015748033 de
167.24409448818898 367.65354330708664 39.968503937007874 17.007874015748033 vie,
192.18897637795277 367.65354330708664 35.1496062992126 17.007874015748033 une
212.31496062992127 367.65354330708664 60.09448818897638 17.007874015748033 nouvelle
252.28346456692913 367.65354330708664 50.173228346456696 17.007874015748033 éthique.

42.51968503937008 377.5748031496063 34.2992125984252 15.307086614173228 Or,
62.07874015748032 377.5748031496063 34.2992125984252 15.307086614173228 dès
81.63779527559055 377.5748031496063 44.22047244094488 15.307086614173228 qu’un
111.11811023622047 377.5748031496063 54.14173228346457 15.307086614173228 artiste
150.51968503937007 377.5748031496063 54.14173228346457 15.307086614173228 propose
189.63779527559055 377.5748031496063 34.2992125984252 15.307086614173228 une
209.48031496062993 377.5748031496063 58.960629921259844 15.307086614173228 nouvelle
253.70078740157481 377.5748031496063 49.039370078740156 15.307086614173228 vision
283.18110236220474 377.5748031496063 19.559055118110237 15.307086614173228 du

42.803149606299215 386.3622047244094 41.10236220472441 15.023622047244094 monde
70.01574803149606 386.3622047244094 27.496062992125985 15.023622047244094 il
83.90551181102362 386.3622047244094 54.70866141732284 15.023622047244094 bouscule
125.00787401574803 386.3622047244094 82.20472440944881 15.023622047244094 inévitablement
193.3228346456693 386.3622047244094 27.496062992125985 15.023622047244094 la
206.9291338582677 386.3622047244094 63.77952755905512 15.023622047244094 précédente
252.56692913385828 386.3622047244094 50.173228346456696 15.023622047244094 puisqu’il

43.37007874015748 395.43307086614175 40.25196850393701 15.874015748031496 remet
70.2992125984252 395.43307086614175 26.929133858267715 15.874015748031496 en
83.90551181102362 395.43307086614175 53.85826771653543 15.874015748031496 question
124.15748031496064 395.43307086614175 26.929133858267715 15.874015748031496 ce
137.48031496062993 395.43307086614175 31.46456692913386 15.874015748031496 qui
155.6220472440945 395.43307086614175 62.92913385826772 15.874015748031496 paraissait
204.9448818897638 395.43307086614175 80.78740157480316 15.874015748031496 définitivement
267.59055118110234 395.43307086614175 36.0 15.874015748031496 admis.

43.37007874015748 405.9212598425197 28.346456692913385 15.590551181102363 Il
57.54330708661417 405.9212598425197 52.15748031496063 15.590551181102363 soulève
95.5275590551181 405.9212598425197 28.346456692913385 15.590551181102363 de
109.7007874015748 405.9212598425197 56.976377952755904 15.590551181102363 nouveaux
152.50393700787401 405.9212598425197 61.511811023622045 15.590551181102363 problèmes
199.84251968503938 405.9212598425197 33.16535433070866 15.590551181102363 qui
218.83464566929135 405.9212598425197 56.976377952755904 15.590551181102363 obligent
261.6377952755906 405.9212598425197 28.346456692913385 15.590551181102363 le
270.99212598425197 405.9212598425197 33.16535433070866 15.590551181102363 spec-

43.653543307086615 414.70866141732284 46.77165354330709 15.874015748031496 tateur
76.25196850393701 414.70866141732284 23.244094488188978 15.874015748031496 à
85.60629921259843 414.70866141732284 51.30708661417323 15.874015748031496 «penser
122.74015748031496 414.70866141732284 28.062992125984252 15.874015748031496 ».
136.91338582677164 414.70866141732284 60.661417322834644 15.874015748031496 Celui-ci,
183.4015748031496 414.70866141732284 60.661417322834644 15.874015748031496 perturbé,
230.17322834645668 414.70866141732284 41.95275590551181 15.874015748031496 étant
257.9527559055118 414.70866141732284 28.062992125984252 15.874015748031496 au
267.3070866141732 414.70866141732284 37.41732283464567 15.874015748031496 départ

43.93700787401575 424.06299212598424 33.732283464566926 17.5748031496063 mal
63.21259842519685 424.06299212598424 28.913385826771652 17.5748031496063 ou
77.66929133858268 424.06299212598424 33.732283464566926 17.5748031496063 peu
96.94488188976378 424.06299212598424 53.00787401574803 17.5748031496063 initié,
135.7795275590551 424.06299212598424 53.00787401574803 17.5748031496063 s’égare
174.33070866141733 424.06299212598424 38.55118110236221 17.5748031496063 dans
198.4251968503937 424.06299212598424 28.913385826771652 17.5748031496063 un
212.88188976377953 424.06299212598424 48.188976377952756 17.5748031496063 dédale
246.89763779527559 424.06299212598424 28.913385826771652 17.5748031496063 de
256.53543307086613 424.06299212598424 48.188976377952756 17.5748031496063 concepts

43.93700787401575 435.11811023622045 54.14173228346457 14.456692913385826 opposés
83.33858267716535 435.11811023622045 34.58267716535433 14.456692913385826 ou,
102.89763779527559 435.11811023622045 39.40157480314961 14.456692913385826 plus
127.55905511811024 435.11811023622045 54.14173228346457 14.456692913385826 souvent
167.24409448818898 435.11811023622045 54.14173228346457 14.456692913385826 encore,
206.64566929133858 435.11811023622045 29.480314960629922 14.456692913385826 se
221.38582677165354 435.11811023622045 59.24409448818898 14.456692913385826 contente
265.8897637795276 435.11811023622045 29.480314960629922 14.456692913385826 de
275.81102362204723 435.11811023622045 29.480314960629922 14.456692913385826 nier

44.78740157480315 444.4724409448819 53.00787401574803 14.456692913385826 l’époque
84.75590551181102 444.4724409448819 35.43307086614173 14.456692913385826 dans
106.86614173228347 444.4724409448819 53.00787401574803 14.456692913385826 laquelle
146.5511811023622 444.4724409448819 26.64566929133858 14.456692913385826 il
159.8740157480315 444.4724409448819 30.89763779527559 14.456692913385826 vit
177.4488188976378 444.4724409448819 30.89763779527559 14.456692913385826 et,
195.0236220472441 444.4724409448819 30.89763779527559 14.456692913385826 par
212.88188976377953 444.4724409448819 26.64566929133858 14.456692913385826 ce
225.92125984251967 444.4724409448819 44.22047244094488 14.456692913385826 refus,
252.56692913385828 444.4724409448819 53.00787401574803 14.456692913385826 s’installe

43.93700787401575 452.6929133858268 41.10236220472441 15.590551181102363 dans
69.44881889763779 452.6929133858268 30.89763779527559 15.590551181102363 un
85.03937007874016 452.6929133858268 46.20472440944882 15.590551181102363 monde
115.65354330708661 452.6929133858268 56.40944881889764 15.590551181102363 périmé,
156.75590551181102 452.6929133858268 30.89763779527559 15.590551181102363 ne
172.06299212598427 452.6929133858268 92.40944881889764 15.590551181102363 reconnaissant,
249.16535433070865 452.6929133858268 41.10236220472441 15.590551181102363 dans
269.5748031496063 452.6929133858268 36.0 15.590551181102363 notre

44.22047244094488 464.31496062992125 48.75590551181102 12.755905511811024 siècle,
79.65354330708661 464.31496062992125 30.89763779527559 12.755905511811024 que
97.51181102362204 464.31496062992125 26.64566929133858 12.755905511811024 la
110.83464566929133 464.31496062992125 39.968503937007874 12.755905511811024 perte
137.48031496062993 464.31496062992125 26.64566929133858 12.755905511811024 de
150.51968503937007 464.31496062992125 39.968503937007874 12.755905511811024 l’âge
172.91338582677164 464.31496062992125 30.89763779527559 12.755905511811024 d’or.

45.07086614173228 469.13385826771656 41.95275590551181 17.007874015748033 Quant
72.85039370078741 469.13385826771656 28.062992125984252 17.007874015748033 au
87.02362204724409 469.13385826771656 65.19685039370079 17.007874015748033 spectateur
138.33070866141733 469.13385826771656 23.244094488188978 17.007874015748033 «
147.68503937007873 469.13385826771656 55.84251968503937 17.007874015748033 averti»,
189.63779527559055 469.13385826771656 28.062992125984252 17.007874015748033 il
203.5275590551181 469.13385826771656 51.30708661417323 17.007874015748033 risque,
240.9448818897638 469.13385826771656 32.59842519685039 17.007874015748033 par
259.37007874015745 469.13385826771656 46.77165354330709 17.007874015748033 esprit
287.43307086614175 469.13385826771656 18.708661417322833 17.007874015748033 de

45.07086614173228 481.03937007874015 93.54330708661418 15.023622047244094 non-conformisme
123.8740157480315 481.03937007874015 54.14173228346457 15.023622047244094 souvent
163.2755905511811 481.03937007874015 78.80314960629921 15.023622047244094 superficiel,
227.33858267716536 481.03937007874015 29.480314960629922 15.023622047244094 de
242.07874015748033 481.03937007874015 54.14173228346457 15.023622047244094 sombrer
276.66141732283467 481.03937007874015 29.480314960629922 15.023622047244094 dans

45.92125984251968 489.54330708661416 30.04724409448819 16.440944881889763 les
62.92913385826772 489.54330708661416 21.25984251968504 16.440944881889763 «
71.43307086614173 489.54330708661416 34.2992125984252 16.440944881889763 gags
92.97637795275591 489.54330708661416 25.79527559055118 16.440944881889763 »,
105.73228346456693 489.54330708661416 59.811023622047244 16.440944881889763 d’ailleurs
152.78740157480314 489.54330708661416 47.05511811023622 16.440944881889763 souvent
187.08661417322836 489.54330708661416 38.55118110236221 16.440944881889763 d’une
212.5984251968504 489.54330708661416 55.55905511811024 16.440944881889763 fantaisie
251.1496062992126 489.54330708661416 55.55905511811024 16.440944881889763 débordante,

45.354330708661415 499.748031496063 47.338582677165356 16.724409448818896 objets
78.51968503937007 499.748031496063 56.976377952755904 16.724409448818896 gratuits
121.32283464566929 499.748031496063 75.96850393700787 16.724409448818896 démystifiant
182.83464566929135 499.748031496063 33.16535433070866 16.724409448818896 les
201.82677165354332 499.748031496063 52.15748031496063 16.724409448818896 fausses
239.81102362204723 499.748031496063 52.15748031496063 16.724409448818896 valeurs
272.9763779527559 499.748031496063 33.16535433070866 16.724409448818896 qu’il

46.488188976377955 511.93700787401576 41.38582677165354 13.32283464566929 serait
75.68503937007874 511.93700787401576 45.63779527559055 13.32283464566929 injuste
104.5984251968504 511.93700787401576 49.889763779527556 13.32283464566929 d’ignorer.

46.488188976377955 515.3385826771654 38.55118110236221 18.141732283464567 Mais
70.58267716535433 515.3385826771654 28.913385826771652 18.141732283464567 il
85.03937007874016 515.3385826771654 48.188976377952756 18.141732283464567 existe
118.77165354330708 515.3385826771654 48.188976377952756 18.141732283464567 aussi,
152.50393700787401 515.3385826771654 28.913385826771652 18.141732283464567 en
166.96062992125985 515.3385826771654 43.37007874015748 18.141732283464567 marge
196.15748031496062 515.3385826771654 28.913385826771652 18.141732283464567 de
210.61417322834646 515.3385826771654 28.913385826771652 18.141732283464567 la
225.0708661417323 515.3385826771654 62.645669291338585 18.141732283464567 tradition
273.25984251968504 515.3385826771654 28.913385826771652 18.141732283464567 et
282.8976377952756 515.3385826771654 24.094488188976378 18.141732283464567 des

47.05511811023622 528.6614173228346 59.52755905511811 15.023622047244094 novateurs
92.69291338582677 528.6614173228346 22.96062992125984 15.023622047244094 à
102.04724409448819 528.6614173228346 36.56692913385827 15.023622047244094 tout
124.7244094488189 528.6614173228346 41.10236220472441 15.023622047244094 prix,
152.2204724409449 528.6614173228346 27.496062992125985 15.023622047244094 de
166.11023622047244 528.6614173228346 45.63779527559055 15.023622047244094 jeunes
198.14173228346456 528.6614173228346 59.52755905511811 15.023622047244094 créateurs
243.7795275590551 528.6614173228346 32.031496062992126 15.023622047244094 qui
262.20472440944883 528.6614173228346 32.031496062992126 15.023622047244094 ont
275.81102362204723 528.6614173228346 32.031496062992126 15.023622047244094 assi-

47.338582677165356 535.7480314960629 35.43307086614173 16.15748031496063 milé
69.44881889763779 535.7480314960629 26.64566929133858 16.15748031496063 le
82.77165354330708 535.7480314960629 39.968503937007874 16.15748031496063 passé
109.41732283464567 535.7480314960629 26.64566929133858 16.15748031496063 le
122.74015748031496 535.7480314960629 35.43307086614173 16.15748031496063 plus
144.8503937007874 535.7480314960629 44.22047244094488 16.15748031496063 proche
175.748031496063 535.7480314960629 26.64566929133858 16.15748031496063 ou
189.0708661417323 535.7480314960629 26.64566929133858 16.15748031496063 le
202.39370078740157 535.7480314960629 35.43307086614173 16.15748031496063 plus
224.50393700787401 535.7480314960629 57.54330708661417 16.15748031496063 lointain,
264.4724409448819 535.7480314960629 44.22047244094488 16.15748031496063 localisé

47.05511811023622 546.2362204724409 27.496062992125985 16.440944881889763 ou
60.661417322834644 546.2362204724409 77.95275590551181 16.440944881889763 universalisé,
125.00787401574803 546.2362204724409 27.496062992125985 16.440944881889763 et
138.89763779527559 546.2362204724409 59.811023622047244 16.440944881889763 extrayant
184.8188976377953 546.2362204724409 27.496062992125985 16.440944881889763 de
198.4251968503937 546.2362204724409 41.38582677165354 16.440944881889763 cette
225.92125984251967 546.2362204724409 50.45669291338583 16.440944881889763 matière
258.23622047244095 546.2362204724409 50.45669291338583 16.440944881889763 l’essence

47.338582677165356 556.1574803149606 43.653543307086615 13.88976377952756 encore
77.66929133858268 556.1574803149606 52.44094488188976 13.88976377952756 vivante,
117.07086614173228 556.1574803149606 65.48031496062993 13.88976377952756 l’intègrent
169.51181102362204 556.1574803149606 34.86614173228347 13.88976377952756 dans
191.0551181102362 556.1574803149606 30.614173228346456 13.88976377952756 les
208.62992125984252 556.1574803149606 60.94488188976378 13.88976377952756 impératifs
256.53543307086613 556.1574803149606 26.078740157480315 13.88976377952756 de
265.3228346456693 556.1574803149606 43.653543307086615 13.88976377952756 l’heure.

47.62204724409449 565.2283464566929 34.58267716535433 14.740157480314961 Ces
67.18110236220473 565.2283464566929 69.16535433070867 14.740157480314961 chercheurs
121.60629921259843 565.2283464566929 39.68503937007874 14.740157480314961 nous
146.26771653543307 565.2283464566929 54.425196850393704 14.740157480314961 donnent
185.95275590551182 565.2283464566929 59.24409448818898 14.740157480314961 quelques
230.45669291338584 565.2283464566929 59.24409448818898 14.740157480314961 facettes
269.8582677165354 565.2283464566929 39.68503937007874 14.740157480314961 essen-

47.90551181102362 574.2992125984252 48.75590551181102 16.724409448818896 tielles
83.62204724409449 574.2992125984252 31.181102362204726 16.724409448818896 des
101.19685039370079 574.2992125984252 57.826771653543304 16.724409448818896 démarches
145.70078740157481 574.2992125984252 62.07874015748032 16.724409448818896 plastiques
194.45669291338584 574.2992125984252 62.07874015748032 16.724409448818896 actuelles,
238.96062992125985 574.2992125984252 70.86614173228347 16.724409448818896 annonciatrices

48.47244094488189 583.9370078740158 27.496062992125985 14.740157480314961 de
62.07874015748032 583.9370078740158 41.10236220472441 14.740157480314961 l’art
89.5748031496063 583.9370078740158 22.96062992125984 14.740157480314961 à
98.64566929133858 583.9370078740158 45.63779527559055 14.740157480314961 venir.
130.6771653543307 583.9370078740158 50.173228346456696 14.740157480314961 Saluons
167.24409448818898 583.9370078740158 27.496062992125985 14.740157480314961 en
181.13385826771653 583.9370078740158 32.031496062992126 14.740157480314961 eux
199.2755905511811 583.9370078740158 27.496062992125985 14.740157480314961 le
212.88188976377953 583.9370078740158 54.99212598425197 14.740157480314961 courage,
254.26771653543307 583.9370078740158 54.99212598425197 14.740157480314961 l’acuité
290.8346456692913 583.9370078740158 18.4251968503937 14.740157480314961 du

49.039370078740156 593.5748031496063 57.826771653543304 15.590551181102363 langage,
92.40944881889764 593.5748031496063 38.55118110236221 15.590551181102363 leur
116.50393700787401 593.5748031496063 67.74803149606299 15.590551181102363 conscience
169.79527559055117 593.5748031496063 28.913385826771652 15.590551181102363 de
184.251968503937 593.5748031496063 57.826771653543304 15.590551181102363 l’époque
227.6220472440945 593.5748031496063 28.913385826771652 15.590551181102363 et
242.07874015748033 593.5748031496063 38.55118110236221 15.590551181102363 leur
261.6377952755906 593.5748031496063 48.188976377952756 15.590551181102363 présence

44.22047244094488 607.4645669291339 39.40157480314961 11.338582677165354 active.

208.06299212598427 613.7007874015748 56.40944881889764 13.88976377952756 Suzanne
248.88188976377953 613.7007874015748 30.614173228346456 13.88976377952756 de
259.0866141732283 613.7007874015748 51.30708661417323 13.88976377952756 Coninck.

285.1653543307087 637.511811023622 25.511811023622048 13.039370078740157 185
