301.03937007874015 669.2598425196851
-4.251968503937008 22.393700787401574 115.08661417322834 17.291338582677167 <b>VENEZUELA</b>

52.15748031496063 132.66141732283464 71.14960629921259 16.440944881889763 Commissaire
109.13385826771653 132.66141732283464 52.15748031496063 16.440944881889763 général
147.11811023622047 132.66141732283464 23.811023622047244 16.440944881889763 :
156.75590551181102 132.66141732283464 61.79527559055118 16.440944881889763 <b>Carlos
204.09448818897638 132.66141732283464 37.98425196850393 16.440944881889763 Cruz
223.08661417322836 132.66141732283464 47.62204724409449 16.440944881889763 Diez</b>

48.188976377952756 145.98425196850394 44.22047244094488 14.456692913385826 Peintre.

39.68503937007874 182.5511811023622 46.77165354330709 20.976377952755904 Trois
70.58267716535433 182.5511811023622 51.874015748031496 20.976377952755904 jeunes
106.86614173228347 182.5511811023622 72.56692913385827 20.976377952755904 chercheurs
164.1259842519685 182.5511811023622 25.79527559055118 20.976377952755904 :
174.33070866141733 182.5511811023622 31.181102362204726 20.976377952755904 un
189.92125984251967 182.5511811023622 62.07874015748032 20.976377952755904 cinéaste
236.69291338582678 182.5511811023622 31.181102362204726 20.976377952755904 et
246.89763779527559 182.5511811023622 31.181102362204726 20.976377952755904 deux

23.244094488188978 198.99212598425197 77.95275590551181 15.307086614173228 cinétistes,
85.60629921259843 198.99212598425197 67.46456692913385 15.307086614173228 composent
137.48031496062993 198.99212598425197 31.181102362204726 15.307086614173228 la
153.0708661417323 198.99212598425197 93.54330708661418 15.307086614173228 représentation
231.0236220472441 198.99212598425197 31.181102362204726 15.307086614173228 du
241.51181102362204 198.99212598425197 36.28346456692913 15.307086614173228 Vene-

22.11023622047244 212.03149606299212 49.889763779527556 13.606299212598426 zuela
55.55905511811024 212.03149606299212 27.77952755905512 13.606299212598426 à
66.61417322834646 212.03149606299212 49.889763779527556 13.606299212598426 cette
99.77952755905511 212.03149606299212 60.94488188976378 13.606299212598426 Sixième
144.28346456692913 212.03149606299212 66.61417322834646 13.606299212598426 Biennale
194.17322834645668 212.03149606299212 33.16535433070866 13.606299212598426 de
205.22834645669292 212.03149606299212 44.22047244094488 13.606299212598426 Paris.

39.68503937007874 221.38582677165354 44.22047244094488 18.708661417322833 Ivan
67.46456692913385 221.38582677165354 55.275590551181104 18.708661417322833 Croce,
106.2992125984252 221.38582677165354 72.0 18.708661417322833 intéressé
161.5748031496063 221.38582677165354 38.83464566929134 18.708661417322833 par
183.68503937007873 221.38582677165354 49.889763779527556 18.708661417322833 l’art
211.46456692913387 221.38582677165354 66.33070866141732 18.708661417322833 cinétique,

22.96062992125984 235.2755905511811 54.425196850393704 12.472440944881889 montre
60.94488188976378 235.2755905511811 37.98425196850393 12.472440944881889 ses
82.77165354330708 235.2755905511811 43.37007874015748 12.472440944881889 deux
109.7007874015748 235.2755905511811 65.19685039370079 12.472440944881889 premiers
158.74015748031496 235.2755905511811 54.425196850393704 12.472440944881889 films:
196.7244094488189 235.2755905511811 32.59842519685039 12.472440944881889 le
212.88188976377953 235.2755905511811 59.811023622047244 12.472440944881889 premier
250.86614173228347 235.2755905511811 27.212598425196852 12.472440944881889 sur

22.96062992125984 244.62992125984252 48.75590551181102 16.724409448818896 Soto,
55.55905511811024 244.62992125984252 32.59842519685039 16.724409448818896 le
71.71653543307086 244.62992125984252 65.19685039370079 16.724409448818896 deuxième
120.4724409448819 244.62992125984252 37.98425196850393 16.724409448818896 sur
142.29921259842519 244.62992125984252 54.14173228346457 16.724409448818896 Ravelo
180.28346456692913 244.62992125984252 32.59842519685039 16.724409448818896 et
196.44094488188978 244.62992125984252 70.58267716535433 16.724409448818896 Martinez.
245.1968503937008 244.62992125984252 32.59842519685039 16.724409448818896 Dans

22.393700787401574 256.53543307086613 39.68503937007874 18.4251968503937 les
45.07086614173228 256.53543307086613 45.354330708661415 18.4251968503937 deux
73.41732283464567 256.53543307086613 45.354330708661415 18.4251968503937 cas,
101.76377952755905 256.53543307086613 34.01574803149607 18.4251968503937 il
118.77165354330708 256.53543307086613 56.69291338582677 18.4251968503937 essaie
158.17322834645668 256.53543307086613 34.01574803149607 18.4251968503937 de
175.1811023622047 256.53543307086613 56.69291338582677 18.4251968503937 donner
214.86614173228347 256.53543307086613 39.68503937007874 18.4251968503937 une
231.8740157480315 256.53543307086613 45.354330708661415 18.4251968503937 vision

21.826771653543307 270.99212598425197 116.78740157480316 15.307086614173228 cinématographique
121.88976377952756 270.99212598425197 38.83464566929134 15.307086614173228 des
144.28346456692913 270.99212598425197 55.55905511811024 15.307086614173228 œuvres
183.11811023622047 270.99212598425197 33.44881889763779 15.307086614173228 de
199.84251968503938 270.99212598425197 38.83464566929134 15.307086614173228 ces
216.28346456692913 270.99212598425197 61.22834645669291 15.307086614173228 artistes,

21.826771653543307 284.0314960629921 44.503937007874015 13.039370078740157 dans
49.60629921259842 284.0314960629921 38.83464566929134 13.039370078740157 des
72.0 284.0314960629921 77.95275590551181 13.039370078740157 situations
133.22834645669292 284.0314960629921 38.83464566929134 13.039370078740157 que
155.33858267716536 284.0314960629921 33.44881889763779 13.039370078740157 le
172.06299212598427 284.0314960629921 77.95275590551181 13.039370078740157 spectateur
233.29133858267716 284.0314960629921 33.44881889763779 13.039370078740157 ne
244.3464566929134 284.0314960629921 33.44881889763779 13.039370078740157 peut

22.11023622047244 293.1023622047244 52.15748031496063 13.88976377952756 capter
58.67716535433071 293.1023622047244 26.078740157480315 13.88976377952756 à
69.16535433070867 293.1023622047244 47.05511811023622 13.88976377952756 l’œil
95.24409448818898 293.1023622047244 26.078740157480315 13.88976377952756 nu.

37.98425196850393 305.29133858267716 53.29133858267716 16.15748031496063 Rafael
75.4015748031496 305.29133858267716 64.06299212598425 16.15748031496063 Martinez
123.30708661417323 305.29133858267716 32.031496062992126 16.15748031496063 et
139.1811023622047 305.29133858267716 58.67716535433071 16.15748031496063 Juvenal
181.98425196850394 305.29133858267716 53.29133858267716 16.15748031496063 Ravelo
219.11811023622047 305.29133858267716 37.41732283464567 16.15748031496063 ont
235.2755905511811 305.29133858267716 42.51968503937008 16.15748031496063 décidé

21.25984251968504 315.7795275590551 34.86614173228347 18.141732283464567 de
38.83464566929134 315.7795275590551 69.73228346456693 18.141732283464567 réaliser
91.2755905511811 315.7795275590551 75.68503937007874 18.141732283464567 ensemble,
149.38582677165354 315.7795275590551 46.488188976377955 18.141732283464567 avec
178.58267716535434 315.7795275590551 52.44094488188976 18.141732283464567 leurs
213.4488188976378 315.7795275590551 64.06299212598425 18.141732283464567 œuvres,
254.26771653543307 315.7795275590551 23.244094488188978 18.141732283464567 un

20.976377952755904 331.37007874015745 87.30708661417323 14.740157480314961 environnement
92.97637795275591 331.37007874015745 82.20472440944881 14.740157480314961 d’activation
159.59055118110237 331.37007874015745 30.89763779527559 14.740157480314961 où
175.1811023622047 331.37007874015745 30.89763779527559 14.740157480314961 le
190.48818897637796 331.37007874015745 72.0 14.740157480314961 spectateur
241.79527559055117 331.37007874015745 36.0 14.740157480314961 passe

21.25984251968504 341.29133858267716 43.653543307086615 14.740157480314961 d’un
48.47244094488189 341.29133858267716 70.86614173228347 14.740157480314961 spectacle
102.89763779527559 341.29133858267716 81.63779527559055 14.740157480314961 chromatique
168.3779527559055 341.29133858267716 92.69291338582677 14.740157480314961 déambulatoire
244.62992125984252 341.29133858267716 27.212598425196852 14.740157480314961 à
250.01574803149606 341.29133858267716 27.212598425196852 14.740157480314961 une

21.25984251968504 354.3307086614173 67.18110236220473 15.590551181102363 situation
72.85039370078741 354.3307086614173 30.89763779527559 15.590551181102363 de
88.15748031496064 354.3307086614173 51.59055118110236 15.590551181102363 formes
124.44094488188976 354.3307086614173 30.89763779527559 15.590551181102363 et
139.748031496063 354.3307086614173 30.89763779527559 15.590551181102363 de
155.33858267716536 354.3307086614173 61.79527559055118 15.590551181102363 couleurs
196.44094488188978 354.3307086614173 67.18110236220473 15.590551181102363 virtuelles.

37.13385826771653 365.1023622047244 52.724409448818896 14.456692913385826 Comme
72.28346456692914 365.1023622047244 35.1496062992126 14.456692913385826 le
89.85826771653544 365.1023622047244 58.67716535433071 14.456692913385826 cinéma
130.96062992125985 365.1023622047244 35.1496062992126 14.456692913385826 et
148.53543307086613 365.1023622047244 35.1496062992126 14.456692913385826 le
166.11023622047244 365.1023622047244 76.25196850393701 14.456692913385826 cinétisme
224.78740157480314 365.1023622047244 46.77165354330709 14.456692913385826 sont
248.31496062992127 365.1023622047244 29.19685039370079 14.456692913385826 des

20.125984251968504 377.5748031496063 53.574803149606296 11.905511811023622 œuvres
57.54330708661417 377.5748031496063 96.37795275590551 11.905511811023622 «d’évidences»,
137.76377952755905 377.5748031496063 32.031496062992126 11.905511811023622 je
153.92125984251967 377.5748031496063 58.960629921259844 11.905511811023622 préfère
196.7244094488189 377.5748031496063 26.64566929133858 11.905511811023622 à
207.49606299212599 377.5748031496063 48.188976377952756 11.905511811023622 toute
234.14173228346456 377.5748031496063 42.803149606299215 11.905511811023622 élucu-

21.25984251968504 388.62992125984255 56.40944881889764 16.15748031496063 bration
62.36220472440945 388.62992125984255 61.511811023622045 16.15748031496063 critique
108.28346456692914 388.62992125984255 36.0 16.15748031496063 que
128.9763779527559 388.62992125984255 30.614173228346456 16.15748031496063 ce
144.28346456692913 388.62992125984255 51.30708661417323 16.15748031496063 soient
180.0 388.62992125984255 36.0 16.15748031496063 ces
200.69291338582678 388.62992125984255 46.20472440944882 16.15748031496063 mêmes
226.20472440944883 388.62992125984255 51.30708661417323 16.15748031496063 artistes

20.976377952755904 402.5196850393701 36.56692913385827 12.188976377952756 qui
41.669291338582674 402.5196850393701 73.41732283464567 12.188976377952756 expliquent
99.49606299212599 402.5196850393701 47.05511811023622 12.188976377952756 leurs
130.96062992125985 402.5196850393701 52.44094488188976 12.188976377952756 propos
167.5275590551181 402.5196850393701 31.46456692913386 12.188976377952756 et
183.11811023622047 402.5196850393701 36.56692913385827 12.188976377952756 que
204.09448818897638 402.5196850393701 31.46456692913386 12.188976377952756 le
214.58267716535434 402.5196850393701 62.92913385826772 12.188976377952756 spectateur

20.409448818897637 412.15748031496065 40.818897637795274 19.275590551181104 soit
45.92125984251968 412.15748031496065 40.818897637795274 19.275590551181104 seul
66.33070866141732 412.15748031496065 35.71653543307087 19.275590551181104 juge.

185.66929133858267 424.06299212598424 50.45669291338583 18.4251968503937 Carlos
216.0 424.06299212598424 60.37795275590551 18.4251968503937 Cruz

36.56692913385827 475.65354330708664 32.881889763779526 16.724409448818896 De
53.00787401574803 475.65354330708664 38.267716535433074 16.724409448818896 ces
74.83464566929133 475.65354330708664 43.653543307086615 16.724409448818896 deux
102.04724409448819 475.65354330708664 65.76377952755905 16.724409448818896 premiers
151.37007874015748 475.65354330708664 54.70866141732284 16.724409448818896 films,
189.63779527559055 475.65354330708664 43.653543307086615 16.724409448818896 Soto
217.13385826771653 475.65354330708664 32.881889763779526 16.724409448818896 et
227.90551181102362 475.65354330708664 49.32283464566929 16.724409448818896 Ravelo-

20.125984251968504 489.25984251968504 95.81102362204724 12.472440944881889 <b>Martinez</b>
100.91338582677166 489.25984251968504 40.25196850393701 12.472440944881889 deux
126.14173228346456 489.25984251968504 60.37795275590551 12.472440944881889 éléments
171.49606299212599 489.25984251968504 30.330708661417322 12.472440944881889 se
186.51968503937007 489.25984251968504 65.48031496062993 12.472440944881889 dégagent.
236.9763779527559 489.25984251968504 30.330708661417322 12.472440944881889 Le
246.89763779527559 489.25984251968504 30.330708661417322 12.472440944881889 pre-

19.275590551181104 501.4488188976378 43.93700787401575 11.338582677165354 mier
46.77165354330709 501.4488188976378 60.661417322834644 11.338582677165354 d’ordre
90.70866141732283 501.4488188976378 93.54330708661418 11.338582677165354 documentaire:
167.81102362204723 501.4488188976378 32.881889763779526 11.338582677165354 le
184.251968503937 501.4488188976378 60.661417322834644 11.338582677165354 peintre
228.18897637795277 501.4488188976378 38.55118110236221 11.338582677165354 est
244.91338582677164 501.4488188976378 32.881889763779526 11.338582677165354 pré-

18.141732283464567 512.7874015748032 54.425196850393704 12.755905511811024 senté
54.425196850393704 512.7874015748032 48.188976377952756 12.755905511811024 dans
84.4724409448819 512.7874015748032 42.23622047244095 12.755905511811024 des
108.56692913385827 512.7874015748032 84.4724409448819 12.755905511811024 situations
175.1811023622047 512.7874015748032 36.28346456692913 12.755905511811024 et
193.3228346456693 512.7874015748032 42.23622047244095 12.755905511811024 des
211.46456692913387 512.7874015748032 66.33070866141732 12.755905511811024 activités

18.992125984251967 525.5433070866142 77.66929133858268 13.32283464566929 différentes
81.07086614173228 525.5433070866142 41.38582677165354 13.32283464566929 (les
106.86614173228347 525.5433070866142 67.18110236220473 13.32283464566929 séquences
158.74015748031496 525.5433070866142 31.181102362204726 13.32283464566929 de
174.33070866141733 525.5433070866142 72.56692913385827 13.32283464566929 l’atelier,
225.92125984251967 525.5433070866142 51.874015748031496 13.32283464566929 l’inter-

18.4251968503937 538.0157480314961 44.78740157480315 13.32283464566929 view,
48.47244094488189 538.0157480314961 49.889763779527556 13.32283464566929 etc.).
83.33858267716535 538.0157480314961 39.968503937007874 13.32283464566929 Dans
108.28346456692914 538.0157480314961 44.78740157480315 13.32283464566929 cette
138.33070866141733 538.0157480314961 54.70866141732284 13.32283464566929 partie,
178.01574803149606 538.0157480314961 59.811023622047244 13.32283464566929 j’essaie
217.98425196850394 538.0157480314961 59.811023622047244 13.32283464566929 d’éliminer

18.141732283464567 548.7874015748032 47.62204724409449 13.039370078740157 toute
49.889763779527556 548.7874015748032 90.14173228346456 13.039370078740157 mystification
124.15748031496064 548.7874015748032 63.496062992125985 13.039370078740157 possible
171.7795275590551 548.7874015748032 31.748031496062993 13.039370078740157 du
187.6535433070866 548.7874015748032 47.62204724409449 13.039370078740157 sujet
219.4015748031496 548.7874015748032 31.748031496062993 13.039370078740157 et
235.55905511811022 548.7874015748032 31.748031496062993 13.039370078740157 du
246.04724409448818 548.7874015748032 31.748031496062993 13.039370078740157 film

18.708661417322833 560.1259842519685 50.74015748031496 15.307086614173228 même.
52.44094488188976 560.1259842519685 33.732283464566926 15.307086614173228 Le
69.44881889763779 560.1259842519685 67.46456692913385 15.307086614173228 deuxième
120.18897637795276 560.1259842519685 62.07874015748032 15.307086614173228 élément
165.25984251968504 560.1259842519685 39.40157480314961 15.307086614173228 est
187.6535433070866 560.1259842519685 62.07874015748032 15.307086614173228 d’ordre
227.0551181102362 560.1259842519685 50.74015748031496 15.307086614173228 expéri-

18.141732283464567 572.3149606299213 57.826771653543304 12.472440944881889 mental
58.39370078740158 572.3149606299213 34.58267716535433 12.472440944881889 et
75.68503937007874 572.3149606299213 69.16535433070867 12.472440944881889 présente
127.84251968503936 572.3149606299213 34.58267716535433 12.472440944881889 un
145.13385826771653 572.3149606299213 57.826771653543304 12.472440944881889 double
185.38582677165354 572.3149606299213 63.496062992125985 12.472440944881889 aspect.
225.92125984251967 572.3149606299213 51.874015748031496 12.472440944881889 Prenons

18.708661417322833 583.9370078740158 73.13385826771653 12.472440944881889 l’exemple
75.11811023622047 583.9370078740158 39.40157480314961 12.472440944881889 des
97.51181102362204 583.9370078740158 50.74015748031496 12.472440944881889 Cubes
131.24409448818898 583.9370078740158 67.46456692913385 12.472440944881889 virtuels
181.98425196850394 583.9370078740158 33.732283464566926 12.472440944881889 de
198.99212598425197 583.9370078740158 73.13385826771653 12.472440944881889 Martinez.
249.73228346456693 583.9370078740158 28.062992125984252 12.472440944881889 Ces

18.141732283464567 596.1259842519685 54.14173228346457 12.472440944881889 objets
56.125984251968504 596.1259842519685 43.37007874015748 12.472440944881889 sont
83.05511811023622 596.1259842519685 43.37007874015748 12.472440944881889 tout
109.98425196850394 596.1259842519685 59.52755905511811 12.472440944881889 d’abord
153.35433070866142 596.1259842519685 59.52755905511811 12.472440944881889 montrés
196.7244094488189 596.1259842519685 43.37007874015748 12.472440944881889 tels
223.6535433070866 596.1259842519685 37.98425196850393 12.472440944881889 que
239.81102362204723 596.1259842519685 37.98425196850393 12.472440944881889 l’œil

18.141732283464567 608.5984251968504 44.22047244094488 14.740157480314961 peut
45.63779527559055 608.5984251968504 38.55118110236221 14.740157480314961 les
67.74803149606299 608.5984251968504 71.71653543307086 14.740157480314961 percevoir
123.02362204724409 608.5984251968504 82.77165354330708 14.740157480314961 directement
189.0708661417323 608.5984251968504 38.55118110236221 14.740157480314961 sur
211.1811023622047 608.5984251968504 38.55118110236221 14.740157480314961 les
233.29133858267716 608.5984251968504 44.22047244094488 14.740157480314961 murs
255.4015748031496 608.5984251968504 22.11023622047244 14.740157480314961 de

17.5748031496063 620.503937007874 37.98425196850393 12.188976377952756 son
39.118110236220474 620.503937007874 64.91338582677166 12.188976377952756 atelier;
87.8740157480315 620.503937007874 37.98425196850393 12.188976377952756 ils
109.7007874015748 620.503937007874 43.37007874015748 12.188976377952756 sont
136.62992125984252 620.503937007874 59.52755905511811 12.188976377952756 ensuite
180.0 620.503937007874 37.98425196850393 12.188976377952756 vus
201.82677165354332 620.503937007874 27.212598425196852 12.188976377952756 à
212.5984251968504 620.503937007874 59.52755905511811 12.188976377952756 travers
250.29921259842519 620.503937007874 27.212598425196852 12.188976377952756 mon

11.905511811023622 646.0157480314961 26.929133858267715 13.039370078740157 130
