301.03937007874015 669.2598425196851
14.740157480314961 18.992125984251967 65.76377952755905 18.992125984251967 FRANCE

41.669291338582674 53.574803149606296 63.21259842519685 22.677165354330707 Micheline
92.97637795275591 53.574803149606296 59.24409448818898 22.677165354330707 Monier
140.5984251968504 53.574803149606296 27.77952755905512 22.677165354330707 née
156.4724409448819 53.574803149606296 23.811023622047244 22.677165354330707 en
168.09448818897638 53.574803149606296 31.748031496062993 22.677165354330707 1939
187.93700787401573 53.574803149606296 19.84251968503937 22.677165354330707 à
195.8740157480315 53.574803149606296 55.275590551181104 22.677165354330707 Versailles
235.55905511811022 53.574803149606296 39.40157480314961 22.677165354330707 (France)

35.71653543307087 66.33070866141732 58.110236220472444 12.755905511811024 Chercheur.

41.10236220472441 83.05511811023622 58.67716535433071 19.84251968503937 Jacques
87.30708661417323 83.05511811023622 58.67716535433071 19.84251968503937 Verdu
133.51181102362204 83.05511811023622 25.228346456692915 19.84251968503937 né
146.26771653543307 83.05511811023622 25.228346456692915 19.84251968503937 en
158.74015748031496 83.05511811023622 33.732283464566926 19.84251968503937 1942
179.71653543307087 83.05511811023622 20.976377952755904 19.84251968503937 à
188.2204724409449 83.05511811023622 41.95275590551181 19.84251968503937 Pamier
217.70078740157481 83.05511811023622 54.70866141732284 19.84251968503937 (France).
255.4015748031496 83.05511811023622 20.976377952755904 19.84251968503937 In

35.1496062992126 92.69291338582677 46.488188976377955 15.590551181102363 génieur.

25.79527559055118 114.80314960629921 66.04724409448819 23.811023622047244 21ESPACE
78.51968503937007 114.80314960629921 96.66141732283465 23.811023622047244 LUMENAPHONIQUE
161.85826771653544 114.80314960629921 70.2992125984252 23.811023622047244 (réalisation
219.11811023622047 114.80314960629921 22.11023622047244 23.811023622047244 à
223.37007874015748 114.80314960629921 52.724409448818896 23.811023622047244 grandeur).

39.40157480314961 129.54330708661416 58.110236220472444 23.244094488188978 Certaines
84.18897637795276 129.54330708661416 62.36220472440945 23.244094488188978 particules
133.22834645669292 129.54330708661416 26.64566929133858 23.244094488188978 de
146.5511811023622 129.54330708661416 53.574803149606296 23.244094488188978 l’espace
186.51968503937007 129.54330708661416 62.36220472440945 23.244094488188978 deviennent
231.30708661417322 129.54330708661416 44.503937007874015 23.244094488188978 sonores.

39.68503937007874 143.1496062992126 53.00787401574803 18.992125984251967 L’homme
78.23622047244095 143.1496062992126 72.28346456692914 18.992125984251967 intervient,
136.06299212598427 143.1496062992126 38.55118110236221 18.992125984251967 joue
160.15748031496062 143.1496062992126 38.55118110236221 18.992125984251967 dans
183.96850393700788 143.1496062992126 33.732283464566926 18.992125984251967 ces
203.24409448818898 143.1496062992126 72.28346456692914 18.992125984251967 particules.
256.251968503937 143.1496062992126 19.275590551181104 18.992125984251967 Ce

39.118110236220474 153.63779527559055 30.04724409448819 17.858267716535433 fin
56.125984251968504 153.63779527559055 38.55118110236221 17.858267716535433 rayon
81.92125984251969 153.63779527559055 51.59055118110236 17.858267716535433 lumineux
120.75590551181102 153.63779527559055 51.59055118110236 17.858267716535433 retentit
159.30708661417322 153.63779527559055 34.2992125984252 17.858267716535433 d’un
180.8503937007874 153.63779527559055 30.04724409448819 17.858267716535433 son
197.85826771653544 153.63779527559055 51.59055118110236 17.858267716535433 strident
232.44094488188978 153.63779527559055 42.803149606299215 17.858267716535433 lorsquon

38.83464566929134 162.14173228346456 30.330708661417322 19.559055118110237 le
54.14173228346457 162.14173228346456 50.45669291338583 19.559055118110237 coupe,
89.29133858267717 162.14173228346456 35.1496062992126 19.559055118110237 cet
109.41732283464567 162.14173228346456 45.354330708661415 19.559055118110237 autre
139.46456692913387 162.14173228346456 55.275590551181104 19.559055118110237 devient
180.0 162.14173228346456 45.354330708661415 19.559055118110237 comme
210.04724409448818 162.14173228346456 30.330708661417322 19.559055118110237 un
225.0708661417323 162.14173228346456 50.45669291338583 19.559055118110237 tampon
255.4015748031496 162.14173228346456 20.125984251968504 19.559055118110237 de

38.55118110236221 174.33070866141733 37.98425196850393 16.15748031496063 cire
62.36220472440945 174.33070866141733 37.98425196850393 16.15748031496063 dans
86.1732283464567 174.33070866141733 33.16535433070866 16.15748031496063 nos
105.16535433070867 174.33070866141733 52.15748031496063 16.15748031496063 tympans
142.86614173228347 174.33070866141733 61.79527559055118 16.15748031496063 lorsqu’on
190.48818897637796 174.33070866141733 23.811023622047244 16.15748031496063 y
199.84251968503938 174.33070866141733 56.976377952755904 16.15748031496063 pénètre.
237.82677165354332 174.33070866141733 37.98425196850393 16.15748031496063 Chaque

38.83464566929134 183.68503937007873 51.023622047244096 16.724409448818896 endroit
75.96850393700787 183.68503937007873 27.77952755905512 16.724409448818896 se
89.85826771653544 183.68503937007873 51.023622047244096 16.724409448818896 signale
126.99212598425197 183.68503937007873 23.244094488188978 16.724409448818896 à
136.3464566929134 183.68503937007873 41.669291338582674 16.724409448818896 notre
164.1259842519685 183.68503937007873 64.91338582677166 16.724409448818896 mouvement,
215.1496062992126 183.68503937007873 23.244094488188978 16.724409448818896 à
224.50393700787401 183.68503937007873 41.669291338582674 16.724409448818896 notre
247.748031496063 183.68503937007873 27.77952755905512 16.724409448818896 pré-

37.98425196850393 192.18897637795277 47.62204724409449 18.141732283464567 sence.
71.43307086614173 192.18897637795277 28.62992125984252 18.141732283464567 Le
85.60629921259843 192.18897637795277 52.15748031496063 18.141732283464567 danseur
123.59055118110236 192.18897637795277 28.62992125984252 18.141732283464567 se
137.76377952755905 192.18897637795277 52.15748031496063 18.141732283464567 mouvant
175.748031496063 192.18897637795277 37.98425196850393 18.141732283464567 plus
199.55905511811022 192.18897637795277 66.61417322834646 18.141732283464567 rapidement
246.89763779527559 192.18897637795277 28.62992125984252 18.141732283464567 com-

37.98425196850393 202.39370078740157 43.653543307086615 17.5748031496063 mence
66.89763779527559 202.39370078740157 24.094488188976378 17.5748031496063 à
76.81889763779527 202.39370078740157 58.110236220472444 17.5748031496063 composer
120.18897637795276 202.39370078740157 34.01574803149607 17.5748031496063 ses
139.748031496063 202.39370078740157 77.38582677165354 17.5748031496063 déplacements
202.6771653543307 202.39370078740157 38.83464566929134 17.5748031496063 dans
221.95275590551182 202.39370078740157 53.29133858267716 17.5748031496063 l’espace,

38.267716535433074 210.89763779527559 26.362204724409448 17.291338582677167 il
51.59055118110236 210.89763779527559 35.1496062992126 17.291338582677167 crée
73.7007874015748 210.89763779527559 30.89763779527559 17.291338582677167 son
91.2755905511811 210.89763779527559 48.47244094488189 17.291338582677167 rythme,
126.4251968503937 210.89763779527559 26.362204724409448 17.291338582677167 sa
139.46456692913387 210.89763779527559 39.68503937007874 17.291338582677167 suite
165.82677165354332 210.89763779527559 26.362204724409448 17.291338582677167 de
179.1496062992126 210.89763779527559 35.1496062992126 17.291338582677167 sons
200.9763779527559 210.89763779527559 30.89763779527559 17.291338582677167 qui
218.5511811023622 210.89763779527559 35.1496062992126 17.291338582677167 peut
236.1259842519685 210.89763779527559 39.68503937007874 17.291338582677167 devenir

38.267716535433074 220.53543307086613 65.76377952755905 16.724409448818896 harmonique.
90.70866141732283 220.53543307086613 30.614173228346456 16.724409448818896 Son
108.28346456692914 220.53543307086613 61.511811023622045 16.724409448818896 instrument
156.75590551181102 220.53543307086613 48.188976377952756 16.724409448818896 devient
191.90551181102362 220.53543307086613 56.976377952755904 16.724409448818896 l’espace;
235.84251968503938 220.53543307086613 26.362204724409448 16.724409448818896 la
244.62992125984252 220.53543307086613 30.614173228346456 16.724409448818896 place

37.7007874015748 230.45669291338584 39.68503937007874 15.874015748031496 qu’il
64.34645669291339 230.45669291338584 22.11023622047244 15.874015748031496 y
73.13385826771653 230.45669291338584 48.47244094488189 15.874015748031496 occupe,
108.28346456692914 230.45669291338584 66.04724409448819 15.874015748031496 l’intensité
161.00787401574803 230.45669291338584 35.1496062992126 15.874015748031496 dans
182.83464566929135 230.45669291338584 52.724409448818896 15.874015748031496 laquelle
222.51968503937007 230.45669291338584 26.362204724409448 15.874015748031496 il
235.55905511811022 230.45669291338584 22.11023622047244 15.874015748031496 y
244.3464566929134 230.45669291338584 30.89763779527559 15.874015748031496 vit
257.6692913385827 230.45669291338584 17.5748031496063 15.874015748031496 se

37.7007874015748 239.24409448818898 48.47244094488189 16.440944881889763 traduit
73.13385826771653 239.24409448818898 79.08661417322834 16.440944881889763 instantanément
138.89763779527559 239.24409448818898 26.362204724409448 16.440944881889763 de
152.2204724409449 239.24409448818898 57.25984251968504 16.440944881889763 l’espace.
196.15748031496062 239.24409448818898 26.362204724409448 16.440944881889763 La
209.1968503937008 239.24409448818898 61.511811023622045 16.440944881889763 traduction
253.13385826771653 239.24409448818898 22.11023622047244 16.440944881889763 est

38.267716535433074 248.03149606299212 32.031496062992126 19.275590551181104 ici
56.40944881889764 248.03149606299212 27.212598425196852 19.275590551181104 le
70.01574803149606 248.03149606299212 36.56692913385827 19.275590551181104 son,
92.97637795275591 248.03149606299212 27.212598425196852 19.275590551181104 le
106.58267716535433 248.03149606299212 50.173228346456696 19.275590551181104 rythme.
143.1496062992126 248.03149606299212 27.212598425196852 19.275590551181104 Le
156.75590551181102 248.03149606299212 50.173228346456696 19.275590551181104 passant
193.3228346456693 248.03149606299212 27.212598425196852 19.275590551181104 se
206.9291338582677 248.03149606299212 45.63779527559055 19.275590551181104 révèle
238.6771653543307 248.03149606299212 27.212598425196852 19.275590551181104 sa
248.03149606299212 248.03149606299212 27.212598425196852 19.275590551181104 pré-

36.8503937007874 259.0866141732283 48.188976377952756 15.874015748031496 sence,
70.58267716535433 259.0866141732283 28.913385826771652 15.874015748031496 sa
85.03937007874016 259.0866141732283 43.37007874015748 15.874015748031496 place
113.95275590551181 259.0866141732283 67.46456692913385 15.874015748031496 d’occupant
166.6771653543307 259.0866141732283 38.55118110236221 15.874015748031496 d’un
185.95275590551182 259.0866141732283 43.37007874015748 15.874015748031496 espace.

31.748031496062993 272.9763779527559 70.86614173228347 15.874015748031496 Responsable:

37.13385826771653 286.5826771653543 57.54330708661417 19.84251968503937 Michel
81.63779527559055 286.5826771653543 66.33070866141732 19.84251968503937 DESCHA
134.64566929133858 286.5826771653543 26.64566929133858 19.84251968503937 né
147.96850393700788 286.5826771653543 26.64566929133858 19.84251968503937 en
161.29133858267716 286.5826771653543 35.43307086614173 19.84251968503937 1946
183.4015748031496 286.5826771653543 22.11023622047244 19.84251968503937 à
192.18897637795277 286.5826771653543 39.968503937007874 19.84251968503937 Paris
214.29921259842519 286.5826771653543 48.75590551181102 19.84251968503937 (France).

31.46456692913386 297.9212598425197 55.55905511811024 12.755905511811024 Sculpteur.

37.13385826771653 310.3937007874016 57.54330708661417 21.543307086614174 Patrick
82.20472440944881 310.3937007874016 65.76377952755905 21.543307086614174 DEMAYER
135.7795275590551 310.3937007874016 24.661417322834644 21.543307086614174 né
147.96850393700788 310.3937007874016 24.661417322834644 21.543307086614174 en
160.44094488188978 310.3937007874016 32.881889763779526 21.543307086614174 1945
180.8503937007874 310.3937007874016 20.69291338582677 21.543307086614174 à
189.0708661417323 310.3937007874016 37.13385826771653 21.543307086614174 Paris
209.76377952755905 310.3937007874016 45.354330708661415 21.543307086614174 (France).

31.181102362204726 324.0 52.724409448818896 14.740157480314961 Musicien.

36.0 339.0236220472441 48.75590551181102 18.992125984251967 Anton
72.28346456692914 339.0236220472441 60.661417322834644 18.992125984251967 MACHEV
121.03937007874016 339.0236220472441 24.37795275590551 18.992125984251967 né
133.22834645669292 339.0236220472441 24.37795275590551 18.992125984251967 en
145.41732283464566 339.0236220472441 32.31496062992126 18.992125984251967 1938
165.54330708661416 339.0236220472441 20.125984251968504 18.992125984251967 à
173.76377952755905 339.0236220472441 36.56692913385827 18.992125984251967 Sofia
197.85826771653544 339.0236220472441 60.661417322834644 18.992125984251967 (Bulgarie).
242.64566929133858 339.0236220472441 32.31496062992126 18.992125984251967 Choré

29.763779527559056 350.0787401574803 43.653543307086615 15.307086614173228 graphe.

21.543307086614174 372.755905511811 38.55118110236221 21.25984251968504 22
47.05511811023622 372.755905511811 42.803149606299215 21.25984251968504 FORMES
77.10236220472441 372.755905511811 34.2992125984252 21.25984251968504 DANS
98.64566929133858 372.755905511811 68.31496062992126 21.25984251968504 L’ESPACE
154.20472440944883 372.755905511811 68.31496062992126 21.25984251968504 (réalisation
209.76377952755905 372.755905511811 21.25984251968504 21.25984251968504 à
214.01574803149606 372.755905511811 51.30708661417323 21.25984251968504 grandeur).

34.58267716535433 390.8976377952756 27.77952755905512 18.992125984251967 La
48.47244094488189 390.8976377952756 41.38582677165354 18.992125984251967 forme
75.96850393700787 390.8976377952756 36.8503937007874 18.992125984251967 dans
98.92913385826772 390.8976377952756 55.275590551181104 18.992125984251967 l’espace
140.5984251968504 390.8976377952756 46.20472440944882 18.992125984251967 révèle
172.62992125984252 390.8976377952756 32.31496062992126 18.992125984251967 une
191.0551181102362 390.8976377952756 55.275590551181104 18.992125984251967 approche
227.90551181102362 390.8976377952756 46.20472440944882 18.992125984251967 ironique

34.86614173228347 402.23622047244095 29.763779527559056 15.307086614173228 des
51.874015748031496 402.23622047244095 72.28346456692914 15.307086614173228 réalisateurs,
111.4015748031496 402.23622047244095 29.763779527559056 15.307086614173228 qui
128.40944881889763 402.23622047244095 55.275590551181104 15.307086614173228 utilisent
171.21259842519686 402.23622047244095 25.511811023622048 15.307086614173228 la
183.96850393700788 402.23622047244095 63.77952755905512 15.307086614173228 caricature,
234.99212598425197 402.23622047244095 25.511811023622048 15.307086614173228 la
243.49606299212599 402.23622047244095 29.763779527559056 15.307086614173228 scène

34.58267716535433 411.0236220472441 36.8503937007874 14.740157480314961 pour
57.54330708661417 411.0236220472441 46.20472440944882 14.740157480314961 parler
89.85826771653544 411.0236220472441 73.98425196850394 14.740157480314961 d’apesanteur
145.41732283464566 411.0236220472441 50.74015748031496 14.740157480314961 d’espace.

33.732283464566926 420.9448818897638 35.71653543307087 16.15748031496063 Une
54.14173228346457 420.9448818897638 45.92125984251968 16.15748031496063 forme
84.75590551181102 420.9448818897638 76.81889763779527 16.15748031496063 entièrement
146.26771653543307 420.9448818897638 56.125984251968504 16.15748031496063 étudiée
187.08661417322836 420.9448818897638 40.818897637795274 16.15748031496063 d’où
212.5984251968504 420.9448818897638 56.125984251968504 16.15748031496063 découle
248.5984251968504 420.9448818897638 25.511811023622048 16.15748031496063 des

33.732283464566926 430.5826771653543 46.20472440944882 15.307086614173228 objets
66.04724409448819 430.5826771653543 46.20472440944882 15.307086614173228 usuels
98.36220472440945 430.5826771653543 55.55905511811024 15.307086614173228 évoluant
140.03149606299212 430.5826771653543 37.13385826771653 15.307086614173228 dans
162.99212598425197 430.5826771653543 60.09448818897638 15.307086614173228 l’espace,
209.48031496062993 430.5826771653543 32.31496062992126 15.307086614173228 une
227.90551181102362 430.5826771653543 41.669291338582674 15.307086614173228 telle
250.86614173228347 430.5826771653543 23.244094488188978 15.307086614173228 de-

33.44881889763779 440.78740157480314 46.20472440944882 15.023622047244094 mande
64.06299212598425 440.78740157480314 61.511811023622045 15.023622047244094 équivaut
110.26771653543307 440.78740157480314 25.511811023622048 15.023622047244094 à
120.4724409448819 440.78740157480314 56.40944881889764 15.023622047244094 réduire
161.5748031496063 440.78740157480314 30.614173228346456 15.023622047244094 le
176.88188976377953 440.78740157480314 35.71653543307087 15.023622047244094 mot
197.29133858267716 440.78740157480314 61.511811023622045 15.023622047244094 «vision»
243.49606299212599 440.78740157480314 25.511811023622048 15.023622047244094 à
248.5984251968504 440.78740157480314 25.511811023622048 15.023622047244094 son

33.732283464566926 449.8582677165354 35.43307086614173 15.590551181102363 sens
56.125984251968504 449.8582677165354 62.36220472440945 15.590551181102363 occulaire,
104.88188976377953 449.8582677165354 26.64566929133858 15.590551181102363 en
118.20472440944881 449.8582677165354 66.61417322834646 15.590551181102363 l’affublant
171.49606299212599 449.8582677165354 31.181102362204726 15.590551181102363 des
189.35433070866142 449.8582677165354 57.826771653543304 15.590551181102363 adjectifs
229.3228346456693 449.8582677165354 44.503937007874015 15.590551181102363 fatigués

32.881889763779526 460.34645669291336 40.25196850393701 11.905511811023622 comme
59.811023622047244 460.34645669291336 22.393700787401574 11.905511811023622 «
68.5984251968504 460.34645669291336 58.110236220472444 11.905511811023622 objective
113.38582677165354 460.34645669291336 26.929133858267715 11.905511811023622 et
126.70866141732283 460.34645669291336 58.110236220472444 11.905511811023622 intégrale
171.49606299212599 460.34645669291336 26.929133858267715 11.905511811023622 ».
184.8188976377953 460.34645669291336 84.75590551181102 11.905511811023622 L’environnement
251.71653543307087 460.34645669291336 22.393700787401574 11.905511811023622 est

32.59842519685039 468.2834645669291 72.28346456692914 15.590551181102363 entièrement
90.4251968503937 468.2834645669291 43.37007874015748 15.590551181102363 conçu
119.33858267716535 468.2834645669291 43.37007874015748 15.590551181102363 comme
148.251968503937 468.2834645669291 48.188976377952756 15.590551181102363 vision
181.98425196850394 468.2834645669291 57.826771653543304 15.590551181102363 critique
225.35433070866142 468.2834645669291 28.913385826771652 15.590551181102363 du
234.99212598425197 468.2834645669291 38.55118110236221 15.590551181102363 monde,

32.59842519685039 477.07086614173227 28.346456692913385 13.039370078740157 la
46.77165354330709 477.07086614173227 80.50393700787401 13.039370078740157 décomposition
113.10236220472441 477.07086614173227 33.16535433070866 13.039370078740157 des
132.09448818897638 477.07086614173227 47.338582677165356 13.039370078740157 formes
165.25984251968504 477.07086614173227 33.16535433070866 13.039370078740157 est
184.251968503937 477.07086614173227 71.14960629921259 13.039370078740157 révélatrice
240.9448818897638 477.07086614173227 23.811023622047244 13.039370078740157 à
245.76377952755905 477.07086614173227 28.346456692913385 13.039370078740157 plu-

32.59842519685039 489.25984251968504 46.488188976377955 14.456692913385826 sieurs
64.91338582677166 489.25984251968504 46.488188976377955 14.456692913385826 égards
97.51181102362204 489.25984251968504 23.244094488188978 14.456692913385826 :
106.86614173228347 489.25984251968504 27.77952755905512 14.456692913385826 on
120.75590551181102 489.25984251968504 37.13385826771653 14.456692913385826 peut
144.0 489.25984251968504 64.91338582677166 14.456692913385826 l’employer
195.0236220472441 489.25984251968504 37.13385826771653 14.456692913385826 hors
218.26771653543307 489.25984251968504 27.77952755905512 14.456692913385826 du
227.6220472440945 489.25984251968504 46.488188976377955 14.456692913385826 contexte

32.031496062992126 497.4803149606299 68.31496062992126 12.755905511811024 environnant
86.74015748031496 497.4803149606299 36.56692913385827 12.755905511811024 avec
109.7007874015748 497.4803149606299 32.031496062992126 12.755905511811024 des
127.84251968503936 497.4803149606299 63.77952755905512 12.755905511811024 intentions
178.01574803149606 497.4803149606299 63.77952755905512 12.755905511811024 respectant
228.18897637795277 497.4803149606299 36.56692913385827 12.755905511811024 leur
246.33070866141733 497.4803149606299 27.496062992125985 12.755905511811024 con-

32.31496062992126 506.26771653543307 51.023622047244096 14.456692913385826 ception
69.44881889763779 506.26771653543307 64.91338582677166 14.456692913385826 originelle
120.4724409448819 506.26771653543307 27.77952755905512 14.456692913385826 ou
134.36220472440945 506.26771653543307 37.13385826771653 14.456692913385826 s’en
157.60629921259843 506.26771653543307 46.488188976377955 14.456692913385826 servir
189.92125984251967 506.26771653543307 41.669291338582674 14.456692913385826 comme
217.98425196850394 506.26771653543307 55.55905511811024 14.456692913385826 véhicule
255.11811023622047 506.26771653543307 18.4251968503937 14.456692913385826 de

28.346456692913385 515.3385826771654 47.338582677165356 14.173228346456693 l’espace.

26.078740157480315 527.5275590551181 71.43307086614173 14.456692913385826 Responsable:

31.46456692913386 540.5669291338583 51.874015748031496 15.023622047244094 André
70.2992125984252 540.5669291338583 69.16535433070867 15.023622047244094 GILARES
126.4251968503937 540.5669291338583 26.078740157480315 15.023622047244094 né
139.46456692913387 540.5669291338583 26.078740157480315 15.023622047244094 en
152.50393700787401 540.5669291338583 34.58267716535433 15.023622047244094 1947
174.04724409448818 540.5669291338583 21.543307086614174 15.023622047244094 à
182.83464566929135 540.5669291338583 26.078740157480315 15.023622047244094 Le
195.59055118110237 540.5669291338583 47.62204724409449 15.023622047244094 Sentier
225.92125984251967 540.5669291338583 47.62204724409449 15.023622047244094 (Suisse).

24.944881889763778 551.0551181102362 60.09448818897638 13.039370078740157 Technique.

30.89763779527559 566.9291338582677 58.67716535433071 15.307086614173228 Maxime
75.96850393700787 566.9291338582677 62.92913385826772 15.307086614173228 BUTEL
125.5748031496063 566.9291338582677 26.929133858267715 15.307086614173228 né
138.89763779527559 566.9291338582677 26.929133858267715 15.307086614173228 en
152.50393700787401 566.9291338582677 36.0 15.307086614173228 1948
174.89763779527559 566.9291338582677 22.393700787401574 15.307086614173228 à
183.96850393700788 566.9291338582677 58.67716535433071 15.307086614173228 Montreuil
224.50393700787401 566.9291338582677 49.60629921259842 15.307086614173228 (France).

25.511811023622048 577.4173228346457 57.54330708661417 13.606299212598426 Animation.

30.89763779527559 591.0236220472441 47.62204724409449 15.590551181102363 Jacky
66.61417322834646 591.0236220472441 59.811023622047244 15.590551181102363 KAYSER
114.51968503937007 591.0236220472441 23.811023622047244 15.590551181102363 né
126.4251968503937 591.0236220472441 23.811023622047244 15.590551181102363 en
138.33070866141733 591.0236220472441 31.748031496062993 15.590551181102363 1946
158.17322834645668 591.0236220472441 19.84251968503937 15.590551181102363 à
166.11023622047244 591.0236220472441 35.71653543307087 15.590551181102363 Régny
189.92125984251967 591.0236220472441 51.59055118110236 15.590551181102363 (France).
225.92125984251967 591.0236220472441 47.62204724409449 15.590551181102363 Coloriste.

30.89763779527559 610.8661417322835 66.04724409448819 15.307086614173228 Christian
84.4724409448819 610.8661417322835 61.79527559055118 15.307086614173228 LUREAU
134.07874015748033 610.8661417322835 24.661417322834644 15.307086614173228 né
146.26771653543307 610.8661417322835 24.661417322834644 15.307086614173228 en
158.74015748031496 610.8661417322835 32.881889763779526 15.307086614173228 1947
179.43307086614172 610.8661417322835 20.69291338582677 15.307086614173228 à
187.6535433070866 610.8661417322835 57.54330708661417 15.307086614173228 Chevroches
228.75590551181102 610.8661417322835 45.354330708661415 15.307086614173228 (France).

24.37795275590551 620.2204724409448 58.39370078740158 13.606299212598426 Animation.

9.070866141732283 642.3307086614174 27.77952755905512 14.173228346456693 144
