1066 2361
632 59 338 71 <b>DANEMARK</b>

136 450 239 75 Commissaire
327 450 175 75 général
454 450 80 75 :
486 450 175 75 <b>Erik
597 450 191 75 Tjalve</b>

138 506 134 67 Chef
222 506 100 67 de
272 506 184 67 Section
406 506 100 67 au
456 506 217 67 Ministère
623 506 117 67 des
690 506 201 67 Affaires
823 506 134 67 Cultu

129 567 122 42 relles.

105 664 130 83 Les
180 664 186 83 jeunes
310 664 242 83 artistes,
496 664 130 83 que
571 664 223 83 présente
720 664 242 83 aujourd’hui

56 711 114 79 le
113 711 228 79 Danemark
284 711 95 79 à
322 711 114 79 la
379 711 247 79 Biennale,
568 711 304 79 maintiennent
815 711 114 79 la
853 711 114 79 tra-

56 753 178 82 dition
181 753 232 82 classique
359 753 143 82 dans
449 753 107 82 la
502 753 214 82 peinture
663 753 107 82 et
716 753 107 82 la
752 753 214 82 sculpture.

59 808 165 67 Cette
168 808 238 67 tradition
351 808 91 67 a
388 808 146 67 pour
479 808 183 67 centre
589 808 201 67 l’humain.

111 859 134 81 Les
187 859 306 81 participants
436 859 191 81 danois
570 859 134 81 ont
647 859 134 81 été
723 859 230 81 inspirés
876 859 96 81 par

60 913 136 65 des
137 913 194 65 hommes
273 913 233 65 porteurs
447 913 116 65 de
506 913 116 65 la
564 913 252 65 tradition
738 913 233 65 classique.

63 939 233 82 Kirsten
232 939 212 82 Dufour
381 939 127 82 et
444 939 170 82 John
550 939 191 82 Olsen
677 939 148 82 ont
762 939 233 82 étudié,
910 939 64 82 à

65 983 265 79 l’Académie
274 983 133 79 des
349 983 265 79 Beaux-Arts
558 983 114 79 de
615 983 284 79 Copenhague,
823 983 152 79 auprès

65 1027 140 75 d’un
153 1027 228 75 sculpteur
328 1027 123 75 qui
398 1027 123 75 fut
468 1027 228 75 autrefois
643 1027 193 75 l’élève
783 1027 105 75 de
818 1027 158 75 Charles

69 1071 243 75 Despiau.
251 1071 203 75 Durant
393 1071 182 75 leurs
514 1071 223 75 études,
676 1071 223 75 Kirsten
818 1071 162 75 Dufour

68 1113 114 72 et
125 1113 152 72 John
220 1113 171 72 Olsen
334 1113 133 72 ont
410 1113 247 72 travaillé
601 1113 95 72 à
639 1113 228 72 résoudre
810 1113 133 72 les
867 1113 114 72 pro-

71 1157 194 70 blèmes
206 1157 174 70 posés
322 1157 136 70 par
400 1157 136 70 les
477 1157 271 70 sculptures
690 1157 116 70 de
749 1157 232 70 Despiau,
904 1157 77 70 de

75 1195 209 72 Maillol,
232 1195 105 72 et
284 1195 122 72 ils
354 1195 262 72 connaissent
563 1195 122 72 les
633 1195 227 72 attitudes
807 1195 87 72 à
842 1195 105 72 la
877 1195 105 72 fois

75 1244 267 66 romantiques
289 1244 107 66 et
342 1244 320 66 destructrices,
609 1244 107 66 de
663 1244 178 66 Moore,
787 1244 107 66 de
823 1244 160 66 Marini,

74 1304 105 49 de
110 1304 175 49 Richier.

127 1345 123 72 Le
189 1345 267 72 sculpteur
394 1345 226 72 Kirsten
559 1345 205 72 Dufour
702 1345 103 72 a
744 1345 123 72 su
805 1345 123 72 le
846 1345 144 72 mieux

78 1392 215 71 défendre
239 1392 107 71 la
293 1392 232 71 tradition
471 1392 268 71 sculpturale
686 1392 143 71 avec
775 1392 125 71 des
829 1392 161 71 figures

77 1431 139 77 qui
157 1431 279 77 deviennent
376 1431 239 77 toujours
555 1431 119 77 de
615 1431 159 77 plus
714 1431 119 77 en
774 1431 159 77 plus
854 1431 139 77 frag-

82 1479 260 58 mentaires.
286 1479 111 58 Le
342 1479 204 58 graveur
490 1479 148 58 John
583 1479 167 58 Olsen
694 1479 93 58 a
731 1479 241 58 travaillé
898 1479 93 58 ces

82 1528 237 59 dernières
264 1528 182 59 années
392 1528 91 59 à
428 1528 109 59 la
483 1528 201 59 gravure
629 1528 109 59 et
684 1528 109 59 au
739 1528 182 59 dessin
848 1528 146 59 litho-

80 1561 285 68 graphique.
303 1561 122 68 Le
364 1561 203 68 rythme
507 1561 122 68 de
568 1561 142 68 ses
649 1561 203 68 images
792 1561 142 68 est
853 1561 142 68 visi-

81 1606 234 62 blement
251 1606 192 62 dicté
379 1606 149 62 par
464 1606 128 62 le
528 1606 213 62 besoin
677 1606 128 62 de
741 1606 255 62 raconter
911 1606 85 62 ce

87 1660 139 53 qu’il
164 1660 108 53 voit.

140 1706 110 67 Le
195 1706 201 67 peintre
341 1706 146 67 Hans
432 1706 238 67 Christian
615 1706 219 67 Rylander
780 1706 165 67 s’est
871 1706 128 67 servi

86 1755 119 59 de
146 1755 219 59 reliefs
305 1755 119 59 et
365 1755 119 59 de
424 1755 298 59 silhouettes
663 1755 159 59 dans
762 1755 139 59 ses
822 1755 179 59 œuvres.

91 1808 127 50 Son
164 1808 218 50 attitude
327 1808 109 50 de
382 1808 291 50 protestation
619 1808 182 50 contre
746 1808 127 50 une
801 1808 200 50 existence

90 1839 220 67 tragique
254 1839 128 67 est
328 1839 146 67 d’un
419 1839 238 67 caractère
602 1839 275 67 démoniaque.
822 1839 128 67 Ses
877 1839 128 67 trou-

90 1884 219 60 vailles
250 1884 319 60 anecdotiques
509 1884 120 60 ou
568 1884 299 60 imaginaires
808 1884 120 60 ne
848 1884 159 60 mènent

95 1923 125 64 pas
167 1923 89 64 à
202 1923 125 64 une
274 1923 214 64 nouvelle
434 1923 250 64 expérience
630 1923 107 64 de
684 1923 107 64 la
737 1923 214 64 réalité;
880 1923 125 64 elles

96 1977 112 49 ne
152 1977 149 49 sont
246 1977 131 49 que
320 1977 317 49 l’observation
581 1977 280 49 fantaisiste
805 1977 112 49 de
861 1977 112 49 la
898 1977 112 49 des-

96 2017 214 61 truction
257 2017 125 61 qui
328 2017 89 61 a
364 2017 107 61 eu
400 2017 125 61 lieu.

701 2181 125 60 N.
743 2181 271 60 Guttormsen.

930 2274 90 49 49
