312.09448818897636 669.2598425196851
200.1259842519685 18.141732283464567 90.14173228346456 19.559055118110237 VENEZUELA

36.0 55.84251968503937 76.25196850393701 22.96062992125984 expérience
95.81102362204724 55.84251968503937 37.98425196850393 22.96062992125984 qui
117.63779527559055 55.84251968503937 37.98425196850393 22.96062992125984 les
139.46456692913387 55.84251968503937 65.19685039370079 22.96062992125984 «recrée»
188.2204724409449 55.84251968503937 32.59842519685039 22.96062992125984 en
204.66141732283464 55.84251968503937 43.653543307086615 22.96062992125984 leur
231.8740157480315 55.84251968503937 59.811023622047244 22.96062992125984 donnant
269.8582677165354 55.84251968503937 21.826771653543307 22.96062992125984 de

36.28346456692913 69.16535433070867 69.44881889763779 21.826771653543307 nouvelles
89.5748031496063 69.16535433070867 85.32283464566929 21.826771653543307 possibilités
159.0236220472441 69.16535433070867 74.83464566929133 21.826771653543307 visuelles.
217.70078740157481 69.16535433070867 32.031496062992126 21.826771653543307 De
233.85826771653544 69.16535433070867 47.90551181102362 21.826771653543307 plus,
260.503937007874 69.16535433070867 32.031496062992126 21.826771653543307 pour

36.0 79.93700787401575 73.7007874015748 22.677165354330707 compléter
92.69291338582677 79.93700787401575 39.68503937007874 22.677165354330707 les
115.37007874015748 79.93700787401575 62.36220472440945 22.677165354330707 images,
160.7244094488189 79.93700787401575 73.7007874015748 22.677165354330707 j’utilise
217.70078740157481 79.93700787401575 39.68503937007874 22.677165354330707 des
240.3779527559055 79.93700787401575 45.354330708661415 22.677165354330707 sons
263.0551181102362 79.93700787401575 28.346456692913385 22.677165354330707 qui

36.0 92.1259842519685 96.94488188976378 21.543307086614174 appartiennent
115.93700787401575 92.1259842519685 39.968503937007874 21.543307086614174 aux
138.61417322834646 92.1259842519685 56.976377952755904 21.543307086614174 œuvres
178.58267716535434 92.1259842519685 39.968503937007874 21.543307086614174 que
201.54330708661416 92.1259842519685 34.2992125984252 21.543307086614174 je
218.5511811023622 92.1259842519685 68.5984251968504 21.543307086614174 modifie.
264.18897637795277 92.1259842519685 28.62992125984252 21.543307086614174 Ces

36.56692913385827 104.03149606299213 57.826771653543304 22.11023622047244 travaux
78.51968503937007 104.03149606299213 41.95275590551181 22.11023622047244 sont
104.5984251968504 104.03149606299213 41.95275590551181 22.11023622047244 pour
130.96062992125985 104.03149606299213 36.8503937007874 22.11023622047244 moi
151.93700787401573 104.03149606299213 36.8503937007874 22.11023622047244 les
172.91338582677164 104.03149606299213 68.31496062992126 22.11023622047244 premières
225.35433070866142 104.03149606299213 52.44094488188976 22.11023622047244 étapes
256.81889763779526 104.03149606299213 36.8503937007874 22.11023622047244 d’une

36.8503937007874 122.45669291338582 70.2992125984252 16.440944881889763 recherche
90.70866141732283 122.45669291338582 32.31496062992126 16.440944881889763 en
101.76377952755905 122.45669291338582 43.08661417322835 16.440944881889763 cours.

227.90551181102362 127.55905511811024 41.95275590551181 17.007874015748033 van
245.76377952755905 127.55905511811024 47.90551181102362 17.007874015748033 Croce.

53.29133858267716 179.1496062992126 54.99212598425197 24.37795275590551 Moyen:
91.55905511811024 179.1496062992126 38.55118110236221 24.37795275590551 une
113.66929133858268 179.1496062992126 43.93700787401575 24.37795275590551 tige
141.16535433070865 179.1496062992126 32.881889763779526 24.37795275590551 de
157.60629921259843 179.1496062992126 38.55118110236221 24.37795275590551 fer
179.43307086614172 179.1496062992126 60.37795275590551 24.37795275590551 souple,
223.37007874015748 179.1496062992126 49.32283464566929 24.37795275590551 fixée
256.251968503937 179.1496062992126 38.55118110236221 24.37795275590551 sur
272.9763779527559 179.1496062992126 21.826771653543307 24.37795275590551 un

37.13385826771653 191.90551181102362 64.62992125984252 20.409448818897637 support
84.18897637795276 191.90551181102362 35.1496062992126 20.409448818897637 de
101.76377952755905 191.90551181102362 52.724409448818896 20.409448818897637 bois,
136.91338582677164 191.90551181102362 35.1496062992126 20.409448818897637 se
154.48818897637796 191.90551181102362 76.25196850393701 20.409448818897637 terminant
213.16535433070865 191.90551181102362 41.10236220472441 20.409448818897637 par
236.69291338582678 191.90551181102362 41.10236220472441 20.409448818897637 une
254.26771653543307 191.90551181102362 41.10236220472441 20.409448818897637 forme

37.7007874015748 204.66141732283464 85.88976377952756 21.25984251968504 géométrique.
107.43307086614173 204.66141732283464 37.7007874015748 21.25984251968504 Mon
128.9763779527559 204.66141732283464 58.960629921259844 21.25984251968504 travail
171.7795275590551 204.66141732283464 58.960629921259844 21.25984251968504 propose
214.86614173228347 204.66141732283464 32.31496062992126 21.25984251968504 la
231.0236220472441 204.66141732283464 64.34645669291339 21.25984251968504 création
273.8267716535433 204.66141732283464 21.543307086614174 21.25984251968504 de

37.98425196850393 216.56692913385828 61.511811023622045 22.677165354330707 volumes
82.77165354330708 216.56692913385828 33.732283464566926 22.677165354330707 et
99.77952755905511 216.56692913385828 39.118110236220474 22.677165354330707 une
122.1732283464567 216.56692913385828 100.91338582677166 22.677165354330707 transformation
206.07874015748033 216.56692913385828 33.732283464566926 22.677165354330707 de
222.8031496062992 216.56692913385828 33.732283464566926 22.677165354330707 la
239.5275590551181 216.56692913385828 61.511811023622045 22.677165354330707 couleur
278.92913385826773 216.56692913385828 16.724409448818896 22.677165354330707 à

39.118110236220474 232.15748031496062 51.30708661417323 18.992125984251967 partir
75.11811023622047 232.15748031496062 30.89763779527559 18.992125984251967 de
90.4251968503937 232.15748031496062 61.511811023622045 18.992125984251967 l’action
136.62992125984252 232.15748031496062 30.89763779527559 18.992125984251967 du
146.83464566929135 232.15748031496062 66.89763779527559 18.992125984251967 spectateur.

53.29133858267716 240.3779527559055 54.14173228346457 19.275590551181104 Volume
91.2755905511811 240.3779527559055 75.68503937007874 19.275590551181104 immatériel
150.8031496062992 240.3779527559055 26.929133858267715 19.275590551181104 :
161.5748031496063 240.3779527559055 59.52755905511811 19.275590551181104 Lorsque
204.66141732283464 240.3779527559055 32.59842519685039 19.275590551181104 la
221.10236220472441 240.3779527559055 43.37007874015748 19.275590551181104 tige
248.03149606299212 240.3779527559055 37.98425196850393 19.275590551181104 est
264.18897637795277 240.3779527559055 32.59842519685039 19.275590551181104 mise

38.83464566929134 253.13385826771653 32.881889763779526 19.84251968503937 en
55.275590551181104 253.13385826771653 71.43307086614173 19.84251968503937 mouvement
110.26771653543307 253.13385826771653 38.55118110236221 19.84251968503937 par
132.09448818897638 253.13385826771653 32.881889763779526 19.84251968503937 le
148.53543307086613 253.13385826771653 76.81889763779527 19.84251968503937 spectateur
209.1968503937008 253.13385826771653 32.881889763779526 19.84251968503937 la
225.63779527559055 253.13385826771653 49.60629921259842 19.84251968503937 forme
253.13385826771653 253.13385826771653 43.93700787401575 19.84251968503937 géomé-

38.55118110236221 265.3228346456693 57.54330708661417 17.858267716535433 trique
78.80314960629921 265.3228346456693 68.88188976377953 17.858267716535433 engendre
130.39370078740157 265.3228346456693 40.25196850393701 17.858267716535433 une
153.35433070866142 265.3228346456693 80.50393700787401 17.858267716535433 impression
216.56692913385828 265.3228346456693 34.58267716535433 17.858267716535433 de
233.85826771653544 265.3228346456693 63.21259842519685 17.858267716535433 volume.
274.1102362204724 265.3228346456693 22.96062992125984 17.858267716535433 Le

39.118110236220474 278.0787401574803 57.25984251968504 18.4251968503937 volume
79.08661417322834 278.0787401574803 34.2992125984252 18.4251968503937 se
96.37795275590551 278.0787401574803 80.22047244094489 18.4251968503937 transforme
159.59055118110237 278.0787401574803 85.88976377952756 18.4251968503937 constamment
228.18897637795277 278.0787401574803 34.2992125984252 18.4251968503937 et
245.48031496062993 278.0787401574803 34.2992125984252 18.4251968503937 de
256.81889763779526 278.0787401574803 40.25196850393701 18.4251968503937 façon

39.118110236220474 288.8503937007874 74.83464566929133 19.559055118110237 aléatoire
96.37795275590551 288.8503937007874 51.59055118110236 19.559055118110237 selon
130.96062992125985 288.8503937007874 40.25196850393701 19.559055118110237 les
153.92125984251967 288.8503937007874 80.50393700787401 19.559055118110237 mouvements
217.13385826771653 288.8503937007874 68.88188976377953 19.559055118110237 imprimés
269.00787401574803 288.8503937007874 28.62992125984252 19.559055118110237 à
274.6771653543307 288.8503937007874 22.96062992125984 19.559055118110237 la

39.968503937007874 301.3228346456693 40.53543307086614 18.992125984251967 tige
65.19685039370079 301.3228346456693 35.43307086614173 18.992125984251967 par
85.60629921259843 301.3228346456693 30.330708661417322 18.992125984251967 le
100.62992125984252 301.3228346456693 75.96850393700787 18.992125984251967 spectateur.
161.5748031496063 301.3228346456693 40.53543307086614 18.992125984251967 Sans
186.8031496062992 301.3228346456693 40.53543307086614 18.992125984251967 lui,
212.03149606299212 301.3228346456693 55.55905511811024 18.992125984251967 l’œuvre
247.46456692913387 301.3228346456693 50.74015748031496 18.992125984251967 n’existe

34.01574803149607 319.748031496063 36.8503937007874 15.874015748031496 plus.

56.40944881889764 325.98425196850394 57.826771653543304 16.440944881889763 Couleur
98.64566929133858 325.98425196850394 68.31496062992126 16.440944881889763 virtuelle
151.08661417322836 325.98425196850394 26.362204724409448 16.440944881889763 :
161.85826771653544 325.98425196850394 31.46456692913386 16.440944881889763 En
177.4488188976378 325.98425196850394 63.21259842519685 16.440944881889763 colorant
224.78740157480314 325.98425196850394 31.46456692913386 16.440944881889763 la
240.66141732283464 325.98425196850394 41.95275590551181 16.440944881889763 tige
267.0236220472441 325.98425196850394 31.46456692913386 16.440944881889763 et
277.51181102362204 325.98425196850394 20.976377952755904 16.440944881889763 le

41.38582677165354 338.74015748031496 56.69291338582677 15.874015748031496 support
82.48818897637796 338.74015748031496 30.89763779527559 15.874015748031496 de
98.07874015748031 338.74015748031496 46.488188976377955 15.874015748031496 façon
128.9763779527559 338.74015748031496 72.28346456692914 15.874015748031496 différente
185.95275590551182 338.74015748031496 30.89763779527559 15.874015748031496 on
201.25984251968504 338.74015748031496 56.69291338582677 15.874015748031496 obtient
242.64566929133858 338.74015748031496 36.0 15.874015748031496 une
257.9527559055118 338.74015748031496 41.38582677165354 15.874015748031496 trans-

40.818897637795274 350.6456692913386 70.01574803149606 17.007874015748033 formation
94.67716535433071 350.6456692913386 32.31496062992126 17.007874015748033 de
110.83464566929133 350.6456692913386 32.31496062992126 17.007874015748033 la
126.99212598425197 350.6456692913386 64.62992125984252 17.007874015748033 couleur.
175.1811023622047 350.6456692913386 59.24409448818898 17.007874015748033 Lorsque
218.26771653543307 350.6456692913386 32.31496062992126 17.007874015748033 la
234.4251968503937 350.6456692913386 43.08661417322835 17.007874015748033 tige
261.3543307086614 350.6456692913386 37.7007874015748 17.007874015748033 est
277.51181102362204 350.6456692913386 21.543307086614174 17.007874015748033 en

41.669291338582674 362.26771653543307 72.85039370078741 17.291338582677167 mouvement
97.79527559055119 362.26771653543307 39.118110236220474 17.291338582677167 une
120.18897637795276 362.26771653543307 72.85039370078741 17.291338582677167 troisième
176.31496062992127 362.26771653543307 61.79527559055118 17.291338582677167 couleur
221.10236220472441 362.26771653543307 72.85039370078741 17.291338582677167 apparaït,
271.5590551181102 362.26771653543307 28.062992125984252 17.291338582677167 dé-

41.669291338582674 374.45669291338584 68.5984251968504 15.874015748031496 terminée
93.25984251968504 374.45669291338584 39.968503937007874 15.874015748031496 par
115.93700787401575 374.45669291338584 34.2992125984252 15.874015748031496 la
133.22834645669292 374.45669291338584 85.88976377952756 15.874015748031496 combinaison
202.11023622047244 374.45669291338584 34.2992125984252 15.874015748031496 de
219.11811023622047 374.45669291338584 34.2992125984252 15.874015748031496 la
236.40944881889763 374.45669291338584 62.92913385826772 15.874015748031496 couleur
276.37795275590554 374.45669291338584 22.96062992125984 15.874015748031496 de

43.08661417322835 386.0787401574803 32.881889763779526 17.007874015748033 la
59.52755905511811 386.0787401574803 43.653543307086615 17.007874015748033 tige
86.74015748031496 386.0787401574803 32.881889763779526 17.007874015748033 et
103.18110236220473 386.0787401574803 32.881889763779526 17.007874015748033 du
119.62204724409449 386.0787401574803 65.76377952755905 17.007874015748033 support.
168.9448818897638 386.0787401574803 32.881889763779526 17.007874015748033 La
185.38582677165354 386.0787401574803 60.09448818897638 17.007874015748033 couleur
229.03937007874015 386.0787401574803 32.881889763779526 17.007874015748033 de
245.48031496062993 386.0787401574803 32.881889763779526 17.007874015748033 ce
256.53543307086613 386.0787401574803 43.653543307086615 17.007874015748033 volume

42.803149606299215 400.81889763779526 35.1496062992126 13.32283464566929 est
62.92913385826772 400.81889763779526 60.09448818897638 13.32283464566929 modifiée
108.0 400.81889763779526 45.07086614173228 13.32283464566929 selon
138.04724409448818 400.81889763779526 75.11811023622047 13.32283464566929 l’intensité
198.14173228346456 400.81889763779526 30.04724409448819 13.32283464566929 de
213.16535433070865 400.81889763779526 30.04724409448819 13.32283464566929 la
223.08661417322836 400.81889763779526 60.09448818897638 13.32283464566929 vibration.

57.25984251968504 408.4724409448819 68.88188976377953 16.724409448818896 J’obtiens
110.26771653543307 408.4724409448819 116.50393700787401 16.724409448818896 l’interpénétration
210.89763779527559 408.4724409448819 31.748031496062993 16.724409448818896 de
226.77165354330708 408.4724409448819 58.110236220472444 16.724409448818896 volumes
269.00787401574803 408.4724409448819 31.748031496062993 16.724409448818896 et
279.496062992126 408.4724409448819 21.25984251968504 16.724409448818896 de

42.23622047244095 422.0787401574803 69.16535433070867 16.440944881889763 couleurs
94.11023622047244 422.0787401574803 46.20472440944882 16.440944881889763 plus
122.74015748031496 422.0787401574803 74.83464566929133 16.440944881889763 complexes
180.56692913385828 422.0787401574803 34.58267716535433 16.440944881889763 en
197.85826771653544 422.0787401574803 92.1259842519685 16.440944881889763 construisant
267.0236220472441 422.0787401574803 34.58267716535433 16.440944881889763 plu-

42.51968503937008 434.26771653543307 51.874015748031496 15.023622047244094 sieurs
78.80314960629921 434.26771653543307 51.874015748031496 15.023622047244094 formes
114.80314960629921 434.26771653543307 82.77165354330708 15.023622047244094 géométriques
182.26771653543307 434.26771653543307 31.181102362204726 15.023622047244094 de
197.85826771653544 434.26771653543307 56.976377952755904 15.023622047244094 tailles
234.14173228346456 434.26771653543307 67.18110236220473 15.023622047244094 différentes

42.51968503937008 448.4409448818898 38.267716535433074 15.023622047244094 sur
64.34645669291339 448.4409448818898 32.881889763779526 15.023622047244094 la
80.78740157480316 448.4409448818898 43.653543307086615 15.023622047244094 même
108.0 448.4409448818898 43.653543307086615 15.023622047244094 tige
135.21259842519686 448.4409448818898 32.881889763779526 15.023622047244094 de
146.26771653543307 448.4409448818898 32.881889763779526 15.023622047244094 fer.

59.52755905511811 456.66141732283467 28.913385826771652 15.590551181102363 Il
73.98425196850394 456.66141732283467 24.094488188976378 15.590551181102363 y
83.62204724409449 456.66141732283467 24.094488188976378 15.590551181102363 a
93.25984251968504 456.66141732283467 77.38582677165354 15.590551181102363 modification
156.4724409448819 456.66141732283467 28.913385826771652 15.590551181102363 de
170.9291338582677 456.66141732283467 28.913385826771652 15.590551181102363 la
185.38582677165354 456.66141732283467 43.653543307086615 15.590551181102363 durée
214.58267716535434 456.66141732283467 28.913385826771652 15.590551181102363 et
229.03937007874015 456.66141732283467 28.913385826771652 15.590551181102363 de
238.6771653543307 456.66141732283467 62.92913385826772 15.590551181102363 l’intensité

42.51968503937008 468.56692913385825 37.13385826771653 16.15748031496063 des
63.77952755905512 468.56692913385825 58.39370078740158 16.15748031496063 volumes
106.2992125984252 468.56692913385825 79.65354330708661 16.15748031496063 immatériels
169.79527559055117 468.56692913385825 31.748031496062993 16.15748031496063 en
185.66929133858267 468.56692913385825 53.00787401574803 16.15748031496063 fixant
222.8031496062992 468.56692913385825 37.13385826771653 16.15748031496063 sur
244.06299212598427 468.56692913385825 31.748031496062993 16.15748031496063 le
254.83464566929135 468.56692913385825 47.62204724409449 16.15748031496063 support

42.803149606299215 483.0236220472441 37.13385826771653 13.606299212598426 des
64.06299212598425 483.0236220472441 47.62204724409449 13.606299212598426 tiges
95.81102362204724 483.0236220472441 31.748031496062993 13.606299212598426 de
111.68503937007874 483.0236220472441 68.88188976377953 13.606299212598426 grandeurs
164.69291338582678 483.0236220472441 84.75590551181102 13.606299212598426 différentes:
233.29133858267716 483.0236220472441 42.23622047244095 13.606299212598426 plus
259.93700787401576 483.0236220472441 31.748031496062993 13.606299212598426 la
270.4251968503937 483.0236220472441 31.748031496062993 13.606299212598426 tige

43.37007874015748 493.51181102362204 38.55118110236221 13.88976377952756 est
65.19685039370079 493.51181102362204 60.661417322834644 13.88976377952756 petite,
109.41732283464567 493.51181102362204 44.22047244094488 13.88976377952756 plus
137.1968503937008 493.51181102362204 33.16535433070866 13.88976377952756 la
153.63779527559055 493.51181102362204 71.71653543307086 13.88976377952756 vibration
208.91338582677164 493.51181102362204 38.55118110236221 13.88976377952756 est
231.0236220472441 493.51181102362204 60.661417322834644 13.88976377952756 rapide,
269.5748031496063 493.51181102362204 33.16535433070866 13.88976377952756 plus

43.653543307086615 506.8346456692913 53.85826771653543 16.440944881889763 courte
81.35433070866142 506.8346456692913 37.7007874015748 16.440944881889763 est
102.89763779527559 506.8346456692913 32.31496062992126 16.440944881889763 sa
113.66929133858268 506.8346456692913 43.08661417322835 16.440944881889763 durée.

209.48031496062993 515.6220472440945 55.275590551181104 18.4251968503937 Rafael
242.64566929133858 515.6220472440945 60.94488188976378 18.4251968503937 Martinez.

60.09448818897638 566.9291338582677 36.56692913385827 15.874015748031496 Je
78.23622047244095 566.9291338582677 66.89763779527559 15.874015748031496 propose
126.99212598425197 566.9291338582677 42.51968503937008 15.874015748031496 une
151.37007874015748 566.9291338582677 54.70866141732284 15.874015748031496 unité
187.93700787401573 566.9291338582677 85.32283464566929 15.874015748031496 plastique,
248.88188976377953 566.9291338582677 54.70866141732284 15.874015748031496 quelque

44.22047244094488 581.3858267716536 54.425196850393704 12.472440944881889 chose
80.22047244094489 581.3858267716536 54.425196850393704 12.472440944881889 comme
116.50393700787401 581.3858267716536 36.28346456692913 12.472440944881889 un
134.64566929133858 581.3858267716536 66.33070866141732 12.472440944881889 circuit
182.83464566929135 581.3858267716536 54.425196850393704 12.472440944881889 fermé
219.11811023622047 581.3858267716536 42.23622047244095 12.472440944881889 qui
243.21259842519686 581.3858267716536 48.188976377952756 12.472440944881889 peut
267.3070866141732 581.3858267716536 36.28346456692913 12.472440944881889 être

45.354330708661415 593.5748031496063 72.28346456692914 15.874015748031496 d’ailleurs
102.04724409448819 593.5748031496063 30.89763779527559 15.874015748031496 un
117.63779527559055 593.5748031496063 46.488188976377955 15.874015748031496 sujet
148.8188976377953 593.5748031496063 98.36220472440945 15.874015748031496 d’environnement
231.59055118110237 593.5748031496063 41.38582677165354 15.874015748031496 pour
252.28346456692913 593.5748031496063 51.59055118110236 15.874015748031496 l’archi

40.53543307086614 607.1811023622047 49.889763779527556 12.755905511811024 tecture.

59.811023622047244 614.8346456692914 48.75590551181102 16.724409448818896 Avec
90.4251968503937 614.8346456692914 42.803149606299215 16.724409448818896 des
114.80314960629921 614.8346456692914 85.60629921259843 16.724409448818896 structures
181.98425196850394 614.8346456692914 91.55905511811024 16.724409448818896 monochromes
255.4015748031496 614.8346456692914 30.614173228346456 16.724409448818896 —
261.3543307086614 614.8346456692914 42.803149606299215 16.724409448818896 cons

278.92913385826773 644.0314960629921 25.511811023622048 14.456692913385826 131
