1062 2361
-5 94 233 69 <b>ITALIE</b>

181 479 249 52 Commissaire
381 479 183 52 général
514 479 83 52 :
547 479 200 52 <b>Palma
680 479 233 52 Bucareli</b>

181 530 231 48 Directrice
363 530 99 48 de
412 530 99 48 la
462 530 182 48 Galerie
594 530 149 48 d’Art
693 530 182 48 Moderne
825 530 83 48 à
842 530 116 48 Rome.

141 668 104 49 En
193 668 244 49 présentant
384 668 104 49 la
437 668 192 49 section
576 668 226 49 italienne
750 668 87 49 à
785 668 104 49 la
820 668 139 49 précé-

80 709 169 49 dente
193 709 244 49 Biennale,
380 709 262 49 j’écrivais
586 709 94 49 :
624 709 94 49 «
661 709 150 49 Dans
755 709 131 49 une
811 709 150 49 époque

81 746 134 50 qui
157 746 115 50 se
215 746 134 50 dit
292 746 345 50 technologique,
579 746 115 50 le
636 746 230 50 symptôme
809 746 115 50 le
847 746 115 50 plus

82 800 293 40 significatif
320 800 128 40 est
393 800 110 40 la
448 800 238 40 technique
631 800 92 40 :
668 800 110 40 la
723 800 202 40 rupture
851 800 110 40 avec

80 837 180 46 toutes
206 837 126 46 les
278 837 253 46 techniques
477 837 361 46 traditionnelles,
766 837 198 46 l’expéri.

83 879 228 45 mentation
259 879 105 45 de
312 879 228 45 nouvelles
487 879 263 45 techniques.
698 879 88 45 »
715 879 246 45 Aujourd’hui,

82 913 144 50 les
164 913 287 50 conditions
389 913 144 50 ont
471 913 226 50 changé,
635 913 123 50 en
697 913 205 50 Italie
820 913 144 50 comme

84 969 224 38 ailleurs.
256 969 121 38 Les
325 969 207 38 artistes
481 969 121 38 les
550 969 138 38 plus
636 969 173 38 jeunes
757 969 104 38 et
809 969 121 38 les
860 969 104 38 plus

82 1003 221 47 avancés
242 1003 301 47 participent
483 1003 120 47 du
544 1003 261 47 phénomène
744 1003 221 47 mondial
885 1003 80 47 de

85 1043 108 49 la
139 1043 306 49 contestation,
391 1043 108 49 et
445 1043 198 49 puisque
588 1043 108 49 le
642 1043 126 49 but
714 1043 108 49 de
768 1043 108 49 la
804 1043 162 49 contes-

84 1085 170 47 tation
203 1085 119 47 est
271 1085 102 47 la
321 1085 271 47 civilisation
542 1085 119 47 que
610 1085 136 47 l’on
695 1085 187 47 appelle
813 1085 153 47 techno-

85 1129 235 47 logique,
261 1129 117 47 le
320 1129 176 47 moyen
437 1129 117 47 de
496 1129 117 47 la
555 1129 235 47 réaliser
730 1129 117 47 ne
789 1129 156 47 peut
867 1129 98 47 pas

83 1169 150 42 être
177 1169 113 42 la
234 1169 244 42 recherche
422 1169 113 42 et
478 1169 395 42 l’expérimentation
817 1169 113 42 de
854 1169 113 42 nou-

85 1215 177 44 velles
209 1215 265 44 techniques.
421 1215 229 44 Autrement
597 1215 141 44 dit,
686 1215 106 44 la
721 1215 247 44 contestation

85 1255 88 51 a
121 1255 141 51 fait
209 1255 230 51 ressortir
386 1255 106 51 le
439 1255 212 51 problème
598 1255 159 51 moral
704 1255 124 51 qui
775 1255 159 51 était
863 1255 106 51 der-

85 1296 170 49 rière
198 1296 113 49 le
255 1296 226 49 problème
425 1296 113 49 de
481 1296 113 49 la
519 1296 226 49 technique.

145 1364 108 57 Un
199 1364 126 57 art
271 1364 126 57 qui
342 1364 108 57 se
396 1364 126 57 dit
468 1364 90 57 «
504 1364 179 57 pauvre
629 1364 90 57 »
665 1364 161 57 n’est
773 1364 126 57 pas
827 1364 143 57 néces-

84 1409 246 54 sairement
273 1409 113 54 un
330 1409 132 54 art
405 1409 189 54 humble
538 1409 113 54 et
594 1409 227 54 désarmé:
764 1409 113 54 il
802 1409 170 54 choisit

86 1452 113 54 la
143 1452 226 54 pauvreté
312 1452 151 54 afin
407 1452 113 54 de
463 1452 245 54 récupérer
652 1452 132 54 une
727 1452 245 54 condition
897 1452 75 54 de

90 1492 191 53 liberté
228 1492 173 53 totale
350 1492 225 53 vis-à-vis
523 1492 156 53 d’une
627 1492 191 53 société
766 1492 173 53 riche,
870 1492 104 53 jus-

84 1536 217 57 tement,
242 1536 119 57 de
302 1536 138 57 ses
381 1536 296 57 techniques.
618 1536 119 57 Il
677 1536 119 57 ne
736 1536 217 57 renonce
874 1536 99 57 pas

85 1584 132 51 aux
161 1584 302 51 possibilités
406 1584 113 51 de
463 1584 113 51 la
520 1584 246 51 technique
709 1584 208 51 moderne
841 1584 132 51 comme

86 1617 135 55 les
163 1617 193 55 moines
298 1617 251 55 médiévaux
492 1617 290 55 renonçaient
724 1617 135 55 aux
801 1617 174 55 biens
898 1617 77 55 de

84 1663 118 51 ce
144 1663 198 51 monde,
282 1663 158 51 mais
381 1663 119 51 il
440 1663 217 51 réclame
598 1663 119 51 la
657 1663 217 51 liberté
815 1663 119 51 de
855 1663 119 51 s’en

87 1711 178 51 servir
212 1711 160 51 d’une
318 1711 160 51 façon
425 1711 107 51 et
478 1711 142 51 pour
567 1711 124 51 des
638 1711 142 51 buts
726 1711 249 51 différents
904 1711 71 51 de

84 1746 159 52 ceux
183 1746 258 52 qu’impose
382 1746 119 52 le
441 1746 99 52 «
481 1746 218 52 système
640 1746 119 52 »,
699 1746 119 52 ou
759 1746 159 52 même
858 1746 119 52 de
898 1746 79 52 ne

89 1784 117 67 pas
156 1784 134 67 s’en
240 1784 168 67 servir
358 1784 101 67 du
408 1784 151 67 tout.
508 1784 117 67 Les
576 1784 168 67 jeunes
693 1784 218 67 artistes,
844 1784 134 67 enfin,

83 1832 234 49 veulent
253 1832 277 49 démontrer
466 1832 149 49 que
551 1832 128 49 la
615 1832 234 49 réalité
785 1832 128 49 du
828 1832 149 49 monde

88 1872 196 51 moderne
231 1872 107 51 ne
284 1872 107 51 se
337 1872 231 51 soustrait
515 1872 125 51 pas
586 1872 89 51 à
622 1872 285 51 l’expérience
836 1872 142 51 esthé-

85 1908 187 61 tique,
216 1908 168 61 parce
328 1908 131 61 que
403 1908 112 61 la
459 1908 187 61 valeur
589 1908 261 61 esthétique
794 1908 168 61 n’est
888 1908 93 61 pas

88 1951 139 63 une
167 1951 218 63 qualité
326 1951 119 63 de
385 1951 218 63 l’objet
544 1951 159 63 mais
643 1951 119 63 le
703 1951 218 63 produit
841 1951 139 63 d’une

90 1993 194 60 attitude
235 1993 97 60 du
284 1993 146 60 sujet
381 1993 210 60 vis-à-vis
543 1993 97 60 de
592 1993 97 60 la
640 1993 194 60 réalité.
786 1993 97 60 Il
818 1993 162 60 s’ensuit

91 2032 267 67 logiquement
305 2032 125 67 que
376 2032 107 67 la
430 2032 196 67 qualité
572 2032 125 67 qui
643 2032 125 67 est
715 2032 143 67 niée
804 2032 89 67 à
822 2032 160 67 l’objet

90 2072 143 60 réel
179 2072 143 60 soit
268 2072 232 60 également
447 2072 143 60 niée
536 2072 89 60 à
571 2072 196 60 l’objet
714 2072 249 60 artistique
892 2072 89 60 qui

86 2120 264 63 directement
297 2120 105 63 ou
350 2120 141 63 non,
438 2120 105 63 le
491 2120 246 63 reproduit.
684 2120 158 63 L’art
790 2120 158 63 n’est
878 2120 105 63 plus

92 2157 189 60 l’objet
229 2157 257 60 artistique,
435 2157 223 60 l’artiste
607 2157 154 60 n’est
709 2157 137 60 plus
795 2157 103 60 un
830 2157 154 60 produc-

88 2211 146 58 teur
179 2211 128 58 qui
252 2211 238 58 s’adresse
435 2211 91 58 à
471 2211 110 58 un
526 2211 183 58 public
654 2211 110 58 de
691 2211 292 58 consommateurs.

64 2305 86 50 80
