301.03937007874015 669.2598425196851
1.1338582677165354 21.25984251968504 56.40944881889764 19.275590551181104 <b>CUBA</b>

53.574803149606296 132.9448818897638 73.13385826771653 14.173228346456693 Commissaire
111.96850393700787 132.9448818897638 53.574803149606296 14.173228346456693 général
151.08661417322836 132.9448818897638 24.37795275590551 14.173228346456693 :
161.00787401574803 132.9448818897638 68.31496062992126 14.173228346456693 <b>Eduardo
209.76377952755905 132.9448818897638 48.75590551181102 14.173228346456693 Muzio</b>

53.85826771653543 146.26771653543307 58.39370078740158 16.15748031496063 Président
98.92913385826772 146.26771653543307 26.929133858267715 16.15748031496063 du
112.25196850393701 146.26771653543307 49.60629921259842 16.15748031496063 Conseil
148.251968503937 146.26771653543307 53.85826771653543 16.15748031496063 National
188.78740157480314 146.26771653543307 26.929133858267715 16.15748031496063 de
202.39370078740157 146.26771653543307 26.929133858267715 16.15748031496063 la
211.1811023622047 146.26771653543307 45.07086614173228 16.15748031496063 Culture.

41.10236220472441 184.53543307086613 62.07874015748032 16.724409448818896 Pendant
86.45669291338582 184.53543307086613 39.68503937007874 16.724409448818896 ces
108.85039370078741 184.53543307086613 39.68503937007874 16.724409448818896 dix
131.5275590551181 184.53543307086613 56.69291338582677 16.724409448818896 années
171.21259842519686 184.53543307086613 34.01574803149607 16.724409448818896 de
188.2204724409449 184.53543307086613 84.75590551181102 16.724409448818896 Révolution,
250.29921259842519 184.53543307086613 22.677165354330707 16.724409448818896 le

24.094488188976378 197.5748031496063 90.4251968503937 13.32283464566929 Gouvernement
97.51181102362204 197.5748031496063 34.01574803149607 13.32283464566929 de
114.51968503937007 197.5748031496063 34.01574803149607 13.32283464566929 la
131.5275590551181 197.5748031496063 79.08661417322834 13.32283464566929 République
193.88976377952756 197.5748031496063 34.01574803149607 13.32283464566929 de
210.89763779527559 197.5748031496063 45.354330708661415 13.32283464566929 Cuba
238.96062992125985 197.5748031496063 28.346456692913385 13.32283464566929 a
244.62992125984252 197.5748031496063 28.346456692913385 13.32283464566929 des

22.677165354330707 208.62992125984252 52.724409448818896 14.173228346456693 tiné
55.55905511811024 208.62992125984252 46.20472440944882 14.173228346456693 des
81.92125984251969 208.62992125984252 66.04724409448819 14.173228346456693 sommes
128.1259842519685 208.62992125984252 112.25196850393701 14.173228346456693 considérables
220.53543307086613 208.62992125984252 39.68503937007874 14.173228346456693 au
233.5748031496063 208.62992125984252 39.68503937007874 14.173228346456693 dêve

24.661417322834644 221.66929133858267 71.71653543307086 13.88976377952756 loppement
79.65354330708661 221.66929133858267 71.71653543307086 13.88976377952756 culturel,
134.9291338582677 221.66929133858267 38.55118110236221 13.88976377952756 qui
157.03937007874015 221.66929133858267 27.496062992125985 13.88976377952756 a
168.09448818897638 221.66929133858267 66.33070866141732 13.88976377952756 stimulé,
217.70078740157481 221.66929133858267 33.16535433070866 13.88976377952756 en
228.75590551181102 221.66929133858267 44.22047244094488 13.88976377952756 retoun

24.094488188976378 232.7244094488189 121.60629921259843 15.307086614173228 l’épanouissement
127.2755905511811 232.7244094488189 36.56692913385827 15.307086614173228 de
145.70078740157481 232.7244094488189 48.75590551181102 15.307086614173228 tous
176.03149606299212 232.7244094488189 42.51968503937008 15.307086614173228 les
200.40944881889763 232.7244094488189 54.70866141732284 15.307086614173228 arts.
230.74015748031496 232.7244094488189 42.51968503937008 15.307086614173228 Malgé

24.37795275590551 245.48031496062993 63.77952755905512 12.472440944881889 l’énorme
72.28346456692914 245.48031496062993 53.00787401574803 12.472440944881889 effort
109.41732283464567 245.48031496062993 68.88188976377953 12.472440944881889 collectif
162.4251968503937 245.48031496062993 31.748031496062993 12.472440944881889 de
178.29921259842519 245.48031496062993 90.14173228346456 12.472440944881889 développement
247.1811023622047 245.48031496062993 26.64566929133858 12.472440944881889 éce

24.661417322834644 257.9527559055118 62.36220472440945 11.338582677165354 nomique,
71.14960629921259 257.9527559055118 31.181102362204726 11.338582677165354 la
86.74015748031496 257.9527559055118 56.976377952755904 11.338582677165354 culture
128.40944881889763 257.9527559055118 36.28346456692913 11.338582677165354 n’a
149.10236220472441 257.9527559055118 51.874015748031496 11.338582677165354 jamais
185.38582677165354 257.9527559055118 46.77165354330709 11.338582677165354 cessé
216.56692913385828 257.9527559055118 31.181102362204726 11.338582677165354 de
226.77165354330708 257.9527559055118 46.77165354330709 11.338582677165354 progres

23.811023622047244 269.29133858267716 37.98425196850393 13.606299212598426 ser
45.63779527559055 269.29133858267716 27.212598425196852 13.606299212598426 à
56.40944881889764 269.29133858267716 49.039370078740156 13.606299212598426 Cuba.
89.00787401574803 269.29133858267716 32.59842519685039 13.606299212598426 Il
105.16535433070867 269.29133858267716 54.425196850393704 13.606299212598426 suffit
143.43307086614172 269.29133858267716 32.59842519685039 13.606299212598426 de
159.59055118110237 269.29133858267716 70.58267716535433 13.606299212598426 connaître
214.01574803149606 269.29133858267716 49.039370078740156 13.606299212598426 qu’en
241.22834645669292 269.29133858267716 32.59842519685039 13.606299212598426 1966

24.094488188976378 281.4803149606299 28.346456692913385 13.039370078740157 se
38.267716535433074 281.4803149606299 37.7007874015748 13.039370078740157 sont
61.79527559055118 281.4803149606299 61.22834645669291 13.039370078740157 produites
108.85039370078741 281.4803149606299 32.881889763779526 13.039370078740157 101
127.84251968503936 281.4803149606299 32.881889763779526 13.039370078740157 886
146.5511811023622 281.4803149606299 61.22834645669291 13.039370078740157 activités
193.60629921259843 281.4803149606299 70.58267716535433 13.039370078740157 culturelles
245.1968503937008 281.4803149606299 28.346456692913385 13.039370078740157 avec

24.094488188976378 292.81889763779526 37.13385826771653 12.755905511811024 une
45.354330708661415 292.81889763779526 74.55118110236221 12.755905511811024 assistance
104.03149606299213 292.81889763779526 32.031496062992126 12.755905511811024 de
119.90551181102362 292.81889763779526 32.031496062992126 12.755905511811024 31
135.7795275590551 292.81889763779526 37.13385826771653 12.755905511811024 497
157.03937007874015 292.81889763779526 37.13385826771653 12.755905511811024 056
178.29921259842519 292.81889763779526 69.16535433070867 12.755905511811024 personnes
226.20472440944883 292.81889763779526 47.90551181102362 12.755905511811024 unique-

24.37795275590551 305.29133858267716 39.968503937007874 13.606299212598426 ment
49.32283464566929 305.29133858267716 39.968503937007874 13.606299212598426 pour
74.55118110236221 305.29133858267716 30.04724409448819 13.606299212598426 ce
89.29133858267717 305.29133858267716 34.86614173228347 13.606299212598426 qui
109.41732283464567 305.29133858267716 59.811023622047244 13.606299212598426 concerne
154.20472440944883 305.29133858267716 30.04724409448819 13.606299212598426 le
169.22834645669292 305.29133858267716 59.811023622047244 13.606299212598426 théâtre,
214.29921259842519 305.29133858267716 30.04724409448819 13.606299212598426 la
224.2204724409449 305.29133858267716 49.889763779527556 13.606299212598426 musique,

24.661417322834644 316.34645669291336 34.2992125984252 12.472440944881889 les
44.22047244094488 316.34645669291336 39.118110236220474 12.472440944881889 arts
68.5984251968504 316.34645669291336 73.41732283464567 12.472440944881889 plastiques,
127.2755905511811 316.34645669291336 29.480314960629922 12.472440944881889 la
142.01574803149606 316.34645669291336 78.23622047244095 12.472440944881889 littérature,
205.51181102362204 316.34645669291336 34.2992125984252 12.472440944881889 les
225.0708661417323 316.34645669291336 49.039370078740156 12.472440944881889 musées
254.5511811023622 316.34645669291336 19.559055118110237 12.472440944881889 et

24.37795275590551 327.68503937007875 36.28346456692913 16.15748031496063 les
45.07086614173228 327.68503937007875 93.54330708661418 16.15748031496063 bibliothèques.
123.02362204724409 327.68503937007875 46.77165354330709 16.15748031496063 C’est
154.20472440944883 327.68503937007875 41.669291338582674 16.15748031496063 dire
180.28346456692913 327.68503937007875 36.28346456692913 16.15748031496063 que
200.9763779527559 327.68503937007875 51.874015748031496 16.15748031496063 chaque
232.15748031496062 327.68503937007875 41.669291338582674 16.15748031496063 Cubain

23.244094488188978 340.7244094488189 27.212598425196852 11.905511811023622 a
34.01574803149607 340.7244094488189 38.267716535433074 11.905511811023622 été
55.84251968503937 340.7244094488189 60.09448818897638 11.905511811023622 présent
99.49606299212599 340.7244094488189 27.212598425196852 11.905511811023622 à
110.55118110236221 340.7244094488189 60.09448818897638 11.905511811023622 environ
154.20472440944883 340.7244094488189 54.70866141732284 11.905511811023622 quatre
187.08661417322836 340.7244094488189 87.30708661417323 11.905511811023622 manifestations

23.811023622047244 353.76377952755905 28.913385826771652 13.32283464566929 de
38.267716535433074 353.76377952755905 28.913385826771652 13.32283464566929 la
52.724409448818896 353.76377952755905 57.826771653543304 13.32283464566929 culture.
96.09448818897638 353.76377952755905 33.732283464566926 13.32283464566929 Ces
115.37007874015748 353.76377952755905 62.645669291338585 13.32283464566929 résultats
163.55905511811022 353.76377952755905 43.37007874015748 13.32283464566929 n’ont
192.4724409448819 353.76377952755905 28.913385826771652 13.32283464566929 pu
206.9291338582677 353.76377952755905 38.55118110236221 13.32283464566929 être
226.20472440944883 353.76377952755905 48.188976377952756 13.32283464566929 atteints

23.811023622047244 364.251968503937 40.25196850393701 12.188976377952756 qu’à
49.039370078740156 364.251968503937 50.173228346456696 12.188976377952756 partir
84.18897637795276 364.251968503937 30.04724409448819 12.188976377952756 de
99.21259842519684 364.251968503937 30.04724409448819 12.188976377952756 la
114.23622047244095 364.251968503937 60.37795275590551 12.188976377952756 garantie
159.59055118110237 364.251968503937 45.07086614173228 12.188976377952756 d’une
189.63779527559055 364.251968503937 55.275590551181104 12.188976377952756 liberté
224.78740157480314 364.251968503937 50.173228346456696 12.188976377952756 d’expres

22.677165354330707 376.7244094488189 41.95275590551181 12.472440944881889 sion
49.039370078740156 376.7244094488189 57.826771653543304 12.472440944881889 absolue
91.2755905511811 376.7244094488189 41.95275590551181 12.472440944881889 pour
117.35433070866142 376.7244094488189 36.8503937007874 12.472440944881889 nos
138.61417322834646 376.7244094488189 68.31496062992126 12.472440944881889 artistes,
191.0551181102362 376.7244094488189 47.338582677165356 12.472440944881889 comme
222.51968503937007 376.7244094488189 31.46456692913386 12.472440944881889 en
233.29133858267716 376.7244094488189 41.95275590551181 12.472440944881889 témoi-

22.677165354330707 387.21259842519686 36.8503937007874 14.740157480314961 gne
43.93700787401575 387.21259842519686 47.338582677165356 14.740157480314961 notre
75.4015748031496 387.21259842519686 89.29133858267717 14.740157480314961 participation
148.8188976377953 387.21259842519686 26.362204724409448 14.740157480314961 à
159.30708661417322 387.21259842519686 31.46456692913386 14.740157480314961 la
175.1811023622047 387.21259842519686 62.92913385826772 14.740157480314961 Biennale
222.51968503937007 387.21259842519686 31.46456692913386 14.740157480314961 de
233.00787401574803 387.21259842519686 41.95275590551181 14.740157480314961 Paris.

40.53543307086614 401.9527559055118 74.83464566929133 14.456692913385826 L’exposition
101.48031496062993 401.9527559055118 42.23622047244095 14.456692913385826 <b>Du
129.82677165354332 401.9527559055118 42.23622047244095 14.456692913385826 Tiers
157.88976377952756 401.9527559055118 60.94488188976378 14.456692913385826 Monde</b>
204.66141732283464 401.9527559055118 23.52755905511811 14.456692913385826 a
214.01574803149606 401.9527559055118 32.881889763779526 14.456692913385826 été
228.18897637795277 401.9527559055118 46.77165354330709 14.456692913385826 réalisée

23.52755905511811 417.54330708661416 35.1496062992126 12.188976377952756 par
43.653543307086615 417.54330708661416 35.1496062992126 12.188976377952756 une
63.77952755905512 417.54330708661416 50.173228346456696 12.188976377952756 équipe
98.92913385826772 417.54330708661416 30.04724409448819 12.188976377952756 de
113.95275590551181 417.54330708661416 85.32283464566929 12.188976377952756 dessinateurs,
184.53543307086613 417.54330708661416 40.25196850393701 12.188976377952756 sous
209.48031496062993 417.54330708661416 30.04724409448819 12.188976377952756 la
219.68503937007873 417.54330708661416 55.275590551181104 12.188976377952756 direction

22.393700787401574 428.59842519685037 33.732283464566926 13.606299212598426 de
39.40157480314961 428.59842519685037 67.46456692913385 13.606299212598426 Fernando
89.85826771653544 428.59842519685037 73.13385826771653 13.606299212598426 O’Reilly.
146.26771653543307 428.59842519685037 45.07086614173228 13.606299212598426 Elle
174.33070866141733 428.59842519685037 39.40157480314961 13.606299212598426 fut
196.7244094488189 428.59842519685037 73.13385826771653 13.606299212598426 présentée
247.46456692913387 428.59842519685037 28.062992125984252 13.606299212598426 aux

22.677165354330707 439.0866141732283 36.8503937007874 13.88976377952756 644
43.93700787401575 439.0866141732283 63.21259842519685 13.88976377952756 délégués
91.2755905511811 439.0866141732283 31.46456692913386 13.88976377952756 et
106.86614173228347 439.0866141732283 84.18897637795276 13.88976377952756 journalistes
175.1811023622047 439.0866141732283 36.8503937007874 13.88976377952756 des
196.44094488188978 439.0866141732283 31.46456692913386 13.88976377952756 67
212.03149606299212 439.0866141732283 41.95275590551181 13.88976377952756 pays
238.39370078740157 439.0866141732283 36.8503937007874 13.88976377952756 qui
254.26771653543307 439.0866141732283 20.976377952755904 13.88976377952756 se

22.677165354330707 453.54330708661416 42.23622047244095 13.88976377952756 sont
49.039370078740156 453.54330708661416 73.7007874015748 13.88976377952756 rencontrés
107.14960629921259 453.54330708661416 26.362204724409448 13.88976377952756 à
117.63779527559055 453.54330708661416 31.748031496062993 13.88976377952756 La
133.51181102362204 453.54330708661416 58.110236220472444 13.88976377952756 Havane,
175.748031496063 453.54330708661416 31.748031496062993 13.88976377952756 au
191.33858267716536 453.54330708661416 42.23622047244095 13.88976377952756 mois
217.70078740157481 453.54330708661416 31.748031496062993 13.88976377952756 de
228.4724409448819 453.54330708661416 47.338582677165356 13.88976377952756 janvier

22.677165354330707 463.46456692913387 47.338582677165356 14.456692913385826 1968,
54.425196850393704 463.46456692913387 42.23622047244095 14.456692913385826 pour
80.78740157480316 463.46456692913387 31.46456692913386 14.456692913385826 le
96.37795275590551 463.46456692913387 57.826771653543304 14.456692913385826 Congrès
138.61417322834646 463.46456692913387 68.31496062992126 14.456692913385826 Culturel.
191.33858267716536 463.46456692913387 42.23622047244095 14.456692913385826 Dans
217.70078740157481 463.46456692913387 47.338582677165356 14.456692913385826 cette
244.06299212598427 463.46456692913387 31.46456692913386 14.456692913385826 œuve

21.826771653543307 475.37007874015745 34.58267716535433 12.755905511811024 se
39.118110236220474 475.37007874015745 57.54330708661417 12.755905511811024 mêlent
79.37007874015748 475.37007874015745 40.25196850393701 12.755905511811024 les
102.61417322834646 475.37007874015745 75.11811023622047 12.755905511811024 tendances
160.15748031496062 475.37007874015745 34.58267716535433 12.755905511811024 du
177.4488188976378 475.37007874015745 40.25196850393701 12.755905511811024 pop
200.40944881889763 475.37007874015745 34.58267716535433 12.755905511811024 et
217.98425196850394 475.37007874015745 34.58267716535433 12.755905511811024 du
235.2755905511811 475.37007874015745 40.25196850393701 12.755905511811024 op,
252.56692913385828 475.37007874015745 22.96062992125984 12.755905511811024 le

22.11023622047244 488.12598425196853 47.62204724409449 13.88976377952756 culte
53.85826771653543 488.12598425196853 36.8503937007874 13.88976377952756 des
75.11811023622047 488.12598425196853 52.724409448818896 13.88976377952756 objets
111.96850393700787 488.12598425196853 31.748031496062993 13.88976377952756 de
127.84251968503936 488.12598425196853 84.4724409448819 13.88976377952756 consommation
196.44094488188978 488.12598425196853 31.748031496062993 13.88976377952756 et
212.31496062992127 488.12598425196853 36.8503937007874 13.88976377952756 les
228.18897637795277 488.12598425196853 47.62204724409449 13.88976377952756 preuves

21.826771653543307 501.73228346456693 86.74015748031496 10.771653543307087 matérielles
90.99212598425197 501.73228346456693 40.53543307086614 10.771653543307087 des
114.23622047244095 501.73228346456693 69.16535433070867 10.771653543307087 pénuries
166.11023622047244 501.73228346456693 34.58267716535433 10.771653543307087 du
183.4015748031496 501.73228346456693 51.874015748031496 10.771653543307087 Tiers
217.98425196850394 501.73228346456693 57.826771653543304 10.771653543307087 Monde.
252.8503937007874 501.73228346456693 22.96062992125984 10.771653543307087 Le

21.826771653543307 511.0866141732283 54.70866141732284 12.472440944881889 cinéma,
61.79527559055118 511.0866141732283 29.763779527559056 12.472440944881889 le
76.81889763779527 511.0866141732283 69.73228346456693 12.472440944881889 graphisme,
131.5275590551181 511.0866141732283 29.763779527559056 12.472440944881889 la
146.26771653543307 511.0866141732283 69.73228346456693 12.472440944881889 sculpture,
196.15748031496062 511.0866141732283 79.65354330708661 12.472440944881889 l’architecture

21.826771653543307 522.1417322834645 30.614173228346456 11.05511811023622 et
37.13385826771653 522.1417322834645 35.71653543307087 11.05511811023622 les
57.54330708661417 522.1417322834645 71.14960629921259 11.05511811023622 techniques
113.38582677165354 522.1417322834645 30.614173228346456 11.05511811023622 de
128.69291338582678 522.1417322834645 30.614173228346456 11.05511811023622 la
144.0 522.1417322834645 66.04724409448819 11.05511811023622 publicité
194.74015748031496 522.1417322834645 55.84251968503937 11.05511811023622 moderne
230.45669291338584 522.1417322834645 45.63779527559055 11.05511811023622 concou-

21.826771653543307 534.6141732283464 46.20472440944882 13.039370078740157 rent
50.74015748031496 534.6141732283464 28.913385826771652 13.039370078740157 à
62.07874015748032 534.6141732283464 34.58267716535433 13.039370078740157 la
79.65354330708661 534.6141732283464 75.11811023622047 13.039370078740157 naissance
137.48031496062993 534.6141732283464 69.44881889763779 13.039370078740157 d’images
189.35433070866142 534.6141732283464 34.58267716535433 13.039370078740157 et
206.64566929133858 534.6141732283464 34.58267716535433 13.039370078740157 de
223.93700787401573 534.6141732283464 46.20472440944882 13.039370078740157 sons
247.1811023622047 534.6141732283464 28.913385826771652 13.039370078740157 qui

21.543307086614174 545.9527559055118 65.19685039370079 14.173228346456693 plongent
70.2992125984252 545.9527559055118 32.59842519685039 14.173228346456693 le
86.74015748031496 545.9527559055118 54.425196850393704 14.173228346456693 public
124.7244094488189 545.9527559055118 43.37007874015748 14.173228346456693 dans
151.93700787401573 545.9527559055118 37.98425196850393 14.173228346456693 une
173.48031496062993 545.9527559055118 86.74015748031496 14.173228346456693 dénonciation
238.6771653543307 545.9527559055118 37.98425196850393 14.173228346456693 poli-

20.976377952755904 558.7086614173228 58.110236220472444 13.606299212598426 tique.
61.511811023622045 558.7086614173228 46.488188976377955 13.606299212598426 Nous
90.4251968503937 558.7086614173228 81.35433070866142 13.606299212598426 présentons
154.48818897637796 558.7086614173228 34.86614173228347 13.606299212598426 la
171.7795275590551 558.7086614173228 69.73228346456693 13.606299212598426 maquette
224.2204724409449 558.7086614173228 34.86614173228347 13.606299212598426 de
235.84251968503938 558.7086614173228 40.53543307086614 13.606299212598426 cette

21.25984251968504 570.6141732283464 79.37007874015748 13.32283464566929 exposition
83.62204724409449 570.6141732283464 39.68503937007874 13.32283464566929 qui
106.2992125984252 570.6141732283464 28.346456692913385 13.32283464566929 a
117.63779527559055 570.6141732283464 51.023622047244096 13.32283464566929 connu
151.93700787401573 570.6141732283464 34.01574803149607 13.32283464566929 un
168.9448818897638 570.6141732283464 56.69291338582677 13.32283464566929 succès
208.62992125984252 570.6141732283464 68.03149606299213 13.32283464566929 fabuleux
253.98425196850394 570.6141732283464 22.677165354330707 13.32283464566929 et

20.409448818897637 583.0866141732283 62.645669291338585 11.622047244094489 suscité
66.04724409448819 583.0866141732283 102.61417322834646 11.622047244094489 d’innombrables
151.37007874015748 583.0866141732283 68.31496062992126 11.622047244094489 articles
202.6771653543307 583.0866141732283 34.2992125984252 11.622047244094489 de
219.68503937007873 583.0866141732283 34.2992125984252 11.622047244094489 la
231.0236220472441 583.0866141732283 45.63779527559055 11.622047244094489 presse

15.307086614173228 593.8582677165355 62.645669291338585 14.456692913385826 mondiale.

37.98425196850393 610.8661417322835 32.59842519685039 16.15748031496063 La
54.14173228346457 610.8661417322835 59.811023622047244 16.15748031496063 musique
97.79527559055119 610.8661417322835 65.19685039370079 16.15748031496063 conjugue
146.5511811023622 610.8661417322835 37.98425196850393 16.15748031496063 les
168.3779527559055 610.8661417322835 59.811023622047244 16.15748031496063 audaces
211.748031496063 610.8661417322835 32.59842519685039 16.15748031496063 de
222.51968503937007 610.8661417322835 54.425196850393704 16.15748031496063 l’avant-

20.125984251968504 623.9055118110236 48.188976377952756 14.740157480314961 garde
52.15748031496063 623.9055118110236 32.031496062992126 14.740157480314961 et
68.31496062992126 623.9055118110236 37.41732283464567 14.740157480314961 les
89.5748031496063 623.9055118110236 69.44881889763779 14.740157480314961 sonorités
143.1496062992126 623.9055118110236 74.83464566929133 14.740157480314961 nationales
202.11023622047244 623.9055118110236 48.188976377952756 14.740157480314961 comme
234.14173228346456 623.9055118110236 32.031496062992126 14.740157480314961 on
244.91338582677164 623.9055118110236 32.031496062992126 14.740157480314961 peut

13.32283464566929 649.4173228346457 24.37795275590551 11.905511811023622 46
