301.03937007874015 669.2598425196851
2.267716535433071 22.677165354330707 63.77952755905512 17.858267716535433 <b>JAPON</b>

55.275590551181104 129.54330708661416 68.88188976377953 16.724409448818896 Commissaire
110.26771653543307 129.54330708661416 50.45669291338583 16.724409448818896 général
147.11811023622047 129.54330708661416 22.96062992125984 16.724409448818896 :
156.4724409448819 129.54330708661416 68.88188976377953 16.724409448818896 <b>Voshiaki
206.9291338582677 129.54330708661416 45.92125984251968 16.724409448818896 Tono</b>

56.125984251968504 144.28346456692913 52.44094488188976 15.874015748031496 Critique
90.99212598425197 144.28346456692913 34.86614173228347 15.874015748031496 d’art.

43.93700787401575 184.251968503937 82.48818897637796 16.724409448818896 L’exposition
110.83464566929133 184.251968503937 56.69291338582677 16.724409448818896 d’Osaka
151.93700787401573 184.251968503937 41.10236220472441 16.724409448818896 sera
177.73228346456693 184.251968503937 41.10236220472441 16.724409448818896 très
198.4251968503937 184.251968503937 77.10236220472441 16.724409448818896 significatide

26.64566929133858 198.14173228346456 37.98425196850393 12.188976377952756 des
48.188976377952756 198.14173228346456 97.51181102362204 12.188976377952756 préoccupations
129.54330708661416 198.14173228346456 81.07086614173228 12.188976377952756 artistiques
194.45669291338584 198.14173228346456 32.59842519685039 12.188976377952756 de
210.61417322834646 198.14173228346456 32.59842519685039 12.188976377952756 ce
226.77165354330708 198.14173228346456 48.75590551181102 12.188976377952756 pays.
253.98425196850394 198.14173228346456 21.543307086614174 12.188976377952756 La

26.929133858267715 210.33070866141733 59.811023622047244 12.472440944881889 nouvelle
71.71653543307086 210.33070866141733 74.55118110236221 12.472440944881889 technologie
131.5275590551181 210.33070866141733 64.62992125984252 12.472440944881889 japonaise
181.41732283464566 210.33070866141733 39.68503937007874 12.472440944881889 leur
206.07874015748033 210.33070866141733 59.811023622047244 12.472440944881889 fournira
246.04724409448818 210.33070866141733 29.763779527559056 12.472440944881889 sans

26.362204724409448 220.251968503937 46.77165354330709 13.32283464566929 doute
57.54330708661417 220.251968503937 31.181102362204726 13.32283464566929 de
73.13385826771653 220.251968503937 72.85039370078741 13.32283464566929 nombreuses
130.11023622047244 220.251968503937 83.05511811023622 13.32283464566929 possibilités
192.75590551181102 220.251968503937 83.05511811023622 13.32283464566929 expérimentales

25.79527559055118 233.00787401574803 61.22834645669291 13.606299212598426 au-delà
70.2992125984252 233.00787401574803 33.44881889763779 13.606299212598426 de
87.02362204724409 233.00787401574803 33.44881889763779 13.606299212598426 la
103.74803149606299 233.00787401574803 77.66929133858268 13.606299212598426 conception
164.69291338582678 233.00787401574803 105.44881889763779 13.606299212598426 conventionnelle
248.03149606299212 233.00787401574803 27.77952755905512 13.606299212598426 des

26.362204724409448 245.76377952755905 48.75590551181102 13.039370078740157 arts,
58.960629921259844 245.76377952755905 32.59842519685039 13.039370078740157 et
75.11811023622047 245.76377952755905 64.91338582677166 13.039370078740157 nombreux
123.8740157480315 245.76377952755905 54.14173228346457 13.039370078740157 seront
161.85826771653544 245.76377952755905 37.98425196850393 13.039370078740157 les
183.4015748031496 245.76377952755905 54.14173228346457 13.039370078740157 jeunes
216.0 245.76377952755905 59.52755905511811 13.039370078740157 peintres,

26.362204724409448 255.96850393700788 79.65354330708661 14.740157480314961 architectes,
91.2755905511811 255.96850393700788 74.83464566929133 14.740157480314961 sculpteurs,
151.08661417322836 255.96850393700788 84.75590551181102 14.740157480314961 photographes,
216.0 255.96850393700788 59.811023622047244 14.740157480314961 cinéastes,

26.362204724409448 268.15748031496065 90.14173228346456 13.039370078740157 dessinateurs,
100.62992125984252 268.15748031496065 84.75590551181102 13.039370078740157 compositeurs
169.79527559055117 268.15748031496065 31.748031496062993 13.039370078740157 et
185.66929133858267 268.15748031496065 68.88188976377953 13.039370078740157 critiques
238.6771653543307 268.15748031496065 42.51968503937008 13.039370078740157 qui,
259.93700787401576 268.15748031496065 15.874015748031496 13.039370078740157 à

25.79527559055118 280.06299212598424 49.039370078740156 13.606299212598426 cette
58.39370078740158 280.06299212598424 70.58267716535433 13.606299212598426 occasion,
112.81889763779527 280.06299212598424 81.63779527559055 13.606299212598426 déploieront
178.01574803149606 280.06299212598424 49.039370078740156 13.606299212598426 leurs
205.22834645669292 280.06299212598424 70.58267716535433 13.606299212598426 audacieuses

26.078740157480315 292.251968503937 79.65354330708661 11.905511811023622 recherches.
89.85826771653544 292.251968503937 42.51968503937008 11.905511811023622 Nous
116.50393700787401 292.251968503937 69.16535433070867 11.905511811023622 citerons,
169.79527559055117 292.251968503937 47.90551181102362 11.905511811023622 entre
201.54330708661416 292.251968503937 53.29133858267716 11.905511811023622 autres
233.5748031496063 292.251968503937 42.51968503937008 11.905511811023622 parti-

26.362204724409448 304.15748031496065 62.36220472440945 14.456692913385826 cipants,
73.13385826771653 304.15748031496065 36.28346456692913 14.456692913385826 les
93.8267716535433 304.15748031496065 41.669291338582674 14.456692913385826 noms
119.90551181102362 304.15748031496065 31.181102362204726 14.456692913385826 de
135.49606299212599 304.15748031496065 72.85039370078741 14.456692913385826 Takamatsu,
192.75590551181102 304.15748031496065 57.25984251968504 14.456692913385826 Tanaka,
229.03937007874015 304.15748031496065 46.77165354330709 14.456692913385826 Sekine,

26.362204724409448 315.7795275590551 44.503937007874015 12.472440944881889 Hara
54.14173228346457 315.7795275590551 33.16535433070866 12.472440944881889 et
70.86614173228347 315.7795275590551 55.55905511811024 12.472440944881889 YVokô.
109.7007874015748 315.7795275590551 33.16535433070866 12.472440944881889 Si
126.4251968503937 315.7795275590551 38.83464566929134 12.472440944881889 les
148.53543307086613 315.7795275590551 72.0 12.472440944881889 étudiants
204.09448818897638 315.7795275590551 66.61417322834646 12.472440944881889 japonais
248.31496062992127 315.7795275590551 27.77952755905512 12.472440944881889 les

25.79527559055118 327.11811023622045 64.06299212598425 13.606299212598426 accusent
73.7007874015748 327.11811023622045 32.031496062992126 13.606299212598426 de
89.85826771653544 327.11811023622045 32.031496062992126 13.606299212598426 se
105.73228346456693 327.11811023622045 53.29133858267716 13.606299212598426 prêter
143.1496062992126 327.11811023622045 26.64566929133858 13.606299212598426 à
153.92125984251967 327.11811023622045 37.41732283464567 13.606299212598426 une
175.1811023622047 327.11811023622045 90.70866141732283 13.606299212598426 manifestation
244.3464566929134 327.11811023622045 32.031496062992126 13.606299212598426 gou-

25.79527559055118 340.15748031496065 81.92125984251969 10.204724409448819 vernementale
92.40944881889764 340.15748031496065 30.614173228346456 10.204724409448819 et
107.71653543307086 340.15748031496065 76.81889763779527 10.204724409448819 capitaliste
168.9448818897638 340.15748031496065 66.61417322834646 10.204724409448819 utilisant
220.251968503937 340.15748031496065 30.614173228346456 10.204724409448819 la
230.45669291338584 340.15748031496065 45.92125984251968 10.204724409448819 techno-

24.661417322834644 352.06299212598424 59.52755905511811 11.338582677165354 logie
64.34645669291339 352.06299212598424 112.53543307086615 11.338582677165354 contemporaine
156.75590551181102 352.06299212598424 59.52755905511811 11.338582677165354 comme
196.44094488188978 352.06299212598424 46.20472440944882 11.338582677165354 une
222.8031496062992 352.06299212598424 53.00787401574803 11.338582677165354 arme
249.4488188976378 352.06299212598424 26.362204724409448 11.338582677165354 du

25.511811023622048 363.11811023622045 65.19685039370079 13.039370078740157 pouvoir,
74.55118110236221 363.11811023622045 32.59842519685039 13.039370078740157 on
90.70866141732283 363.11811023622045 43.653543307086615 13.039370078740157 peut
117.92125984251969 363.11811023622045 70.86614173228347 13.039370078740157 cependant
172.3464566929134 363.11811023622045 65.19685039370079 13.039370078740157 affirmer
221.38582677165354 363.11811023622045 43.653543307086615 13.039370078740157 que,
243.21259842519686 363.11811023622045 32.59842519685039 13.039370078740157 dans

26.078740157480315 374.1732283464567 30.04724409448819 13.88976377952756 la
41.10236220472441 374.1732283464567 54.99212598425197 13.88976377952756 société
81.07086614173228 374.1732283464567 64.91338582677166 13.88976377952756 actuelle,
131.24409448818898 374.1732283464567 34.86614173228347 13.88976377952756 les
151.08661417322836 374.1732283464567 60.09448818897638 13.88976377952756 artistes
196.15748031496062 374.1732283464567 54.99212598425197 13.88976377952756 doivent
231.0236220472441 374.1732283464567 45.07086614173228 13.88976377952756 pouvoi,

25.511811023622048 387.21259842519686 37.98425196850393 10.771653543307087 tout
49.32283464566929 387.21259842519686 28.346456692913385 10.771653543307087 en
63.496062992125985 387.21259842519686 66.33070866141732 10.771653543307087 s’adonnant
115.65354330708661 387.21259842519686 23.811023622047244 10.771653543307087 à
125.00787401574803 387.21259842519686 28.346456692913385 10.771653543307087 la
139.1811023622047 387.21259842519686 56.976377952755904 10.771653543307087 création
181.98425196850394 387.21259842519686 71.14960629921259 10.771653543307087 artistique,
234.14173228346456 387.21259842519686 42.51968503937008 10.771653543307087 affran-

25.79527559055118 398.8346456692913 37.13385826771653 11.338582677165354 chir
49.039370078740156 398.8346456692913 41.669291338582674 11.338582677165354 cette
76.81889763779527 398.8346456692913 69.73228346456693 11.338582677165354 technologie
132.3779527559055 398.8346456692913 27.77952755905512 11.338582677165354 de
146.26771653543307 398.8346456692913 27.77952755905512 11.338582677165354 la
160.44094488188978 398.8346456692913 60.37795275590551 11.338582677165354 politique
206.64566929133858 398.8346456692913 27.77952755905512 11.338582677165354 et
220.53543307086613 398.8346456692913 27.77952755905512 11.338582677165354 de
229.88976377952756 398.8346456692913 46.488188976377955 11.338582677165354 l’indus-

24.094488188976378 411.59055118110234 50.45669291338583 13.039370078740157 trie.
57.826771653543304 411.59055118110234 39.118110236220474 13.039370078740157 Ils
80.22047244094489 411.59055118110234 61.511811023622045 13.039370078740157 doivent
125.00787401574803 411.59055118110234 44.78740157480315 13.039370078740157 être
153.0708661417323 411.59055118110234 72.85039370078741 13.039370078740157 également
208.91338582677164 411.59055118110234 67.18110236220473 13.039370078740157 capables
253.70078740157481 411.59055118110234 22.393700787401574 13.039370078740157 de

24.094488188976378 422.92913385826773 85.88976377952756 13.88976377952756 transformer
92.97637795275591 422.92913385826773 34.2992125984252 13.88976377952756 la
109.98425196850394 422.92913385826773 85.88976377952756 13.88976377952756 technologie
178.86614173228347 422.92913385826773 34.2992125984252 13.88976377952756 en
196.15748031496062 422.92913385826773 40.25196850393701 13.88976377952756 une
219.11811023622047 422.92913385826773 45.92125984251968 13.88976377952756 arme
242.07874015748033 422.92913385826773 34.2992125984252 13.88976377952756 pour

25.511811023622048 433.98425196850394 32.031496062992126 13.32283464566929 la
41.669291338582674 433.98425196850394 58.67716535433071 13.32283464566929 liberté
84.18897637795276 433.98425196850394 32.031496062992126 13.32283464566929 de
100.34645669291339 433.98425196850394 64.06299212598425 13.32283464566929 l’esprit
148.251968503937 433.98425196850394 53.29133858267716 13.32283464566929 humain
185.66929133858267 433.98425196850394 32.031496062992126 13.32283464566929 et
201.54330708661416 433.98425196850394 42.803149606299215 13.32283464566929 dans
228.4724409448819 433.98425196850394 32.031496062992126 13.32283464566929 le
238.96062992125985 433.98425196850394 37.41732283464567 13.32283464566929 cadre

24.094488188976378 445.8897637795276 32.031496062992126 13.039370078740157 de
40.25196850393701 445.8897637795276 53.574803149606296 13.039370078740157 l’Expo
77.66929133858268 445.8897637795276 37.41732283464567 13.039370078740157 70,
99.21259842519684 445.8897637795276 37.41732283464567 13.039370078740157 ils
120.75590551181102 445.8897637795276 58.960629921259844 13.039370078740157 devront
163.55905511811022 445.8897637795276 42.803149606299215 13.039370078740157 pour
190.20472440944883 445.8897637795276 48.188976377952756 13.039370078740157 ainsi
222.51968503937007 445.8897637795276 42.803149606299215 13.039370078740157 dire
244.06299212598427 445.8897637795276 32.031496062992126 13.039370078740157 être

23.52755905511811 457.79527559055117 43.37007874015748 13.32283464566929 les
48.188976377952756 457.79527559055117 74.26771653543307 13.32283464566929 «Chevaux
104.03149606299213 457.79527559055117 37.13385826771653 13.32283464566929 de
122.45669291338582 457.79527559055117 61.79527559055118 13.32283464566929 Troie»
165.82677165354332 457.79527559055117 37.13385826771653 13.32283464566929 du
184.251968503937 457.79527559055117 68.03149606299213 13.32283464566929 régime.
233.5748031496063 457.79527559055117 37.13385826771653 13.32283464566929 Il
246.04724409448818 457.79527559055117 30.89763779527559 13.32283464566929 est

24.37795275590551 470.8346456692913 78.80314960629921 14.456692913385826 regrettable
87.59055118110236 470.8346456692913 36.8503937007874 14.456692913385826 que
108.56692913385827 470.8346456692913 41.95275590551181 14.456692913385826 l’on
134.9291338582677 470.8346456692913 31.46456692913386 14.456692913385826 ne
150.51968503937007 470.8346456692913 52.44094488188976 14.456692913385826 puisse
187.37007874015748 470.8346456692913 57.826771653543304 14.456692913385826 montrer
224.2204724409449 470.8346456692913 52.44094488188976 14.456692913385826 l’ensem-

23.811023622047244 481.8897637795276 36.8503937007874 11.905511811023622 ble
45.07086614173228 481.8897637795276 36.8503937007874 11.905511811023622 des
66.04724409448819 481.8897637795276 68.31496062992126 11.905511811023622 activités
118.77165354330708 481.8897637795276 36.8503937007874 11.905511811023622 qui
139.748031496063 481.8897637795276 73.7007874015748 11.905511811023622 s’engagent
192.4724409448819 481.8897637795276 84.18897637795276 11.905511811023622 courageusement

23.244094488188978 494.0787401574803 45.92125984251968 12.755905511811024 dans
51.874015748031496 494.0787401574803 34.58267716535433 12.755905511811024 le
69.16535433070867 494.0787401574803 63.21259842519685 12.755905511811024 domaine
115.37007874015748 494.0787401574803 34.58267716535433 12.755905511811024 de
132.3779527559055 494.0787401574803 34.58267716535433 12.755905511811024 la
149.66929133858267 494.0787401574803 92.1259842519685 12.755905511811024 technologie.
224.50393700787401 494.0787401574803 45.92125984251968 12.755905511811024 Mais
247.46456692913387 494.0787401574803 28.913385826771652 12.755905511811024 les

22.96062992125984 505.4173228346457 74.83464566929133 11.905511811023622 visiteurs
80.50393700787401 505.4173228346457 34.58267716535433 11.905511811023622 de
97.79527559055119 505.4173228346457 34.58267716535433 11.905511811023622 la
115.08661417322834 505.4173228346457 69.16535433070867 11.905511811023622 Biennale
166.96062992125985 505.4173228346457 69.16535433070867 11.905511811023622 pourront
212.88188976377953 505.4173228346457 63.496062992125985 11.905511811023622 néanmoins

23.244094488188978 518.7401574803149 70.01574803149606 13.039370078740157 entrevoir
77.10236220472441 518.7401574803149 48.47244094488189 13.039370078740157 cette
109.41732283464567 518.7401574803149 64.62992125984252 13.039370078740157 tendance
158.17322834645668 518.7401574803149 43.08661417322835 13.039370078740157 dans
185.10236220472441 518.7401574803149 59.24409448818898 13.039370078740157 l’œuvre
228.18897637795277 518.7401574803149 37.7007874015748 13.039370078740157 des
244.3464566929134 518.7401574803149 32.31496062992126 13.039370078740157 mem-

23.811023622047244 528.9448818897638 38.83464566929134 14.740157480314961 bres
48.188976377952756 528.9448818897638 29.19685039370079 14.740157480314961 du
62.645669291338585 528.9448818897638 43.653543307086615 14.740157480314961 CT.G.
91.84251968503936 528.9448818897638 77.95275590551181 14.740157480314961 <b>(Computer
155.0551181102362 528.9448818897638 63.21259842519685 14.740157480314961 Technical
203.81102362204723 528.9448818897638 72.85039370078741 14.740157480314961 Group)</b>
257.1023622047244 528.9448818897638 19.559055118110237 14.740157480314961 Ce

22.677165354330707 540.2834645669292 56.40944881889764 14.456692913385826 groupe
62.07874015748032 540.2834645669292 33.732283464566926 14.456692913385826 se
79.08661417322834 540.2834645669292 62.07874015748032 14.456692913385826 propose
124.15748031496064 540.2834645669292 73.41732283464567 14.456692913385826 d’étendre
180.56692913385828 540.2834645669292 33.732283464566926 14.456692913385826 le
197.5748031496063 540.2834645669292 62.07874015748032 14.456692913385826 domaine
242.64566929133858 540.2834645669292 33.732283464566926 14.456692913385826 de
253.70078740157481 540.2834645669292 22.677165354330707 14.456692913385826 la

22.96062992125984 554.1732283464567 67.74803149606299 12.755905511811024 peinture
73.7007874015748 554.1732283464567 62.07874015748032 12.755905511811024 au-delà
118.77165354330708 554.1732283464567 39.40157480314961 12.755905511811024 des
141.4488188976378 554.1732283464567 62.07874015748032 12.755905511811024 simples
186.51968503937007 554.1732283464567 62.07874015748032 12.755905511811024 travaux
225.92125984251967 554.1732283464567 50.74015748031496 12.755905511811024 manuels

23.244094488188978 564.6614173228346 45.63779527559055 13.88976377952756 grâce
53.574803149606296 564.6614173228346 35.43307086614173 13.88976377952756 aux
73.98425196850394 564.6614173228346 81.07086614173228 13.88976377952756 possibilités
140.03149606299212 564.6614173228346 60.94488188976378 13.88976377952756 offertes
185.66929133858267 564.6614173228346 35.43307086614173 13.88976377952756 par
205.79527559055117 564.6614173228346 35.43307086614173 13.88976377952756 les
221.10236220472441 564.6614173228346 55.84251968503937 13.88976377952756 computers

17.5748031496063 577.1338582677165 83.90551181102362 15.023622047244094 électroniques.

40.25196850393701 596.6929133858267 40.25196850393701 13.606299212598426 Dans
65.48031496062993 596.6929133858267 30.330708661417322 13.606299212598426 la
80.50393700787401 596.6929133858267 55.275590551181104 13.606299212598426 section
120.75590551181102 596.6929133858267 90.70866141732283 13.606299212598426 d’architecture
196.44094488188978 596.6929133858267 30.330708661417322 13.606299212598426 et
206.36220472440945 596.6929133858267 70.58267716535433 13.606299212598426 d’urbanisme,

23.52755905511811 610.8661417322835 53.574803149606296 13.88976377952756 Hiroshi
62.36220472440945 610.8661417322835 39.118110236220474 13.88976377952756 Hara
86.74015748031496 610.8661417322835 68.31496062992126 13.88976377952756 présentera
140.5984251968504 610.8661417322835 29.19685039370079 13.88976377952756 sa
155.0551181102362 610.8661417322835 58.39370078740158 13.88976377952756 maquette
194.17322834645668 610.8661417322835 82.77165354330708 13.88976377952756 <b>Rupture

22.96062992125984 622.488188976378 73.7007874015748 13.32283464566929 <b>Ville</b>
82.77165354330708 622.488188976378 78.51968503937007 13.32283464566929 conceptuelle.
147.4015748031496 622.488188976378 41.669291338582674 13.32283464566929 C’est
175.1811023622047 622.488188976378 27.77952755905512 13.32283464566929 un
189.0708661417323 622.488188976378 50.74015748031496 13.32283464566929 collage
225.92125984251967 622.488188976378 50.74015748031496 13.32283464566929 réalisé
258.23622047244095 622.488188976378 18.4251968503937 13.32283464566929 en

16.15748031496063 648.5669291338583 23.244094488188978 11.905511811023622 84
