291.9685039370079 676.0629921259842
64.06299212598425 21.543307086614174 141.73228346456693 22.393700787401574 <b>REPUBLIQUE
172.3464566929134 21.543307086614174 116.50393700787401 22.393700787401574 FEDERALE</b>

152.2204724409449 36.56692913385827 136.91338582677164 22.96062992125984 <b>D'ALLEMAGNE</b>

34.01574803149607 134.36220472440945 75.11811023622047 24.37795275590551 Commissaire
94.11023622047244 134.36220472440945 54.99212598425197 24.37795275590551 général
134.07874015748033 134.36220472440945 24.944881889763778 24.37795275590551 :
144.28346456692913 134.36220472440945 64.91338582677166 24.37795275590551 <b>Thomas
189.35433070866142 134.36220472440945 79.93700787401575 24.37795275590551 Grochowiak</b>

34.58267716535433 152.2204724409449 74.83464566929133 17.291338582677167 Conservateur
95.5275590551181 152.2204724409449 28.062992125984252 17.291338582677167 en
109.7007874015748 152.2204724409449 37.41732283464567 17.291338582677167 chef
133.22834645669292 152.2204724409449 32.881889763779526 17.291338582677167 des
151.93700787401573 152.2204724409449 46.77165354330709 17.291338582677167 Musées
184.53543307086613 152.2204724409449 28.062992125984252 17.291338582677167 de
194.17322834645668 152.2204724409449 74.83464566929133 17.291338582677167 Recklinghausen

35.43307086614173 167.5275590551181 28.062992125984252 13.32283464566929 et
44.78740157480315 167.5275590551181 70.2992125984252 13.32283464566929 d’Oberhausen.

23.811023622047244 197.00787401574803 38.267716535433074 21.25984251968504 Les
45.63779527559055 197.00787401574803 71.14960629921259 21.25984251968504 nouvelles
100.34645669291339 197.00787401574803 87.59055118110236 21.25984251968504 dispositions
171.49606299212599 197.00787401574803 32.881889763779526 21.25984251968504 de
187.93700787401573 197.00787401574803 32.881889763779526 21.25984251968504 la
204.09448818897638 197.00787401574803 65.76377952755905 21.25984251968504 Biennale
248.03149606299212 197.00787401574803 21.826771653543307 21.25984251968504 de

8.503937007874017 212.03149606299212 54.425196850393704 19.84251968503937 Paris,
46.488188976377955 212.03149606299212 38.267716535433074 19.84251968503937 qui
68.31496062992126 212.03149606299212 65.48031496062993 19.84251968503937 poussent
117.35433070866142 212.03149606299212 32.59842519685039 19.84251968503937 au
133.79527559055117 212.03149606299212 60.09448818897638 19.84251968503937 premier
177.4488188976378 212.03149606299212 43.653543307086615 19.84251968503937 plan
204.66141732283464 212.03149606299212 38.267716535433074 19.84251968503937 les
221.10236220472441 212.03149606299212 49.039370078740156 19.84251968503937 projets

7.653543307086614 223.93700787401573 35.1496062992126 17.007874015748033 et
25.228346456692915 223.93700787401573 93.54330708661418 17.007874015748033 réalisations
101.48031496062993 223.93700787401573 70.2992125984252 17.007874015748033 d’œuvres
153.92125984251967 223.93700787401573 70.2992125984252 17.007874015748033 étudiées
206.64566929133858 223.93700787401573 35.1496062992126 17.007874015748033 en
218.26771653543307 223.93700787401573 52.724409448818896 17.007874015748033 commun,

8.78740157480315 236.69291338582678 66.89763779527559 17.007874015748033 reflètent
60.09448818897638 236.69291338582678 36.0 17.007874015748033 les
80.78740157480316 236.69291338582678 51.30708661417323 17.007874015748033 désirs
116.78740157480316 236.69291338582678 66.89763779527559 17.007874015748033 impétueux
168.09448818897638 236.69291338582678 30.89763779527559 17.007874015748033 de
183.68503937007873 236.69291338582678 61.79527559055118 17.007874015748033 certains
224.78740157480314 236.69291338582678 46.20472440944882 17.007874015748033 groupes

7.937007874015748 248.03149606299212 35.1496062992126 17.291338582677167 de
25.511811023622048 248.03149606299212 58.39370078740158 17.291338582677167 jeunes
66.61417322834646 248.03149606299212 64.34645669291339 17.291338582677167 engagés
113.38582677165354 248.03149606299212 111.11811023622047 17.291338582677167 idéologiquement
206.9291338582677 248.03149606299212 35.1496062992126 17.291338582677167 et
218.5511811023622 248.03149606299212 52.724409448818896 17.291338582677167 donnent

8.78740157480315 261.3543307086614 27.212598425196852 17.007874015748033 à
19.559055118110237 261.3543307086614 49.32283464566929 17.007874015748033 cette
52.44094488188976 261.3543307086614 92.97637795275591 17.007874015748033 manifestation
128.9763779527559 261.3543307086614 32.881889763779526 17.007874015748033 un
145.41732283464566 261.3543307086614 71.14960629921259 17.007874015748033 caractère
194.74015748031496 261.3543307086614 76.53543307086615 17.007874015748033 progressiste

8.78740157480315 276.66141732283467 38.83464566929134 15.023622047244094 qui
31.181102362204726 276.66141732283467 33.44881889763779 15.023622047244094 ne
47.90551181102362 276.66141732283467 44.503937007874015 15.023622047244094 peut
70.01574803149606 276.66141732283467 55.55905511811024 15.023622047244094 tromper.

24.944881889763778 287.1496062992126 47.05511811023622 16.724409448818896 Pour
54.425196850393704 287.1496062992126 41.10236220472441 16.724409448818896 les
77.95275590551181 287.1496062992126 58.67716535433071 16.724409448818896 jeunes
119.05511811023622 287.1496062992126 70.2992125984252 16.724409448818896 artistes
171.7795275590551 287.1496062992126 35.1496062992126 16.724409448818896 de
189.35433070866142 287.1496062992126 35.1496062992126 16.724409448818896 la
201.25984251968504 287.1496062992126 70.2992125984252 16.724409448818896 République

9.070866141732283 296.2204724409449 70.01574803149606 17.858267716535433 Fédérale
61.79527559055118 296.2204724409449 93.54330708661418 17.858267716535433 d’Allemagne,
137.76377952755905 296.2204724409449 52.724409448818896 17.858267716535433 cette
172.91338582677164 296.2204724409449 75.96850393700787 17.858267716535433 évolution
231.30708661417322 296.2204724409449 35.1496062992126 17.858267716535433 ne
242.9291338582677 296.2204724409449 29.19685039370079 17.858267716535433 fut

9.070866141732283 309.25984251968504 61.79527559055118 17.5748031496063 adoptée
54.14173228346457 309.25984251968504 33.732283464566926 17.5748031496063 au
70.86614173228347 309.25984251968504 50.45669291338583 17.5748031496063 début
104.5984251968504 309.25984251968504 61.79527559055118 17.5748031496063 qu’avec
149.38582677165354 309.25984251968504 78.51968503937007 17.5748031496063 hésitation
211.1811023622047 309.25984251968504 33.732283464566926 17.5748031496063 et
222.51968503937007 309.25984251968504 50.45669291338583 17.5748031496063 souvent

10.204724409448819 320.59842519685037 45.63779527559055 16.724409448818896 même
38.55118110236221 320.59842519685037 45.63779527559055 16.724409448818896 avec
67.18110236220473 320.59842519685037 34.2992125984252 16.724409448818896 un
84.18897637795276 320.59842519685037 62.645669291338585 16.724409448818896 certain
129.82677165354332 320.59842519685037 90.99212598425197 16.724409448818896 scepticisme.
203.81102362204723 320.59842519685037 34.2992125984252 16.724409448818896 La
215.1496062992126 320.59842519685037 56.976377952755904 16.724409448818896 violence

9.637795275590552 332.2204724409449 48.188976377952756 18.4251968503937 faite
41.95275590551181 332.2204724409449 26.929133858267715 18.4251968503937 à
52.44094488188976 332.2204724409449 53.574803149606296 18.4251968503937 chaque
90.14173228346456 332.2204724409449 58.960629921259844 18.4251968503937 liberté
132.9448818897638 332.2204724409449 91.2755905511811 18.4251968503937 individuelle,
208.06299212598427 332.2204724409449 48.188976377952756 18.4251968503937 comme
234.99212598425197 332.2204724409449 37.41732283464567 18.4251968503937 celle

10.204724409448819 345.25984251968504 39.968503937007874 18.4251968503937 que
32.881889763779526 345.25984251968504 56.976377952755904 18.4251968503937 connut
72.85039370078741 345.25984251968504 34.2992125984252 18.4251968503937 ce
89.85826771653544 345.25984251968504 45.63779527559055 18.4251968503937 pays
118.48818897637796 345.25984251968504 45.63779527559055 18.4251968503937 dans
147.11811023622047 345.25984251968504 34.2992125984252 18.4251968503937 le
164.1259842519685 345.25984251968504 51.30708661417323 18.4251968503937 passé
198.4251968503937 345.25984251968504 34.2992125984252 18.4251968503937 et
215.43307086614172 345.25984251968504 39.968503937007874 18.4251968503937 qui
232.44094488188978 345.25984251968504 39.968503937007874 18.4251968503937 reste

9.921259842519685 356.88188976377955 62.36220472440945 17.291338582677167 encore
53.574803149606296 356.88188976377955 81.35433070866142 17.291338582677167 imprégnée
116.22047244094489 356.88188976377955 49.889763779527556 17.291338582677167 dans
147.4015748031496 356.88188976377955 43.653543307086615 17.291338582677167 nos
172.3464566929134 356.88188976377955 87.59055118110236 17.291338582677167 souvenirs,
234.99212598425197 356.88188976377955 37.41732283464567 17.291338582677167 rend

11.05511811023622 368.2204724409449 94.39370078740157 18.708661417322833 compréhensible
89.5748031496063 368.2204724409449 47.05511811023622 18.708661417322833 cette
121.03937007874016 368.2204724409449 62.92913385826772 18.708661417322833 réserve.
168.09448818897638 368.2204724409449 36.56692913385827 18.708661417322833 Nos
189.0708661417323 368.2204724409449 52.44094488188976 18.708661417322833 jeunes
220.53543307086613 368.2204724409449 52.44094488188976 18.708661417322833 artistes

11.622047244094489 381.8267716535433 65.48031496062993 15.023622047244094 savourent
62.07874015748032 381.8267716535433 40.25196850393701 15.023622047244094 leur
87.02362204724409 381.8267716535433 55.275590551181104 15.023622047244094 liberté
127.2755905511811 381.8267716535433 60.37795275590551 15.023622047244094 regagnée
172.62992125984252 381.8267716535433 30.04724409448819 15.023622047244094 et
187.6535433070866 381.8267716535433 35.1496062992126 15.023622047244094 ils
207.7795275590551 381.8267716535433 30.04724409448819 15.023622047244094 la
217.98425196850394 381.8267716535433 55.275590551181104 15.023622047244094 savourent

10.771653543307087 392.88188976377955 55.84251968503937 19.84251968503937 jusque
49.889763779527556 392.88188976377955 44.78740157480315 19.84251968503937 dans
77.95275590551181 392.88188976377955 39.118110236220474 19.84251968503937 les
100.06299212598425 392.88188976377955 83.62204724409449 19.84251968503937 expériences
167.24409448818898 392.88188976377955 39.118110236220474 19.84251968503937 les
189.63779527559055 392.88188976377955 44.78740157480315 19.84251968503937 plus
211.748031496063 392.88188976377955 61.511811023622045 19.84251968503937 extrêmes.

26.929133858267715 407.0551181102362 83.90551181102362 13.606299212598426 Aujourd’hui
94.11023622047244 407.0551181102362 67.18110236220473 13.606299212598426 apparaît
144.28346456692913 407.0551181102362 44.78740157480315 13.606299212598426 donc
172.3464566929134 407.0551181102362 33.44881889763779 13.606299212598426 un
189.0708661417323 407.0551181102362 55.84251968503937 13.606299212598426 nouvel
222.8031496062992 407.0551181102362 50.173228346456696 13.606299212598426 horizon

11.622047244094489 416.40944881889766 77.95275590551181 17.007874015748033 artistique
73.13385826771653 416.40944881889766 27.77952755905512 17.007874015748033 —
84.18897637795276 416.40944881889766 44.503937007874015 17.007874015748033 bien
111.96850393700787 416.40944881889766 61.22834645669291 17.007874015748033 éloigné
156.4724409448819 416.40944881889766 33.44881889763779 17.007874015748033 de
173.1968503937008 416.40944881889766 66.89763779527559 17.007874015748033 l’esprit
217.70078740157481 416.40944881889766 55.84251968503937 17.007874015748033 national

12.188976377952756 428.31496062992125 45.354330708661415 17.007874015748033 buté
40.53543307086614 428.31496062992125 34.01574803149607 17.007874015748033 et
57.54330708661417 428.31496062992125 56.69291338582677 17.007874015748033 étroit
97.51181102362204 428.31496062992125 28.346456692913385 17.007874015748033 —
108.85039370078741 428.31496062992125 39.68503937007874 17.007874015748033 qui
131.5275590551181 428.31496062992125 51.023622047244096 17.007874015748033 tient
165.54330708661416 428.31496062992125 62.36220472440945 17.007874015748033 ouverte
211.1811023622047 428.31496062992125 34.01574803149607 17.007874015748033 la
228.18897637795277 428.31496062992125 51.023622047244096 17.007874015748033 porte
256.53543307086613 428.31496062992125 17.007874015748033 17.007874015748033 à

11.905511811023622 440.2204724409449 39.118110236220474 15.590551181102363 des
34.2992125984252 440.2204724409449 89.29133858267717 15.590551181102363 intégrations
106.86614173228347 440.2204724409449 33.44881889763779 15.590551181102363 et
123.59055118110236 440.2204724409449 39.118110236220474 15.590551181102363 des
145.98425196850394 440.2204724409449 78.23622047244095 15.590551181102363 expansions
207.49606299212599 440.2204724409449 44.78740157480315 15.590551181102363 dans
229.60629921259843 440.2204724409449 44.78740157480315 15.590551181102363 toutes

13.606299212598426 455.81102362204723 34.58267716535433 14.740157480314961 les
28.346456692913385 455.81102362204723 64.06299212598425 14.740157480314961 directions.

29.480314960629922 464.59842519685037 68.31496062992126 19.275590551181104 Personne
80.78740157480316 464.59842519685037 34.01574803149607 19.275590551181104 ne
97.79527559055119 464.59842519685037 45.63779527559055 19.275590551181104 sera
126.14173228346456 464.59842519685037 56.976377952755904 19.275590551181104 étonné
166.11023622047244 464.59842519685037 39.968503937007874 19.275590551181104 si,
188.78740157480314 464.59842519685037 34.01574803149607 19.275590551181104 en
205.79527559055117 464.59842519685037 34.01574803149607 19.275590551181104 un
222.8031496062992 464.59842519685037 51.30708661417323 19.275590551181104 temps
251.43307086614172 464.59842519685037 22.677165354330707 19.275590551181104 où

13.32283464566929 479.62204724409446 64.06299212598425 15.307086614173228 l’homme
59.811023622047244 479.62204724409446 29.19685039370079 15.307086614173228 a
71.43307086614173 479.62204724409446 58.110236220472444 15.307086614173228 réussi
111.96850393700787 479.62204724409446 29.19685039370079 15.307086614173228 à
123.59055118110236 479.62204724409446 34.86614173228347 15.307086614173228 se
141.16535433070865 479.62204724409446 52.44094488188976 15.307086614173228 poser
176.03149606299212 479.62204724409446 40.818897637795274 15.307086614173228 sur
199.2755905511811 479.62204724409446 34.86614173228347 15.307086614173228 la
216.56692913385828 479.62204724409446 52.44094488188976 15.307086614173228 lune,
245.76377952755905 479.62204724409446 29.19685039370079 15.307086614173228 les

13.039370078740157 492.66141732283467 65.48031496062993 14.456692913385826 projets
60.661417322834644 492.66141732283467 41.669291338582674 14.456692913385826 qui
84.4724409448819 492.66141732283467 65.48031496062993 14.456692913385826 hantent
132.09448818897638 492.66141732283467 41.669291338582674 14.456692913385826 les
155.90551181102362 492.66141732283467 65.48031496062993 14.456692913385826 membres
203.5275590551181 492.66141732283467 41.669291338582674 14.456692913385826 des
221.38582677165354 492.66141732283467 53.574803149606296 14.456692913385826 équipes

14.173228346456693 505.13385826771656 42.51968503937008 14.456692913385826 pour
40.818897637795274 505.13385826771656 95.81102362204724 14.456692913385826 l’architecture
120.75590551181102 505.13385826771656 32.031496062992126 14.456692913385826 et
136.62992125984252 505.13385826771656 47.90551181102362 14.456692913385826 l’art
168.66141732283464 505.13385826771656 53.29133858267716 14.456692913385826 visent
205.79527559055117 505.13385826771656 26.64566929133858 14.456692913385826 à
211.1811023622047 505.13385826771656 63.77952755905512 14.456692913385826 subjuguer,

13.039370078740157 514.488188976378 48.75590551181102 13.88976377952756 dans
43.653543307086615 514.488188976378 36.56692913385827 13.88976377952756 un
62.07874015748032 514.488188976378 60.94488188976378 13.88976377952756 avenir
104.5984251968504 514.488188976378 79.37007874015748 13.88976377952756 prochain,
165.82677165354332 514.488188976378 42.803149606299215 13.88976377952756 les
190.20472440944883 514.488188976378 79.37007874015748 13.88976377952756 problèmes
244.91338582677164 514.488188976378 30.614173228346456 13.88976377952756 des

13.88976377952756 528.0944881889764 58.110236220472444 14.740157480314961 grands
54.70866141732284 528.0944881889764 69.73228346456693 14.740157480314961 espaces,
107.14960629921259 528.0944881889764 34.86614173228347 14.740157480314961 de
124.44094488188976 528.0944881889764 34.86614173228347 14.740157480314961 la
142.01574803149606 528.0944881889764 98.92913385826772 14.740157480314961 surpopulation
223.37007874015748 528.0944881889764 34.86614173228347 14.740157480314961 et
240.9448818897638 528.0944881889764 34.86614173228347 14.740157480314961 de
252.56692913385828 528.0944881889764 23.244094488188978 14.740157480314961 la

14.456692913385826 541.1338582677165 77.38582677165354 11.338582677165354 structure
73.98425196850394 541.1338582677165 35.71653543307087 11.338582677165354 du
91.84251968503936 541.1338582677165 77.38582677165354 11.338582677165354 panorama.
151.08661417322836 541.1338582677165 47.62204724409449 11.338582677165354 Bien
180.8503937007874 541.1338582677165 71.43307086614173 11.338582677165354 entendu,
234.4251968503937 541.1338582677165 35.71653543307087 11.338582677165354 il
252.28346456692913 541.1338582677165 29.763779527559056 11.338582677165354 y
258.23622047244095 541.1338582677165 17.858267716535433 11.338582677165354 a

14.740157480314961 551.9055118110236 53.574803149606296 12.755905511811024 autant
52.15748031496063 551.9055118110236 80.22047244094489 12.755905511811024 d’avantages
116.22047244094489 551.9055118110236 37.41732283464567 12.755905511811024 que
137.76377952755905 551.9055118110236 101.48031496062993 12.755905511811024 d’inconvénients
223.08661417322836 551.9055118110236 26.64566929133858 12.755905511811024 à
228.4724409448819 551.9055118110236 48.188976377952756 12.755905511811024 vouloir

14.173228346456693 562.1102362204724 60.94488188976378 14.456692913385826 élever
56.976377952755904 562.1102362204724 30.614173228346456 14.456692913385826 —
69.16535433070867 562.1102362204724 36.56692913385827 14.456692913385826 au
87.59055118110236 562.1102362204724 54.99212598425197 14.456692913385826 moyen
124.15748031496064 562.1102362204724 73.13385826771653 14.456692913385826 d’images
179.1496062992126 562.1102362204724 36.56692913385827 14.456692913385826 et
197.29133858267716 562.1102362204724 79.37007874015748 14.456692913385826 d’objets,
252.28346456692913 562.1102362204724 24.37795275590551 14.456692913385826 de

15.023622047244094 574.5826771653543 51.023622047244096 12.755905511811024 films
49.039370078740156 574.5826771653543 34.01574803149607 12.755905511811024 et
66.04724409448819 574.5826771653543 34.01574803149607 12.755905511811024 de
83.05511811023622 574.5826771653543 90.70866141732283 12.755905511811024 compositions
157.03937007874015 574.5826771653543 68.03149606299213 12.755905511811024 diverses
208.06299212598427 574.5826771653543 28.346456692913385 12.755905511811024 —
219.4015748031496 574.5826771653543 34.01574803149607 12.755905511811024 au
230.74015748031496 574.5826771653543 45.354330708661415 12.755905511811024 niveau

15.874015748031496 584.7874015748032 31.46456692913386 15.023622047244094 de
31.46456692913386 584.7874015748032 31.46456692913386 15.023622047244094 ce
47.05511811023622 584.7874015748032 57.54330708661417 15.023622047244094 conflit
89.00787401574803 584.7874015748032 47.05511811023622 15.023622047244094 d’une
120.4724409448819 584.7874015748032 62.92913385826772 15.023622047244094 brûlante
167.5275590551181 584.7874015748032 73.41732283464567 15.023622047244094 actualité,
225.0708661417323 584.7874015748032 36.56692913385827 15.023622047244094 une
240.9448818897638 584.7874015748032 36.56692913385827 15.023622047244094 géné-

15.590551181102363 597.8267716535433 55.55905511811024 13.039370078740157 ration
54.70866141732284 597.8267716535433 72.28346456692914 13.039370078740157 fortement
110.26771653543307 597.8267716535433 77.95275590551181 13.039370078740157 pré-formée
171.49606299212599 597.8267716535433 33.44881889763779 13.039370078740157 et
182.5511811023622 597.8267716535433 94.67716535433071 13.039370078740157 non

32.31496062992126 611.7165354330708 33.44881889763779 11.905511811023622 La
49.039370078740156 611.7165354330708 77.95275590551181 11.905511811023622 découverte
110.26771653543307 611.7165354330708 33.44881889763779 11.905511811023622 de
126.99212598425197 611.7165354330708 89.00787401574803 11.905511811023622 possibilités
199.2755905511811 611.7165354330708 33.44881889763779 11.905511811023622 et
216.0 611.7165354330708 33.44881889763779 11.905511811023622 de
227.0551181102362 611.7165354330708 50.173228346456696 11.905511811023622 moyens,

15.874015748031496 623.6220472440945 66.61417322834646 12.188976377952756 toujours
66.04724409448819 623.6220472440945 33.44881889763779 12.188976377952756 de
82.77165354330708 623.6220472440945 44.503937007874015 12.188976377952756 plus
110.55118110236221 623.6220472440945 33.44881889763779 12.188976377952756 en
127.2755905511811 623.6220472440945 44.503937007874015 12.188976377952756 plus
155.0551181102362 623.6220472440945 66.61417322834646 12.188976377952756 nombreux
204.9448818897638 623.6220472440945 33.44881889763779 12.188976377952756 et
216.0 623.6220472440945 61.22834645669291 12.188976377952756 nouveaux,

255.96850393700788 646.0157480314961 22.677165354330707 17.007874015748033 21
