312.09448818897636 669.2598425196851
230.45669291338584 16.15748031496063 65.48031496062993 17.858267716535433 FRANCE

40.818897637795274 59.811023622047244 66.61417322834646 16.15748031496063 Responsable:

46.20472440944882 64.62992125984252 68.31496062992126 22.393700787401574 François
100.91338582677166 64.62992125984252 68.31496062992126 22.393700787401574 LUNVEN
155.6220472440945 64.62992125984252 27.212598425196852 22.393700787401574 né
169.22834645669292 64.62992125984252 27.212598425196852 22.393700787401574 en
182.83464566929135 64.62992125984252 36.56692913385827 22.393700787401574 1942
205.79527559055117 64.62992125984252 22.677165354330707 22.393700787401574 à
214.86614173228347 64.62992125984252 41.10236220472441 22.393700787401574 Paris
237.54330708661416 64.62992125984252 50.173228346456696 22.393700787401574 (France).

42.23622047244095 84.18897637795276 73.98425196850394 15.590551181102363 Peintre

46.488188976377955 90.14173228346456 59.24409448818898 22.393700787401574 Olivier
93.25984251968504 90.14173228346456 59.24409448818898 22.393700787401574 VIDAL
139.748031496063 90.14173228346456 25.511811023622048 22.393700787401574 né
152.50393700787401 90.14173228346456 25.511811023622048 22.393700787401574 en
165.25984251968504 90.14173228346456 34.01574803149607 22.393700787401574 1944
186.51968503937007 90.14173228346456 21.25984251968504 22.393700787401574 à
195.0236220472441 90.14173228346456 46.77165354330709 22.393700787401574 Valence
224.50393700787401 90.14173228346456 46.77165354330709 22.393700787401574 (France).

42.51968503937008 110.83464566929133 54.99212598425197 14.456692913385826 Architecte.

47.338582677165356 118.77165354330708 56.69291338582677 20.976377952755904 Michel
90.70866141732283 118.77165354330708 65.48031496062993 20.976377952755904 JAMBON
143.1496062992126 118.77165354330708 26.078740157480315 20.976377952755904 né
156.18897637795277 118.77165354330708 26.078740157480315 20.976377952755904 en
169.22834645669292 118.77165354330708 34.86614173228347 20.976377952755904 1944
191.0551181102362 118.77165354330708 21.826771653543307 20.976377952755904 à
199.84251968503938 118.77165354330708 43.653543307086615 20.976377952755904 Roanne
225.92125984251967 118.77165354330708 47.90551181102362 20.976377952755904 (France).

42.803149606299215 136.91338582677164 54.70866141732284 13.606299212598426 Architecte.

35.43307086614173 153.63779527559055 35.43307086614173 19.84251968503937 39
58.960629921259844 153.63779527559055 23.52755905511811 19.84251968503937 LE
70.86614173228347 153.63779527559055 62.92913385826772 19.84251968503937 VIVARIUM
121.88976377952756 153.63779527559055 62.92913385826772 19.84251968503937 (réalisation
172.91338582677164 153.63779527559055 19.559055118110237 19.84251968503937 à
176.88188976377953 153.63779527559055 47.05511811023622 19.84251968503937 grandeur).

48.188976377952756 171.49606299212599 43.653543307086615 16.724409448818896 Espace
78.51968503937007 171.49606299212599 21.826771653543307 16.724409448818896 à
87.30708661417323 171.49606299212599 65.48031496062993 16.724409448818896 utilisation
135.21259842519686 171.49606299212599 47.90551181102362 16.724409448818896 muitiple.

48.188976377952756 176.31496062992127 28.913385826771652 22.393700787401574 Le
62.645669291338585 176.31496062992127 58.110236220472444 22.393700787401574 Vivarium
106.2992125984252 176.31496062992127 28.913385826771652 22.393700787401574 ne
120.75590551181102 176.31496062992127 67.74803149606299 22.393700787401574 représente
174.04724409448818 176.31496062992127 43.653543307086615 22.393700787401574 aucun
202.96062992125985 176.31496062992127 48.47244094488189 22.393700787401574 espace
236.69291338582678 176.31496062992127 53.29133858267716 22.393700787401574 défini.
270.70866141732284 176.31496062992127 19.275590551181104 22.393700787401574 Ce

49.039370078740156 188.2204724409449 40.53543307086614 18.4251968503937 n’est
75.96850393700787 188.2204724409449 31.46456692913386 18.4251968503937 pas
94.11023622047244 188.2204724409449 36.0 18.4251968503937 plus
116.50393700787401 188.2204724409449 26.929133858267715 18.4251968503937 un
129.82677165354332 188.2204724409449 72.0 18.4251968503937 living-room,
188.2204724409449 188.2204724409449 44.78740157480315 18.4251968503937 qu’une
219.68503937007873 188.2204724409449 40.53543307086614 18.4251968503937 salle
246.89763779527559 188.2204724409449 26.929133858267715 18.4251968503937 de
255.68503937007873 188.2204724409449 36.0 18.4251968503937 confé-

49.039370078740156 198.14173228346456 46.77165354330709 18.708661417322833 rence,
81.63779527559055 198.14173228346456 28.062992125984252 18.708661417322833 un
95.5275590551181 198.14173228346456 37.41732283464567 18.708661417322833 hall
119.05511811023622 198.14173228346456 28.062992125984252 18.708661417322833 de
132.9448818897638 198.14173228346456 46.77165354330709 18.708661417322833 maison
165.54330708661416 198.14173228346456 28.062992125984252 18.708661417322833 de
179.71653543307087 198.14173228346456 28.062992125984252 18.708661417322833 la
193.60629921259843 198.14173228346456 56.125984251968504 18.708661417322833 culture,
235.55905511811022 198.14173228346456 28.062992125984252 18.708661417322833 la
244.91338582677164 198.14173228346456 46.77165354330709 18.708661417322833 terrasse

49.039370078740156 207.7795275590551 36.0 19.275590551181104 d’un
71.43307086614173 207.7795275590551 58.39370078740158 19.275590551181104 building,
116.50393700787401 207.7795275590551 31.46456692913386 19.275590551181104 une
134.64566929133858 207.7795275590551 40.53543307086614 19.275590551181104 plage
161.5748031496063 207.7795275590551 58.39370078740158 19.275590551181104 aménagée,
206.64566929133858 207.7795275590551 26.929133858267715 19.275590551181104 un
219.96850393700788 207.7795275590551 45.07086614173228 19.275590551181104 jardin
246.89763779527559 207.7795275590551 45.07086614173228 19.275590551181104 d’hiver,

49.32283464566929 218.5511811023622 28.062992125984252 17.5748031496063 un
63.21259842519685 218.5511811023622 41.95275590551181 17.5748031496063 salon
91.2755905511811 218.5511811023622 55.84251968503937 17.5748031496063 d’hôtel,
133.22834645669292 218.5511811023622 28.062992125984252 17.5748031496063 la
147.11811023622047 218.5511811023622 51.30708661417323 17.5748031496063 galerie
184.53543307086613 218.5511811023622 37.41732283464567 17.5748031496063 d’un
207.7795275590551 218.5511811023622 51.30708661417323 17.5748031496063 chalet,
244.91338582677164 218.5511811023622 32.59842519685039 17.5748031496063 une
259.0866141732283 218.5511811023622 32.59842519685039 17.5748031496063 boîte

49.32283464566929 231.0236220472441 26.64566929133858 13.606299212598426 de
62.645669291338585 231.0236220472441 39.68503937007874 13.606299212598426 nuit,
89.29133858267717 231.0236220472441 30.89763779527559 13.606299212598426 une
102.61417322834646 231.0236220472441 70.58267716535433 13.606299212598426 discothèque...

49.60629921259842 235.55905511811022 29.19685039370079 18.141732283464567 Le
64.06299212598425 235.55905511811022 58.39370078740158 18.141732283464567 Vivarium
108.0 235.55905511811022 34.01574803149607 18.141732283464567 est
127.55905511811024 235.55905511811022 29.19685039370079 18.141732283464567 un
142.01574803149606 235.55905511811022 38.83464566929134 18.141732283464567 lieu
166.39370078740157 235.55905511811022 53.574803149606296 18.141732283464567 général
205.51181102362204 235.55905511811022 53.574803149606296 18.141732283464567 pouvant
239.5275590551181 235.55905511811022 53.574803149606296 18.141732283464567 s’adapter

49.32283464566929 245.48031496062993 23.52755905511811 17.291338582677167 à
58.960629921259844 245.48031496062993 51.59055118110236 17.291338582677167 chacune
96.37795275590551 245.48031496062993 28.062992125984252 17.291338582677167 de
110.26771653543307 245.48031496062993 32.881889763779526 17.291338582677167 ces
128.9763779527559 245.48031496062993 74.83464566929133 17.291338582677167 utilisations
189.92125984251967 245.48031496062993 60.94488188976378 17.291338582677167 muitiples
236.69291338582678 245.48031496062993 28.062992125984252 17.291338582677167 et
246.04724409448818 245.48031496062993 46.77165354330709 17.291338582677167 particu-

50.45669291338583 255.4015748031496 50.45669291338583 17.007874015748033 lières,
87.02362204724409 255.4015748031496 27.496062992125985 17.007874015748033 un
100.91338582677166 255.4015748031496 36.56692913385827 17.007874015748033 lieu
123.59055118110236 255.4015748031496 45.92125984251968 17.007874015748033 défini
155.6220472440945 255.4015748031496 27.496062992125985 17.007874015748033 et
169.51181102362204 255.4015748031496 50.45669291338583 17.007874015748033 composé
206.07874015748033 255.4015748031496 32.031496062992126 17.007874015748033 par
224.50393700787401 255.4015748031496 41.10236220472441 17.007874015748033 trois
247.1811023622047 255.4015748031496 45.92125984251968 17.007874015748033 éléments

50.45669291338583 264.755905511811 56.125984251968504 18.141732283464567 inventés
92.40944881889764 264.755905511811 28.062992125984252 18.141732283464567 ou
106.2992125984252 264.755905511811 51.30708661417323 18.141732283464567 choisis
143.71653543307087 264.755905511811 32.59842519685039 18.141732283464567 par
162.4251968503937 264.755905511811 41.95275590551181 18.141732283464567 trois
190.48818897637796 264.755905511811 56.125984251968504 18.141732283464567 artistes
232.7244094488189 264.755905511811 23.244094488188978 18.141732283464567 :
242.07874015748033 264.755905511811 37.41732283464567 18.141732283464567 Ado,
260.78740157480314 264.755905511811 32.59842519685039 18.141732283464567 Jacot

49.889763779527556 280.06299212598424 27.212598425196852 12.188976377952756 et
63.496062992125985 280.06299212598424 49.889763779527556 12.188976377952756 Viviane
95.24409448818898 280.06299212598424 36.28346456692913 12.188976377952756 Brown.

51.59055118110236 282.61417322834643 27.496062992125985 19.559055118110237 Il
65.19685039370079 282.61417322834643 27.496062992125985 19.559055118110237 ne
79.08661417322834 282.61417322834643 45.92125984251968 19.559055118110237 s’agit
111.11811023622047 282.61417322834643 32.031496062992126 19.559055118110237 pas
129.25984251968504 282.61417322834643 36.56692913385827 19.559055118110237 pour
152.2204724409449 282.61417322834643 32.031496062992126 19.559055118110237 les
170.64566929133858 282.61417322834643 59.52755905511811 19.559055118110237 créateurs
216.28346456692913 282.61417322834643 27.496062992125985 19.559055118110237 de
230.17322834645668 282.61417322834643 50.45669291338583 19.559055118110237 montrer
262.20472440944883 282.61417322834643 32.031496062992126 19.559055118110237 leurs

50.45669291338583 293.38582677165357 50.74015748031496 17.007874015748033 œuvres
86.1732283464567 293.38582677165357 30.614173228346456 17.007874015748033 et
101.19685039370079 293.38582677165357 30.614173228346456 17.007874015748033 de
116.50393700787401 293.38582677165357 71.14960629921259 17.007874015748033 juxtaposer
172.62992125984252 293.38582677165357 35.71653543307087 17.007874015748033 une
192.75590551181102 293.38582677165357 60.94488188976378 17.007874015748033 peinture
238.6771653543307 293.38582677165357 50.74015748031496 17.007874015748033 d’Ado,
269.00787401574803 293.38582677165357 25.511811023622048 17.007874015748033 une

50.173228346456696 303.59055118110234 66.33070866141732 15.590551181102363 sculpture
101.19685039370079 303.59055118110234 30.614173228346456 15.590551181102363 de
116.50393700787401 303.59055118110234 51.023622047244096 15.590551181102363 Jacot,
152.2204724409449 303.59055118110234 30.614173228346456 15.590551181102363 un
167.5275590551181 303.59055118110234 86.74015748031496 15.590551181102363 environnement
238.96062992125985 303.59055118110234 30.614173228346456 15.590551181102363 de
249.16535433070865 303.59055118110234 45.92125984251968 15.590551181102363 Viviane

51.30708661417323 314.3622047244094 46.20472440944882 16.440944881889763 Brown.
83.62204724409449 314.3622047244094 36.8503937007874 16.440944881889763 Leur
106.58267716535433 314.3622047244094 32.31496062992126 16.440944881889763 but
125.00787401574803 314.3622047244094 32.31496062992126 16.440944881889763 est
143.43307086614172 314.3622047244094 27.77952755905512 16.440944881889763 de
157.3228346456693 314.3622047244094 41.38582677165354 16.440944881889763 créer
184.8188976377953 314.3622047244094 27.77952755905512 16.440944881889763 un
198.70866141732284 314.3622047244094 36.8503937007874 16.440944881889763 lieu
221.66929133858267 314.3622047244094 27.77952755905512 16.440944881889763 et
235.55905511811022 314.3622047244094 32.31496062992126 16.440944881889763 une
249.4488188976378 314.3622047244094 46.20472440944882 16.440944881889763 ambiance

51.30708661417323 323.43307086614175 51.30708661417323 15.590551181102363 pouvant
88.44094488188976 323.43307086614175 60.661417322834644 15.590551181102363 s’adapter
135.21259842519686 323.43307086614175 23.244094488188978 15.590551181102363 à
144.56692913385828 323.43307086614175 32.59842519685039 15.590551181102363 des
163.2755905511811 323.43307086614175 51.30708661417323 15.590551181102363 besoins
200.69291338582678 323.43307086614175 51.30708661417323 15.590551181102363 humains
233.5748031496063 323.43307086614175 41.95275590551181 15.590551181102363 divers.

51.30708661417323 330.5196850393701 30.330708661417322 18.708661417322833 Le
66.61417322834646 330.5196850393701 40.53543307086614 18.708661417322833 cube
91.84251968503936 330.5196850393701 45.63779527559055 18.708661417322833 n’est
122.1732283464567 330.5196850393701 35.43307086614173 18.708661417322833 pas
142.58267716535434 330.5196850393701 40.53543307086614 18.708661417322833 pris
167.81102362204723 330.5196850393701 45.63779527559055 18.708661417322833 comme
198.14173228346456 330.5196850393701 55.84251968503937 18.708661417322833 élément
238.6771653543307 330.5196850393701 50.74015748031496 18.708661417322833 isolé;
269.29133858267716 330.5196850393701 25.228346456692915 18.708661417322833 son

51.59055118110236 342.1417322834646 78.23622047244095 15.023622047244094 accumulation
115.08661417322834 342.1417322834646 58.67716535433071 15.023622047244094 engendre
159.0236220472441 342.1417322834646 29.19685039370079 15.023622047244094 un
173.48031496062993 342.1417322834646 48.75590551181102 15.023622047244094 milieu
207.7795275590551 342.1417322834646 68.31496062992126 15.023622047244094 plastique,
256.53543307086613 342.1417322834646 39.118110236220474 15.023622047244094 mobile

52.44094488188976 349.79527559055117 26.929133858267715 16.440944881889763 et
66.04724409448819 349.79527559055117 72.0 16.440944881889763 transparent,
124.44094488188976 349.79527559055117 26.929133858267715 16.440944881889763 un
138.04724409448818 349.79527559055117 45.07086614173228 16.440944881889763 espace
169.51181102362204 349.79527559055117 22.393700787401574 16.440944881889763 à
178.29921259842519 349.79527559055117 58.39370078740158 16.440944881889763 traverser
223.37007874015748 349.79527559055117 67.46456692913385 16.440944881889763 constituant
272.9763779527559 349.79527559055117 22.393700787401574 16.440944881889763 une

52.724409448818896 359.1496062992126 60.94488188976378 16.724409448818896 transition
100.34645669291339 359.1496062992126 39.118110236220474 16.724409448818896 entre
126.4251968503937 359.1496062992126 26.078740157480315 16.724409448818896 le
139.46456692913387 359.1496062992126 39.118110236220474 16.724409448818896 monde
165.54330708661416 359.1496062992126 56.40944881889764 16.724409448818896 extérieur
208.91338582677164 359.1496062992126 26.078740157480315 16.724409448818896 et
221.95275590551182 359.1496062992126 52.15748031496063 16.724409448818896 l’espace
256.81889763779526 359.1496062992126 39.118110236220474 16.724409448818896 infini.

53.29133858267716 371.33858267716533 56.976377952755904 14.173228346456693 L’espace
96.09448818897638 371.33858267716533 61.79527559055118 14.173228346456693 intérieur
143.71653543307087 371.33858267716533 33.16535433070866 14.173228346456693 est
162.70866141732284 371.33858267716533 61.79527559055118 14.173228346456693 déterminé
210.33070866141733 371.33858267716533 33.16535433070866 14.173228346456693 par
229.3228346456693 371.33858267716533 37.98425196850393 14.173228346456693 deux
248.31496062992127 371.33858267716533 47.62204724409449 14.173228346456693 éléments

53.85826771653543 378.70866141732284 45.63779527559055 16.724409448818896 montés
85.88976377952756 378.70866141732284 22.96062992125984 16.724409448818896 à
94.96062992125984 378.70866141732284 45.63779527559055 16.724409448818896 grande
126.99212598425197 378.70866141732284 54.70866141732284 16.724409448818896 échelle,
168.09448818897638 378.70866141732284 32.031496062992126 16.724409448818896 qui
186.23622047244095 378.70866141732284 27.496062992125985 16.724409448818896 se
200.1259842519685 378.70866141732284 73.13385826771653 16.724409448818896 muitiplient,
259.37007874015745 378.70866141732284 27.496062992125985 16.724409448818896 se
268.4409448818898 378.70866141732284 27.496062992125985 16.724409448818896 com-

54.14173228346457 388.34645669291336 47.62204724409449 17.858267716535433 posent,
88.7244094488189 388.34645669291336 26.078740157480315 17.858267716535433 se
101.76377952755905 388.34645669291336 51.874015748031496 17.858267716535433 modulent
140.5984251968504 388.34645669291336 26.078740157480315 17.858267716535433 et
153.63779527559055 388.34645669291336 69.16535433070867 17.858267716535433 s’articulent
209.76377952755905 388.34645669291336 34.58267716535433 17.858267716535433 pour
231.30708661417322 388.34645669291336 60.661417322834644 17.858267716535433 accueillir
274.6771653543307 388.34645669291336 21.543307086614174 17.858267716535433 les

53.574803149606296 397.98425196850394 58.39370078740158 15.874015748031496 visiteurs
98.64566929133858 397.98425196850394 26.929133858267715 15.874015748031496 et
111.96850393700787 397.98425196850394 44.78740157480315 15.874015748031496 former
143.43307086614172 397.98425196850394 44.78740157480315 15.874015748031496 toutes
174.89763779527559 397.98425196850394 31.46456692913386 15.874015748031496 les
192.75590551181102 397.98425196850394 62.92913385826772 15.874015748031496 structures
242.36220472440945 397.98425196850394 49.32283464566929 15.874015748031496 utiles:
273.8267716535433 397.98425196850394 22.393700787401574 15.874015748031496 les

54.14173228346457 411.3070866141732 42.803149606299215 11.622047244094489 murs,
82.77165354330708 411.3070866141732 33.16535433070866 11.622047244094489 les
101.76377952755905 411.3070866141732 56.976377952755904 11.622047244094489 meubles,
144.28346456692913 411.3070866141732 33.16535433070866 11.622047244094489 les
163.2755905511811 411.3070866141732 47.338582677165356 11.622047244094489 sièges
196.44094488188978 411.3070866141732 71.14960629921259 11.622047244094489 (fauteuils,
248.88188976377953 411.3070866141732 47.338582677165356 11.622047244094489 canapés,

54.425196850393704 418.96062992125985 64.91338582677166 13.32283464566929 banquettes,
106.2992125984252 418.96062992125985 43.37007874015748 13.32283464566929 etc.),
136.62992125984252 418.96062992125985 38.83464566929134 13.32283464566929 plans
162.4251968503937 418.96062992125985 26.078740157480315 13.32283464566929 de
175.46456692913387 418.96062992125985 47.62204724409449 13.32283464566929 travail
210.04724409448818 418.96062992125985 38.83464566929134 13.32283464566929 (bar,
235.84251968503938 418.96062992125985 43.37007874015748 13.32283464566929 table,
261.9212598425197 418.96062992125985 34.58267716535433 13.32283464566929 disco-

53.85826771653543 424.9133858267717 50.45669291338583 15.874015748031496 thèque,
90.4251968503937 424.9133858267717 41.38582677165354 15.874015748031496 etc.)
117.92125984251969 424.9133858267717 27.496062992125985 15.874015748031496 et
131.81102362204723 424.9133858267717 36.56692913385827 15.874015748031496 même
154.77165354330708 424.9133858267717 32.031496062992126 15.874015748031496 des
172.91338582677164 424.9133858267717 54.99212598425197 15.874015748031496 éléments
214.29921259842519 424.9133858267717 50.45669291338583 15.874015748031496 inédits
246.33070866141733 424.9133858267717 50.45669291338583 15.874015748031496 répondant

54.14173228346457 440.503937007874 23.244094488188978 10.771653543307087 à
63.21259842519685 440.503937007874 32.59842519685039 10.771653543307087 des
81.92125984251969 440.503937007874 51.30708661417323 10.771653543307087 besoins
114.51968503937007 440.503937007874 51.30708661417323 10.771653543307087 nouveaux.

54.14173228346457 443.62204724409446 80.78740157480316 17.291338582677167 Arbitrairement
121.60629921259843 443.62204724409446 31.46456692913386 17.291338582677167 sur
139.46456692913387 443.62204724409446 26.929133858267715 17.291338582677167 la
153.0708661417323 443.62204724409446 58.39370078740158 17.291338582677167 maquette,
197.85826771653544 443.62204724409446 53.85826771653543 17.291338582677167 l’espace
238.39370078740157 443.62204724409446 49.32283464566929 17.291338582677167 s’ouvre
269.8582677165354 443.62204724409446 26.929133858267715 17.291338582677167 d’un

54.99212598425197 458.0787401574803 37.41732283464567 11.905511811023622 côté
78.23622047244095 458.0787401574803 28.062992125984252 11.905511811023622 au
92.1259842519685 458.0787401574803 41.95275590551181 11.905511811023622 monde
120.18897637795276 458.0787401574803 65.19685039370079 11.905511811023622 extérieur,
171.49606299212599 458.0787401574803 28.062992125984252 11.905511811023622 au
185.38582677165354 458.0787401574803 51.30708661417323 11.905511811023622 paysage
222.8031496062992 458.0787401574803 46.77165354330709 11.905511811023622 aérien
255.4015748031496 458.0787401574803 28.062992125984252 11.905511811023622 ou
264.755905511811 458.0787401574803 32.59842519685039 11.905511811023622 sous-

54.99212598425197 464.88188976377955 45.63779527559055 14.456692913385826 marin,
87.02362204724409 464.88188976377955 27.496062992125985 14.456692913385826 et
100.62992125984252 464.88188976377955 41.10236220472441 14.456692913385826 donne
128.1259842519685 464.88188976377955 41.10236220472441 14.456692913385826 accès
155.6220472440945 464.88188976377955 27.496062992125985 14.456692913385826 au
169.22834645669292 464.88188976377955 59.52755905511811 14.456692913385826 mécanisme
215.1496062992126 464.88188976377955 27.496062992125985 14.456692913385826 de
224.2204724409449 464.88188976377955 73.13385826771653 14.456692913385826 l’organisation

54.99212598425197 477.6377952755906 26.64566929133858 13.039370078740157 de
68.31496062992126 477.6377952755906 30.89763779527559 13.039370078740157 ces
86.1732283464567 477.6377952755906 39.68503937007874 13.039370078740157 trois
108.28346456692914 477.6377952755906 48.75590551181102 13.039370078740157 éléments.

55.55905511811024 491.5275590551181 68.03149606299213 16.15748031496063 Responsable
105.44881889763779 491.5275590551181 13.606299212598426 16.15748031496063 :

55.55905511811024 504.2834645669291 67.46456692913385 12.755905511811024 ADO
109.7007874015748 504.2834645669291 26.929133858267715 12.755905511811024 né
123.02362204724409 504.2834645669291 26.929133858267715 12.755905511811024 en
136.62992125984252 504.2834645669291 36.0 12.755905511811024 1936
159.0236220472441 504.2834645669291 22.393700787401574 12.755905511811024 à
168.09448818897638 504.2834645669291 40.53543307086614 12.755905511811024 Tokyo
195.0236220472441 504.2834645669291 53.85826771653543 12.755905511811024 (Japon).
231.0236220472441 504.2834645669291 67.46456692913385 12.755905511811024 Coordinateur

52.15748031496063 516.4724409448819 42.51968503937008 12.472440944881889 peintre.

56.40944881889764 526.6771653543307 63.496062992125985 15.874015748031496 Viviane
106.2992125984252 526.6771653543307 63.496062992125985 15.874015748031496 BROWN
156.18897637795277 526.6771653543307 31.748031496062993 15.874015748031496 née
174.33070866141733 526.6771653543307 27.212598425196852 15.874015748031496 en
187.6535433070866 526.6771653543307 36.28346456692913 15.874015748031496 1940
210.33070866141733 526.6771653543307 22.677165354330707 15.874015748031496 à
219.4015748031496 526.6771653543307 49.889763779527556 15.874015748031496 Alençon
251.1496062992126 526.6771653543307 45.354330708661415 15.874015748031496 (France)

52.724409448818896 541.9842519685039 115.08661417322834 11.622047244094489 Structure

58.110236220472444 552.4724409448819 60.37795275590551 17.858267716535433 Daniel
104.31496062992126 552.4724409448819 69.44881889763779 17.858267716535433 HUMAIR
159.8740157480315 552.4724409448819 27.77952755905512 17.858267716535433 né
173.76377952755905 552.4724409448819 27.77952755905512 17.858267716535433 en
187.93700787401573 552.4724409448819 37.13385826771653 17.858267716535433 1938
210.89763779527559 552.4724409448819 23.244094488188978 17.858267716535433 à
220.251968503937 552.4724409448819 46.488188976377955 17.858267716535433 Genève
248.03149606299212 552.4724409448819 51.023622047244096 17.858267716535433 (Suisse).

53.29133858267716 566.6456692913385 50.45669291338583 13.606299212598426 Musicien.

58.67716535433071 579.6850393700787 78.23622047244095 17.291338582677167 Pierre-Martin
125.29133858267717 579.6850393700787 54.70866141732284 17.291338582677167 JACOT
168.3779527559055 579.6850393700787 23.52755905511811 17.291338582677167 né
180.0 579.6850393700787 23.52755905511811 17.291338582677167 en
191.6220472440945 579.6850393700787 31.181102362204726 17.291338582677167 1941
207.49606299212599 579.6850393700787 11.622047244094489 17.291338582677167 à

53.29133858267716 592.4409448818898 53.29133858267716 13.039370078740157 Sculpteur.

217.98425196850394 579.4015748031496 49.60629921259842 17.291338582677167 Diegten
249.4488188976378 579.4015748031496 49.60629921259842 17.291338582677167 (Suisse).

58.110236220472444 607.7480314960629 49.60629921259842 12.188976377952756 Marc
94.11023622047244 607.7480314960629 76.53543307086615 12.188976377952756 LEBAILLY
157.3228346456693 607.7480314960629 26.929133858267715 12.188976377952756 né
170.9291338582677 607.7480314960629 26.929133858267715 12.188976377952756 en
184.251968503937 607.7480314960629 36.0 12.188976377952756 1940
206.9291338582677 607.7480314960629 22.677165354330707 12.188976377952756 à
216.0 607.7480314960629 54.14173228346457 12.188976377952756 Aurillac
252.0 607.7480314960629 45.07086614173228 12.188976377952756 (France)

53.85826771653543 618.5196850393701 63.21259842519685 14.173228346456693 Psychologue.

274.1102362204724 640.3464566929134 26.362204724409448 12.755905511811024 153
