1062 2361
-9 82 443 56 <b>SPECTACLES</b>

80 1483 99 46 Au
129 1483 148 46 cours
228 1483 99 46 de
277 1483 214 46 cinquante
441 1483 181 46 séances
573 1483 230 46 publiques,
754 1483 148 46 seize
836 1483 148 46 équipes

78 1522 226 48 françaises
256 1522 97 48 et
304 1522 226 48 étrangères
482 1522 259 48 présenteront
692 1522 129 48 leur
773 1522 178 48 travail
886 1522 97 48 dans

80 1553 124 52 sept
157 1553 139 52 lieux
250 1553 93 52 de
280 1553 155 52 théâtre.

79 1595 101 58 La
130 1595 184 58 section
264 1595 268 58 «Spectacles»
481 1595 101 58 de
532 1595 101 58 la
582 1595 201 58 Biennale
733 1595 101 58 de
783 1595 151 58 Paris
883 1595 84 58 a
900 1595 84 58 été

75 1642 151 38 créée
176 1642 134 38 dans
260 1642 101 38 le
310 1642 118 38 but
377 1642 202 38 d’offrir
529 1642 118 38 aux
596 1642 168 38 jeunes
713 1642 269 38 réalisateurs
915 1642 67 38 de

76 1676 157 49 moins
180 1676 105 49 de
233 1676 105 49 35
285 1676 122 49 ans
355 1676 105 49 un
407 1676 157 49 champ
512 1676 157 49 libre
617 1676 367 49 d’expérimentation
914 1676 70 49 et

75 1707 100 44 de
125 1707 285 44 confrontation
360 1707 100 44 de
393 1707 218 44 recherches.

76 1748 103 51 La
127 1748 205 51 présente
281 1748 222 51 sélection
452 1748 103 51 ne
503 1748 103 51 se
555 1748 188 51 propose
691 1748 120 51 pas
760 1748 222 51 d’établir
914 1748 68 51 un

74 1792 325 38 échantillonnage
348 1792 188 38 complet
485 1792 120 38 des
553 1792 205 38 diverses
707 1792 223 38 tendances
878 1792 103 38 de
913 1792 68 38 la

75 1827 194 36 création
220 1827 194 36 actuelle
366 1827 129 36 dans
447 1827 113 36 les
512 1827 227 36 différents
690 1827 194 36 domaines
835 1827 113 36 des
884 1827 97 36 arts

74 1865 97 44 du
122 1865 227 44 spectacle;
301 1865 130 44 mais
382 1865 130 44 elle
463 1865 179 44 devrait
593 1865 211 44 permettre
756 1865 97 44 au
788 1865 195 44 spectateur

72 1894 101 35 de
123 1894 186 35 déceler
258 1894 118 35 les
325 1894 135 35 axes
409 1894 219 35 originaux
578 1894 101 35 de
629 1894 270 35 l’expression
831 1894 152 35 contem-

73 1930 192 43 poraine
212 1930 122 43 (du
282 1930 210 43 théâtre,
439 1930 105 43 de
492 1930 105 43 la
544 1930 175 43 danse,
667 1930 105 43 de
719 1930 105 43 la
771 1930 210 43 musique,
911 1930 70 43 du

72 1961 160 40 mime,
179 1961 125 40 des
250 1961 303 40 marionnettes,
500 1961 107 40 du
553 1961 232 40 spectacle
732 1961 143 40 pour
803 1961 178 40 enfants)

71 2001 135 38 dans
156 2001 152 38 leurs
257 2001 236 38 principaux
443 2001 220 38 rapports:
595 2001 388 38 spectacle

72 2028 173 38 écriture
201 2028 332 38 collective-écriture
490 2028 187 38 d’auteur,
634 2028 216 38 réalisation
793 2028 187 38 collective-

69 2060 152 35 œuvre
171 2060 135 35 d’un
255 2060 186 35 metteur
390 2060 101 35 en
441 2060 169 35 scène,
542 2060 440 35 scénographie

71 2094 120 39 Les
140 2094 155 39 seize
243 2094 241 39 spectacles
432 2094 103 39 du
483 2094 241 39 programme,
673 2094 138 39 tous
759 2094 103 39 en
793 2094 189 39 création,

68 2128 197 39 portent
211 2128 108 39 en
265 2128 233 39 eux-mêmes
444 2128 287 39 suffisamment
677 2128 108 39 de
731 2128 197 39 risques
874 2128 108 39 et
910 2128 72 39 de

70 2165 217 43 promesses,
240 2165 124 43 pour
317 2165 124 43 nous
395 2165 201 43 permettre
549 2165 124 43 d’en
627 2165 170 43 retirer
751 2165 108 43 des
797 2165 186 43 réflexions

69 2195 98 42 et
118 2195 115 42 des
183 2195 230 42 impulsions
364 2195 197 42 majeures
512 2195 131 42 pour
594 2195 148 42 l’art
676 2195 246 42 contemporain.

48 2271 93 44 170
