312.09448818897636 669.2598425196851
70.01574803149606 21.826771653543307 131.5275590551181 21.543307086614174 <b>REPUBLIQUE
178.29921259842519 21.826771653543307 69.73228346456693 21.543307086614174 ARABE
216.8503937007874 21.826771653543307 77.38582677165354 21.543307086614174 UNIE</b>

56.976377952755904 128.9763779527559 73.7007874015748 20.409448818897637 Commissaire
115.93700787401575 128.9763779527559 54.14173228346457 20.409448818897637 général
155.0551181102362 128.9763779527559 24.661417322834644 20.409448818897637 :
164.9763779527559 128.9763779527559 54.14173228346457 20.409448818897637 <b>Badr
204.09448818897638 128.9763779527559 29.480314960629922 20.409448818897637 el
218.83464566929135 128.9763779527559 39.40157480314961 20.409448818897637 Dine
238.6771653543307 128.9763779527559 49.039370078740156 20.409448818897637 Abou</b>

57.25984251968504 147.68503937007873 33.16535433070866 14.173228346456693 <b>Ghazi</b>

57.826771653543304 160.44094488188978 48.75590551181102 15.874015748031496 Critique
90.14173228346456 160.44094488188978 32.59842519685039 15.874015748031496 d’art.

46.488188976377955 193.3228346456693 39.40157480314961 20.69291338582677 Les
69.16535433070867 193.3228346456693 67.74803149606299 20.69291338582677 réalités
119.90551181102362 193.3228346456693 33.732283464566926 20.69291338582677 de
136.91338582677164 193.3228346456693 33.732283464566926 20.69291338582677 la
153.63779527559055 193.3228346456693 84.75590551181102 20.69291338582677 conjoncture
221.38582677165354 193.3228346456693 67.74803149606299 20.69291338582677 présente
266.45669291338584 193.3228346456693 22.677165354330707 20.69291338582677 se

32.881889763779526 206.64566929133858 74.83464566929133 18.992125984251967 retrouvent
91.84251968503936 206.64566929133858 42.803149606299215 18.992125984251967 dans
118.48818897637796 206.64566929133858 37.41732283464567 18.992125984251967 les
140.03149606299212 206.64566929133858 96.37795275590551 18.992125984251967 préoccupations
220.251968503937 206.64566929133858 32.031496062992126 18.992125984251967 de
230.74015748031496 206.64566929133858 58.960629921259844 18.992125984251967 l’artiste

32.59842519685039 219.4015748031496 67.18110236220473 16.724409448818896 égyptien
83.05511811023622 219.4015748031496 67.18110236220473 16.724409448818896 moderne;
133.22834645669292 219.4015748031496 50.45669291338583 16.724409448818896 elles
166.96062992125985 219.4015748031496 78.23622047244095 16.724409448818896 imprègnent
228.4724409448819 219.4015748031496 39.118110236220474 16.724409448818896 les
245.1968503937008 219.4015748031496 44.78740157480315 16.724409448818896 œuvres

33.16535433070866 231.8740157480315 36.0 18.992125984251967 qui
53.574803149606296 231.8740157480315 66.89763779527559 18.992125984251967 cherchent
105.16535433070867 231.8740157480315 25.79527559055118 18.992125984251967 à
115.37007874015748 231.8740157480315 61.79527559055118 18.992125984251967 exprimer
161.5748031496063 231.8740157480315 41.10236220472441 18.992125984251967 tout
187.37007874015748 231.8740157480315 25.79527559055118 18.992125984251967 à
197.5748031496063 231.8740157480315 30.89763779527559 18.992125984251967 la
213.16535433070865 231.8740157480315 41.10236220472441 18.992125984251967 fois
238.96062992125985 231.8740157480315 30.89763779527559 18.992125984251967 le
249.16535433070865 231.8740157480315 41.10236220472441 18.992125984251967 patri-

33.44881889763779 242.36220472440945 49.32283464566929 19.275590551181104 moine
66.04724409448819 242.36220472440945 71.14960629921259 19.275590551181104 ancestral
120.75590551181102 242.36220472440945 32.881889763779526 19.275590551181104 et
137.1968503937008 242.36220472440945 65.48031496062993 19.275590551181104 l’esprit
186.51968503937007 242.36220472440945 32.881889763779526 19.275590551181104 du
202.6771653543307 242.36220472440945 60.09448818897638 19.275590551181104 siècle.
240.9448818897638 242.36220472440945 49.32283464566929 19.275590551181104 Partagé

33.44881889763779 254.26771653543307 49.32283464566929 18.708661417322833 entre
66.33070866141732 254.26771653543307 92.97637795275591 18.708661417322833 l’acceptation
142.86614173228347 254.26771653543307 32.881889763779526 18.708661417322833 et
159.30708661417322 254.26771653543307 32.881889763779526 18.708661417322833 le
175.748031496063 254.26771653543307 49.32283464566929 18.708661417322833 refus
208.3464566929134 254.26771653543307 32.881889763779526 18.708661417322833 de
219.4015748031496 254.26771653543307 71.14960629921259 18.708661417322833 l’héritage,

34.2992125984252 266.45669291338584 66.61417322834646 18.992125984251967 l’artiste
85.60629921259843 266.45669291338584 61.511811023622045 18.992125984251967 égyptien
131.81102362204723 266.45669291338584 56.40944881889764 18.992125984251967 cherche
172.91338582677164 266.45669291338584 25.79527559055118 18.992125984251967 à
183.11811023622047 266.45669291338584 46.20472440944882 18.992125984251967 créer
213.73228346456693 266.45669291338584 30.89763779527559 18.992125984251967 un
224.2204724409449 266.45669291338584 66.61417322834646 18.992125984251967 syncrétisme

34.2992125984252 278.6456692913386 45.354330708661415 16.440944881889763 entre
64.62992125984252 278.6456692913386 30.330708661417322 16.440944881889763 la
79.65354330708661 278.6456692913386 65.48031496062993 16.440944881889763 tradition
130.11023622047244 278.6456692913386 30.330708661417322 16.440944881889763 et
145.13385826771653 278.6456692913386 35.1496062992126 16.440944881889763 les
165.54330708661416 278.6456692913386 75.68503937007874 16.440944881889763 expressions
220.8188976377953 278.6456692913386 70.58267716535433 16.440944881889763 universelles

33.732283464566926 291.40157480314963 31.748031496062993 15.023622047244094 de
49.60629921259842 291.40157480314963 47.338582677165356 15.023622047244094 l’art
81.35433070866142 291.40157480314963 94.96062992125984 15.023622047244094 d’aujourd’hui.
160.15748031496062 291.40157480314963 52.724409448818896 15.023622047244094 Chaque
197.29133858267716 291.40157480314963 42.23622047244095 15.023622047244094 jour
223.37007874015748 291.40157480314963 42.23622047244095 15.023622047244094 nous
244.62992125984252 291.40157480314963 47.338582677165356 15.023622047244094 consta-

34.01574803149607 303.87401574803147 44.78740157480315 15.023622047244094 tons
62.07874015748032 303.87401574803147 33.732283464566926 15.023622047244094 la
78.80314960629921 303.87401574803147 67.18110236220473 15.023622047244094 création
129.25984251968504 303.87401574803147 67.18110236220473 15.023622047244094 d’œuvres
179.71653543307087 303.87401574803147 39.118110236220474 15.023622047244094 qui
202.11023622047244 303.87401574803147 72.85039370078741 15.023622047244094 répondent
257.9527559055118 303.87401574803147 28.062992125984252 15.023622047244094 à
263.62204724409446 303.87401574803147 28.062992125984252 15.023622047244094 cet

34.58267716535433 313.51181102362204 61.79527559055118 16.15748031496063 objectif
80.78740157480316 313.51181102362204 30.89763779527559 16.15748031496063 et
96.37795275590551 313.51181102362204 36.0 16.15748031496063 les
116.78740157480316 313.51181102362204 51.30708661417323 16.15748031496063 quatre
152.78740157480314 313.51181102362204 61.79527559055118 16.15748031496063 artistes
198.99212598425197 313.51181102362204 36.0 16.15748031496063 que
219.68503937007873 313.51181102362204 30.89763779527559 16.15748031496063 la
229.88976377952756 313.51181102362204 61.79527559055118 16.15748031496063 République

33.732283464566926 326.5511811023622 50.45669291338583 15.874015748031496 Arabe
67.46456692913385 326.5511811023622 44.78740157480315 15.874015748031496 Unie
95.5275590551181 326.5511811023622 28.062992125984252 15.874015748031496 a
106.86614173228347 326.5511811023622 61.79527559055118 15.874015748031496 choisis
151.6535433070866 326.5511811023622 44.78740157480315 15.874015748031496 pour
179.71653543307087 326.5511811023622 50.45669291338583 15.874015748031496 cette
213.4488188976378 326.5511811023622 67.46456692913385 15.874015748031496 Biennale
258.23622047244095 326.5511811023622 33.732283464566926 15.874015748031496 sont

34.58267716535433 339.3070866141732 49.039370078740156 16.15748031496063 parmi
67.18110236220473 339.3070866141732 37.98425196850393 16.15748031496063 les
89.00787401574803 339.3070866141732 92.40944881889764 16.15748031496063 représentants
164.9763779527559 339.3070866141732 32.59842519685039 16.15748031496063 de
181.41732283464566 339.3070866141732 49.039370078740156 16.15748031496063 cette
208.62992125984252 339.3070866141732 59.811023622047244 16.15748031496063 tendance.

49.32283464566929 353.4803149606299 39.68503937007874 14.740157480314961 Les
72.0 353.4803149606299 51.023622047244096 14.740157480314961 trois
106.01574803149606 353.4803149606299 56.69291338582677 14.740157480314961 toiles
145.70078740157481 353.4803149606299 34.01574803149607 14.740157480314961 de
162.70866141732284 353.4803149606299 51.023622047244096 14.740157480314961 Leila
196.44094488188978 353.4803149606299 51.023622047244096 14.740157480314961 lzzat
224.78740157480314 353.4803149606299 68.03149606299213 14.740157480314961 témoignent

34.86614173228347 367.65354330708664 48.188976377952756 12.472440944881889 d’une
66.89763779527559 367.65354330708664 69.73228346456693 12.472440944881889 recherche
120.4724409448819 367.65354330708664 42.803149606299215 12.472440944881889 dans
147.4015748031496 367.65354330708664 85.60629921259843 12.472440944881889 l’expression
216.8503937007874 367.65354330708664 75.11811023622047 12.472440944881889 artistique
270.4251968503937 367.65354330708664 21.543307086614174 12.472440944881889 du

34.86614173228347 377.29133858267716 60.37795275590551 14.456692913385826 siècle,
78.80314960629921 377.29133858267716 43.93700787401575 14.456692913385826 tout
106.01574803149606 377.29133858267716 32.881889763779526 14.456692913385826 en
122.74015748031496 377.29133858267716 60.37795275590551 14.456692913385826 portant
166.6771653543307 377.29133858267716 82.48818897637796 14.456692913385826 l’empreinte
232.44094488188978 377.29133858267716 32.881889763779526 14.456692913385826 du
243.49606299212599 377.29133858267716 49.32283464566929 14.456692913385826 milieu.

35.71653543307087 389.1968503937008 41.10236220472441 14.456692913385826 Dans
61.511811023622045 389.1968503937008 36.0 14.456692913385826 son
81.92125984251969 389.1968503937008 46.20472440944882 14.456692913385826 œuvre
112.81889763779527 389.1968503937008 56.69291338582677 14.456692913385826 Coucher
154.20472440944883 389.1968503937008 30.89763779527559 14.456692913385826 de
169.51181102362204 389.1968503937008 56.69291338582677 14.456692913385826 soleil,
210.61417322834646 389.1968503937008 41.10236220472441 14.456692913385826 elle
236.40944881889763 389.1968503937008 41.10236220472441 14.456692913385826 fait
257.1023622047244 389.1968503937008 36.0 14.456692913385826 écla-

34.86614173228347 402.5196850393701 39.40157480314961 12.472440944881889 ter
57.25984251968504 402.5196850393701 39.40157480314961 12.472440944881889 ses
79.93700787401575 402.5196850393701 78.51968503937007 12.472440944881889 sensations
141.4488188976378 402.5196850393701 44.78740157480315 12.472440944881889 dans
169.51181102362204 402.5196850393701 39.40157480314961 12.472440944881889 une
192.18897637795277 402.5196850393701 56.125984251968504 12.472440944881889 vision
225.63779527559055 402.5196850393701 67.46456692913385 12.472440944881889 dramatique

35.71653543307087 414.1417322834646 37.7007874015748 14.456692913385826 qui
57.25984251968504 414.1417322834646 64.62992125984252 14.456692913385826 exprime,
105.73228346456693 414.1417322834646 53.85826771653543 14.456692913385826 malgré
143.43307086614172 414.1417322834646 37.7007874015748 14.456692913385826 son
164.9763779527559 414.1417322834646 86.1732283464567 14.456692913385826 abstraction,
234.99212598425197 414.1417322834646 32.31496062992126 14.456692913385826 la
245.76377952755905 414.1417322834646 48.47244094488189 14.456692913385826 chaleur

36.0 425.1968503937008 30.89763779527559 13.32283464566929 de
51.30708661417323 425.1968503937008 62.07874015748032 13.32283464566929 l’Orient
97.79527559055119 425.1968503937008 30.89763779527559 13.32283464566929 et
113.38582677165354 425.1968503937008 36.28346456692913 13.32283464566929 son
134.07874015748033 425.1968503937008 72.28346456692914 13.32283464566929 atmosphère
191.0551181102362 425.1968503937008 87.8740157480315 13.32283464566929 particulière.
257.9527559055118 425.1968503937008 36.28346456692913 13.32283464566929 Quant

36.56692913385827 437.9527559055118 31.46456692913386 13.32283464566929 au
52.15748031496063 437.9527559055118 68.03149606299213 13.32283464566929 sculpteur
104.5984251968504 437.9527559055118 47.338582677165356 13.32283464566929 Nabil
136.06299212598427 437.9527559055118 31.46456692913386 13.32283464566929 el
151.93700787401573 437.9527559055118 62.92913385826772 13.32283464566929 Husseni,
198.99212598425197 437.9527559055118 36.8503937007874 13.32283464566929 par
219.96850393700788 437.9527559055118 31.46456692913386 13.32283464566929 sa
230.45669291338584 437.9527559055118 62.92913385826772 13.32283464566929 conception

36.56692913385827 449.8582677165354 30.330708661417322 12.188976377952756 de
51.874015748031496 449.8582677165354 30.330708661417322 12.188976377952756 la
66.89763779527559 449.8582677165354 45.63779527559055 12.188976377952756 masse
97.22834645669292 449.8582677165354 30.330708661417322 12.188976377952756 et
112.53543307086615 449.8582677165354 35.43307086614173 12.188976377952756 ses
132.66141732283464 449.8582677165354 65.76377952755905 12.188976377952756 affinités
183.4015748031496 449.8582677165354 75.96850393700787 12.188976377952756 populaires,
244.06299212598427 449.8582677165354 30.330708661417322 12.188976377952756 il
253.98425196850394 449.8582677165354 40.53543307086614 12.188976377952756 renou-

35.71653543307087 460.9133858267717 50.74015748031496 13.32283464566929 velle
69.44881889763779 460.9133858267717 33.732283464566926 13.32283464566929 la
86.45669291338582 460.9133858267717 56.40944881889764 13.32283464566929 vision
125.85826771653544 460.9133858267717 33.732283464566926 13.32283464566929 de
142.86614173228347 460.9133858267717 78.80314960629921 13.32283464566929 l’ambiance
204.66141732283464 460.9133858267717 78.80314960629921 13.32283464566929 égyptienne
261.07086614173227 460.9133858267717 33.732283464566926 13.32283464566929 pour

37.13385826771653 471.9685039370079 36.8503937007874 13.039370078740157 une
58.39370078740158 471.9685039370079 73.7007874015748 13.039370078740157 génération
116.22047244094489 471.9685039370079 36.8503937007874 13.039370078740157 qui
137.1968503937008 471.9685039370079 36.8503937007874 13.039370078740157 est
158.17322834645668 471.9685039370079 57.826771653543304 13.039370078740157 attirée
200.1259842519685 471.9685039370079 36.8503937007874 13.039370078740157 par
221.10236220472441 471.9685039370079 31.46456692913386 13.039370078740157 le
236.9763779527559 471.9685039370079 57.826771653543304 13.039370078740157 terroir
273.8267716535433 471.9685039370079 20.976377952755904 13.039370078740157 et

37.13385826771653 484.15748031496065 32.31496062992126 13.606299212598426 le
53.29133858267716 484.15748031496065 69.73228346456693 13.606299212598426 folklore.
106.86614173228347 484.15748031496065 48.47244094488189 13.606299212598426 Ahmed
139.1811023622047 484.15748031496065 48.47244094488189 13.606299212598426 Nawar
171.49606299212599 484.15748031496065 64.34645669291339 13.606299212598426 cherche,
219.96850393700788 484.15748031496065 43.08661417322835 13.606299212598426 dans
246.61417322834646 484.15748031496065 37.7007874015748 13.606299212598426 ses
262.7716535433071 484.15748031496065 32.31496062992126 13.606299212598426 gra-

36.8503937007874 496.34645669291336 53.574803149606296 12.472440944881889 vures,
74.55118110236221 496.34645669291336 26.929133858267715 12.472440944881889 à
85.03937007874016 496.34645669291336 69.73228346456693 12.472440944881889 atteindre
138.89763779527559 496.34645669291336 37.7007874015748 12.472440944881889 une
160.44094488188978 496.34645669291336 75.11811023622047 12.472440944881889 expression
219.4015748031496 496.34645669291336 58.960629921259844 12.472440944881889 moderne
262.20472440944883 496.34645669291336 32.31496062992126 12.472440944881889 de
272.9763779527559 496.34645669291336 21.543307086614174 12.472440944881889 la

37.13385826771653 509.1023622047244 57.826771653543304 13.32283464566929 couleur
79.37007874015748 509.1023622047244 57.826771653543304 13.32283464566929 locale.
121.32283464566929 509.1023622047244 52.44094488188976 13.32283464566929 Enfin,
158.17322834645668 509.1023622047244 36.8503937007874 13.32283464566929 les
179.1496062992126 509.1023622047244 89.29133858267717 13.32283464566929 photographies
247.46456692913387 509.1023622047244 47.338582677165356 13.32283464566929 d’Ahmed

37.98425196850393 521.2913385826772 41.95275590551181 12.755905511811024 Nour
64.34645669291339 521.2913385826772 31.46456692913386 12.755905511811024 el
80.22047244094489 521.2913385826772 41.95275590551181 12.755905511811024 Dine
106.2992125984252 521.2913385826772 31.46456692913386 12.755905511811024 ne
122.1732283464567 521.2913385826772 68.31496062992126 12.755905511811024 négligent
174.61417322834646 521.2913385826772 52.44094488188976 12.755905511811024 aucune
206.07874015748033 521.2913385826772 89.29133858267717 12.755905511811024 caractéristique

37.98425196850393 532.6299212598425 54.70866141732284 11.622047244094489 locale
76.25196850393701 532.6299212598425 43.93700787401575 11.622047244094489 pour
103.74803149606299 532.6299212598425 60.37795275590551 11.622047244094489 aboutir
147.4015748031496 532.6299212598425 27.496062992125985 11.622047244094489 à
158.45669291338584 532.6299212598425 38.267716535433074 11.622047244094489 des
180.28346456692913 532.6299212598425 54.70866141732284 11.622047244094489 formes
218.5511811023622 532.6299212598425 76.81889763779527 11.622047244094489 abstraites
273.54330708661416 532.6299212598425 21.826771653543307 11.622047244094489 et

33.732283464566926 544.2519685039371 68.03149606299213 15.023622047244094 inattendues.

184.8188976377953 620.2204724409448 44.503937007874015 18.4251968503937 Badr
212.5984251968504 620.2204724409448 33.16535433070866 18.4251968503937 el
229.3228346456693 620.2204724409448 44.503937007874015 18.4251968503937 Dine
251.43307086614172 620.2204724409448 44.503937007874015 18.4251968503937 Ghazi.

271.2755905511811 647.4330708661417 26.078740157480315 14.173228346456693 109
