312.09448818897636 669.2598425196851
109.7007874015748 16.440944881889763 102.61417322834646 25.79527559055118 EDITION
183.11811023622047 16.440944881889763 117.07086614173228 25.79527559055118 D’ESTAMPES

35.43307086614173 127.55905511811024 36.8503937007874 18.992125984251967 Lors
58.39370078740158 127.55905511811024 32.31496062992126 18.992125984251967 des
76.81889763779527 127.55905511811024 69.16535433070867 18.992125984251967 précédentes
132.09448818897638 127.55905511811024 59.811023622047244 18.992125984251967 Biennales
178.29921259842519 127.55905511811024 36.8503937007874 18.992125984251967 nous
201.25984251968504 127.55905511811024 41.38582677165354 18.992125984251967 avons
228.75590551181102 127.55905511811024 41.38582677165354 18.992125984251967 édité
256.53543307086613 127.55905511811024 27.77952755905512 18.992125984251967 un
265.6062992125984 127.55905511811024 27.77952755905512 18.992125984251967 cer-

35.43307086614173 135.21259842519686 35.71653543307087 19.275590551181104 tain
57.826771653543304 135.21259842519686 44.503937007874015 19.275590551181104 nombre
89.00787401574803 135.21259842519686 62.36220472440945 19.275590551181104 d’estampes
137.76377952755905 135.21259842519686 66.89763779527559 19.275590551181104 originales,
191.33858267716536 135.21259842519686 57.826771653543304 19.275590551181104 réalisées
231.30708661417322 135.21259842519686 62.36220472440945 19.275590551181104 spécialement

35.1496062992126 145.41732283464566 23.52755905511811 19.275590551181104 à
44.78740157480315 145.41732283464566 42.23622047244095 19.275590551181104 notre
72.85039370078741 145.41732283464566 61.22834645669291 19.275590551181104 intention
119.90551181102362 145.41732283464566 32.881889763779526 19.275590551181104 par
138.61417322834646 145.41732283464566 28.346456692913385 19.275590551181104 de
152.78740157480314 145.41732283464566 47.05511811023622 19.275590551181104 jeunes
185.66929133858267 145.41732283464566 61.22834645669291 19.275590551181104 artistes.
232.7244094488189 145.41732283464566 42.23622047244095 19.275590551181104 Cette
256.251968503937 145.41732283464566 37.7007874015748 19.275590551181104 année,

35.43307086614173 155.33858267716536 38.267716535433074 20.69291338582677 pour
59.52755905511811 155.33858267716536 43.08661417322835 20.69291338582677 notre
88.15748031496064 155.33858267716536 52.724409448818896 20.69291338582677 sixième
126.70866141732283 155.33858267716536 86.45669291338582 20.69291338582677 manifestation,
198.70866141732284 155.33858267716536 38.267716535433074 20.69291338582677 nous
222.51968503937007 155.33858267716536 43.08661417322835 20.69291338582677 avons
246.61417322834646 155.33858267716536 47.90551181102362 20.69291338582677 commandé

36.0 170.36220472440945 32.031496062992126 16.15748031496063 une
54.14173228346457 170.36220472440945 73.13385826771653 16.15748031496063 pointe-sèche
109.13385826771653 170.36220472440945 13.606299212598426 16.15748031496063 à

37.41732283464567 190.77165354330708 57.25984251968504 20.125984251968504 Doroteo
82.48818897637796 190.77165354330708 61.511811023622045 20.125984251968504 ARNAIZ
131.5275590551181 190.77165354330708 24.661417322834644 20.125984251968504 né
143.71653543307087 190.77165354330708 24.661417322834644 20.125984251968504 en
156.18897637795277 190.77165354330708 32.881889763779526 20.125984251968504 1936
176.5984251968504 190.77165354330708 20.409448818897637 20.125984251968504 à
184.8188976377953 190.77165354330708 41.10236220472441 20.125984251968504 Madrid
209.48031496062993 190.77165354330708 49.039370078740156 20.125984251968504 (Espagne).

36.56692913385827 203.5275590551181 43.08661417322835 18.141732283464567 Cette
65.48031496062993 203.5275590551181 57.54330708661417 18.141732283464567 gravure,
108.56692913385827 203.5275590551181 43.08661417322835 18.141732283464567 tirée
137.1968503937008 203.5275590551181 24.094488188976378 18.141732283464567 à
146.83464566929135 203.5275590551181 28.913385826771652 18.141732283464567 90
161.29133858267716 203.5275590551181 72.0 18.141732283464567 exemplaires
218.83464566929135 203.5275590551181 67.18110236220473 18.141732283464567 numérotés,
266.74015748031496 203.5275590551181 28.913385826771652 18.141732283464567 dont

36.0 213.4488188976378 30.04724409448819 18.141732283464567 70
51.023622047244096 213.4488188976378 34.86614173228347 18.141732283464567 sur
71.14960629921259 213.4488188976378 44.78740157480315 18.141732283464567 Vélin
100.91338582677166 213.4488188976378 30.04724409448819 18.141732283464567 de
115.93700787401575 213.4488188976378 59.811023622047244 18.141732283464567 Hollande
160.7244094488189 213.4488188976378 34.86614173228347 18.141732283464567 des
180.56692913385828 213.4488188976378 69.73228346456693 18.141732283464567 Papeteries
235.55905511811022 213.4488188976378 54.70866141732284 18.141732283464567 Royales
270.4251968503937 213.4488188976378 24.944881889763778 18.141732283464567 Van

36.8503937007874 222.23622047244095 47.90551181102362 17.5748031496063 Gelder
70.2992125984252 222.23622047244095 43.08661417322835 17.5748031496063 Zonen
99.21259842519684 222.23622047244095 72.0 17.5748031496063 (Papeteries
156.75590551181102 222.23622047244095 28.62992125984252 17.5748031496063 de
170.9291338582677 222.23622047244095 76.53543307086615 17.5748031496063 Montevrain),
233.29133858267716 222.23622047244095 62.36220472440945 17.5748031496063 numérotés
276.37795275590554 222.23622047244095 19.275590551181104 17.5748031496063 de

37.41732283464567 232.15748031496062 22.11023622047244 18.4251968503937 1
46.488188976377955 232.15748031496062 22.11023622047244 18.4251968503937 à
55.275590551181104 232.15748031496062 26.64566929133858 18.4251968503937 70
68.5984251968504 232.15748031496062 26.64566929133858 18.4251968503937 et
81.92125984251969 232.15748031496062 26.64566929133858 18.4251968503937 20
95.24409448818898 232.15748031496062 48.75590551181102 18.4251968503937 tirages
130.6771653543307 232.15748031496062 26.64566929133858 18.4251968503937 de
144.0 232.15748031496062 35.43307086614173 18.4251968503937 tête
166.39370078740157 232.15748031496062 31.181102362204726 18.4251968503937 sur
183.96850393700788 232.15748031496062 44.503937007874015 18.4251968503937 papier
215.1496062992126 232.15748031496062 26.64566929133858 18.4251968503937 du
228.4724409448819 232.15748031496062 44.503937007874015 18.4251968503937 Moulin
255.11811023622047 232.15748031496062 39.968503937007874 18.4251968503937 Richard

36.56692913385827 241.22834645669292 29.480314960629922 19.275590551181104 de
51.30708661417323 241.22834645669292 39.118110236220474 19.275590551181104 Bas,
75.68503937007874 241.22834645669292 63.77952755905512 19.275590551181104 numérotés
124.7244094488189 241.22834645669292 29.480314960629922 19.275590551181104 de
139.1811023622047 241.22834645669292 24.37795275590551 19.275590551181104 A
149.10236220472441 241.22834645669292 24.37795275590551 19.275590551181104 à
158.74015748031496 241.22834645669292 29.480314960629922 19.275590551181104 T,
173.48031496062993 241.22834645669292 34.2992125984252 19.275590551181104 est
193.03937007874015 241.22834645669292 49.039370078740156 19.275590551181104 vendue
227.33858267716536 241.22834645669292 39.118110236220474 19.275590551181104 dans
252.0 241.22834645669292 29.480314960629922 19.275590551181104 le
261.6377952755906 241.22834645669292 34.2992125984252 19.275590551181104 cadre

37.13385826771653 256.81889763779526 26.929133858267715 17.007874015748033 de
50.74015748031496 256.81889763779526 26.929133858267715 17.007874015748033 la
59.52755905511811 256.81889763779526 49.60629921259842 17.007874015748033 Biennale.

37.98425196850393 265.8897637795276 39.118110236220474 19.84251968503937 Dans
62.36220472440945 265.8897637795276 29.19685039370079 19.84251968503937 la
77.10236220472441 265.8897637795276 48.75590551181102 19.84251968503937 mesure
111.11811023622047 265.8897637795276 34.2992125984252 19.84251968503937 des
130.6771653543307 265.8897637795276 53.85826771653543 19.84251968503937 tirages
169.79527559055117 265.8897637795276 78.23622047244095 19.84251968503937 disponibles,
233.29133858267716 265.8897637795276 48.75590551181102 19.84251968503937 seront
262.48818897637796 265.8897637795276 34.2992125984252 19.84251968503937 mises

37.98425196850393 277.51181102362204 29.480314960629922 17.5748031496063 en
52.724409448818896 277.51181102362204 43.93700787401575 17.5748031496063 vente
81.92125984251969 277.51181102362204 63.496062992125985 17.5748031496063 également
130.96062992125985 277.51181102362204 34.2992125984252 17.5748031496063 des
150.51968503937007 277.51181102362204 58.67716535433071 17.5748031496063 gravures
194.45669291338584 277.51181102362204 29.480314960629922 17.5748031496063 et
209.1968503937008 277.51181102362204 34.2992125984252 17.5748031496063 des
223.6535433070866 277.51181102362204 73.41732283464567 17.5748031496063 lithographies

38.267716535433074 287.1496062992126 78.51968503937007 17.5748031496063 précédemment
102.04724409448819 287.1496062992126 58.960629921259844 17.5748031496063 éditées,
146.26771653543307 287.1496062992126 63.77952755905512 17.5748031496063 notamment
195.30708661417322 287.1496062992126 49.039370078740156 17.5748031496063 celles
224.78740157480314 287.1496062992126 24.661417322834644 17.5748031496063 de:

39.68503937007874 306.4251968503937 39.118110236220474 15.307086614173228 Tuvia
66.04724409448819 306.4251968503937 32.59842519685039 15.307086614173228 BEER

37.41732283464567 322.2992125984252 48.188976377952756 16.440944881889763 BREYTEN

40.53543307086614 338.45669291338584 55.275590551181104 15.590551181102363 Christian
81.92125984251969 338.45669291338584 44.78740157480315 15.590551181102363 FOSSIER

40.25196850393701 354.8976377952756 44.503937007874015 15.874015748031496 Alena
69.73228346456693 354.8976377952756 51.874015748031496 15.874015748031496 KUCEROVA

41.38582677165354 369.9212598425197 56.125984251968504 17.5748031496063 Barbara
81.35433070866142 369.9212598425197 64.06299212598425 17.5748031496063 KWANIEWSKA

41.669291338582674 387.7795275590551 58.67716535433071 14.456692913385826 Michèle
83.62204724409449 387.7795275590551 92.1259842519685 14.456692913385826 NEDELEC

42.803149606299215 405.07086614173227 39.968503937007874 15.023622047244094 Pierre
70.58267716535433 405.07086614173227 33.732283464566926 15.023622047244094 SKIRA

42.803149606299215 419.81102362204723 59.811023622047244 14.173228346456693 Krystyna
86.74015748031496 419.81102362204723 67.74803149606299 14.173228346456693 SMIECHOWSKA

43.653543307086615 437.38582677165357 48.47244094488189 15.307086614173228 Eugenio
78.23622047244095 437.38582677165357 41.38582677165354 15.307086614173228 TELLEZ

278.0787401574803 639.7795275590552 26.929133858267715 16.724409448818896 169
