301.03937007874015 669.2598425196851
-1.1338582677165354 19.275590551181104 79.08661417322834 19.559055118110237 FRANCE

38.55118110236221 60.09448818897638 78.23622047244095 15.023622047244094 combinaisons.
102.89763779527559 60.09448818897638 68.88188976377953 15.023622047244094 Possibilité
157.88976377952756 60.09448818897638 27.496062992125985 15.023622047244094 de
171.7795275590551 60.09448818897638 32.31496062992126 15.023622047244094 les
190.20472440944883 60.09448818897638 55.275590551181104 15.023622047244094 déplacer
231.59055118110237 60.09448818897638 22.96062992125984 15.023622047244094 à
236.1259842519685 60.09448818897638 41.38582677165354 15.023622047244094 volonté

37.98425196850393 69.16535433070867 36.0 14.173228346456693 sans
60.661417322834644 69.16535433070867 26.929133858267715 14.173228346456693 en
73.98425196850394 69.16535433070867 54.14173228346457 14.173228346456693 déranger
114.51968503937007 69.16535433070867 26.929133858267715 14.173228346456693 le
128.1259842519685 69.16535433070867 40.53543307086614 14.173228346456693 cadre
155.33858267716536 69.16535433070867 49.60629921259842 14.173228346456693 naturel
191.33858267716536 69.16535433070867 36.0 14.173228346456693 dans
213.73228346456693 69.16535433070867 45.07086614173228 14.173228346456693 lequel
245.48031496062993 69.16535433070867 31.46456692913386 14.173228346456693 ils
258.8031496062992 69.16535433070867 18.141732283464567 14.173228346456693 se

38.267716535433074 76.53543307086615 52.15748031496063 17.291338582677167 trouvent
77.38582677165354 76.53543307086615 52.15748031496063 17.291338582677167 (travaux
116.50393700787401 76.53543307086615 26.078740157480315 17.291338582677167 de
129.54330708661416 76.53543307086615 60.94488188976378 17.291338582677167 fondations
177.16535433070865 76.53543307086615 73.98425196850394 17.291338582677167 inexistants),
233.85826771653544 76.53543307086615 43.37007874015748 17.291338582677167 mobilité

36.8503937007874 85.88976377952756 30.330708661417322 11.905511811023622 de
52.15748031496063 85.88976377952756 50.45669291338583 11.905511811023622 chaque
82.20472440944881 85.88976377952756 50.45669291338583 11.905511811023622 élément.

37.41732283464567 95.5275590551181 89.00787401574803 15.874015748031496 Préfabrication:
112.53543307086615 95.5275590551181 28.062992125984252 15.874015748031496 en
126.70866141732283 95.5275590551181 65.76377952755905 15.874015748031496 plastique,
178.29921259842519 95.5275590551181 65.76377952755905 15.874015748031496 assemblage
229.88976377952756 95.5275590551181 28.062992125984252 15.874015748031496 de
239.24409448818898 95.5275590551181 37.41732283464567 15.874015748031496 pièces

37.7007874015748 106.01574803149606 36.0 15.590551181102363 pour
60.37795275590551 106.01574803149606 54.14173228346457 15.590551181102363 réaliser
100.91338582677166 106.01574803149606 58.67716535433071 15.590551181102363 l’élément
145.98425196850394 106.01574803149606 45.07086614173228 15.590551181102363 final.
177.4488188976378 106.01574803149606 58.67716535433071 15.590551181102363 L’élément
217.98425196850394 106.01574803149606 58.67716535433071 15.590551181102363 circulation

37.41732283464567 117.07086614173228 45.07086614173228 13.039370078740157 occupe
69.16535433070867 117.07086614173228 36.28346456692913 13.039370078740157 deux
91.55905511811024 117.07086614173228 63.21259842519685 13.039370078740157 fonctions:
141.4488188976378 117.07086614173228 31.748031496062993 13.039370078740157 une
159.59055118110237 117.07086614173228 54.14173228346457 13.039370078740157 fonction
200.1259842519685 117.07086614173228 36.28346456692913 13.039370078740157 voie
222.8031496062992 117.07086614173228 27.212598425196852 13.039370078740157 de
231.8740157480315 117.07086614173228 45.07086614173228 13.039370078740157 circula-

37.13385826771653 124.44094488188976 35.43307086614173 15.023622047244094 tion
59.52755905511811 124.44094488188976 26.64566929133858 15.023622047244094 et
72.85039370078741 124.44094488188976 31.181102362204726 15.023622047244094 une
90.4251968503937 124.44094488188976 53.29133858267716 15.023622047244094 fonction
130.39370078740157 124.44094488188976 44.503937007874015 15.023622047244094 amenée
161.5748031496063 124.44094488188976 26.64566929133858 15.023622047244094 de
174.89763779527559 124.44094488188976 75.4015748031496 15.023622047244094 canalisations
232.44094488188978 124.44094488188976 44.503937007874015 15.023622047244094 (alimen-

37.13385826771653 132.66141732283464 43.653543307086615 15.874015748031496 tation
67.46456692913385 132.66141732283464 30.614173228346456 15.874015748031496 des
85.03937007874016 132.66141732283464 60.94488188976378 15.874015748031496 cellules).
132.9448818897638 132.66141732283464 56.69291338582677 15.874015748031496 L’élément
176.5984251968504 132.66141732283464 47.90551181102362 15.874015748031496 cellule
211.46456692913387 132.66141732283464 26.078740157480315 15.874015748031496 se
224.50393700787401 132.66141732283464 47.90551181102362 15.874015748031496 branche
255.11811023622047 132.66141732283464 21.826771653543307 15.874015748031496 sur

37.98425196850393 142.58267716535434 56.40944881889764 16.440944881889763 l’élément
81.35433070866142 142.58267716535434 65.19685039370079 16.440944881889763 circulation
133.51181102362204 142.58267716535434 21.826771653543307 16.440944881889763 à
142.01574803149606 142.58267716535434 43.37007874015748 16.440944881889763 l’aide
172.3464566929134 142.58267716535434 34.86614173228347 16.440944881889763 d’un
194.17322834645668 142.58267716535434 47.62204724409449 16.440944881889763 conduit
224.50393700787401 142.58267716535434 52.15748031496063 16.440944881889763 plastique,

36.56692913385827 152.78740157480314 52.724409448818896 13.606299212598426 faisant
75.11811023622047 152.78740157480314 47.90551181102362 13.606299212598426 office
108.56692913385827 152.78740157480314 28.913385826771652 13.606299212598426 de
123.02362204724409 152.78740157480314 43.08661417322835 13.606299212598426 prise
151.93700787401573 152.78740157480314 67.18110236220473 13.606299212598426 (semblable
204.66141732283464 152.78740157480314 24.094488188976378 13.606299212598426 à
214.29921259842519 152.78740157480314 33.732283464566926 13.606299212598426 une
233.5748031496063 152.78740157480314 43.08661417322835 13.606299212598426 prise
257.38582677165357 152.78740157480314 19.275590551181104 13.606299212598426 de

36.28346456692913 162.70866141732284 49.32283464566929 13.039370078740157 courant
72.28346456692914 162.70866141732284 31.46456692913386 13.039370078740157 que
90.14173228346456 162.70866141732284 36.0 13.039370078740157 l’on
112.81889763779527 162.70866141732284 72.0 13.039370078740157 introduirait
171.21259842519686 162.70866141732284 36.0 13.039370078740157 dans
193.60629921259843 162.70866141732284 31.46456692913386 13.039370078740157 une
206.9291338582677 162.70866141732284 40.53543307086614 13.039370078740157 fiche).

37.7007874015748 177.4488188976378 52.15748031496063 15.874015748031496 Bruno
76.81889763779527 177.4488188976378 73.7007874015748 15.874015748031496 BRUNELLI
137.48031496062993 177.4488188976378 26.078740157480315 15.874015748031496 né
150.51968503937007 177.4488188976378 26.078740157480315 15.874015748031496 en
163.55905511811022 177.4488188976378 34.86614173228347 15.874015748031496 1950
185.10236220472441 177.4488188976378 21.826771653543307 15.874015748031496 à
193.88976377952756 177.4488188976378 52.15748031496063 15.874015748031496 Besançon
228.75590551181102 177.4488188976378 47.62204724409449 15.874015748031496 (France).

32.031496062992126 186.8031496062992 51.023622047244096 14.173228346456693 Designer.

24.37795275590551 211.46456692913387 33.732283464566926 17.5748031496063 63
46.77165354330709 211.46456692913387 60.09448818897638 17.5748031496063 VILLAGES
92.1259842519685 211.46456692913387 48.75590551181102 17.5748031496063 (maquette).

36.8503937007874 224.50393700787401 43.37007874015748 15.590551181102363 Ecole
65.76377952755905 224.50393700787401 33.732283464566926 15.590551181102363 des
85.03937007874016 224.50393700787401 67.46456692913385 15.590551181102363 Beaux-Arts
138.33070866141733 224.50393700787401 28.913385826771652 15.590551181102363 de
147.96850393700788 224.50393700787401 53.00787401574803 15.590551181102363 Besançon.

37.41732283464567 240.66141732283464 33.732283464566926 15.023622047244094 Pour
58.39370078740158 240.66141732283464 41.95275590551181 15.023622047244094 donner
87.8740157480315 240.66141732283464 37.7007874015748 15.023622047244094 suite
113.10236220472441 240.66141732283464 20.976377952755904 15.023622047244094 à
121.60629921259843 240.66141732283464 41.95275590551181 15.023622047244094 l’idée
150.8031496062992 240.66141732283464 54.70866141732284 15.023622047244094 d’étudier
193.03937007874015 240.66141732283464 29.480314960629922 15.023622047244094 une
209.76377952755905 240.66141732283464 41.95275590551181 15.023622047244094 région
234.99212598425197 240.66141732283464 41.95275590551181 15.023622047244094 d’inter-

36.56692913385827 252.8503937007874 53.574803149606296 13.32283464566929 férence,
76.81889763779527 252.8503937007874 62.36220472440945 13.32283464566929 regroupant
125.85826771653544 252.8503937007874 31.181102362204726 13.32283464566929 des
143.43307086614172 252.8503937007874 75.68503937007874 13.32283464566929 agriculteurs,
206.07874015748033 252.8503937007874 31.181102362204726 13.32283464566929 des
223.6535433070866 252.8503937007874 53.574803149606296 13.32283464566929 artisans
259.37007874015745 252.8503937007874 17.858267716535433 13.32283464566929 et

36.56692913385827 262.48818897637796 31.748031496062993 13.32283464566929 des
54.70866141732284 262.48818897637796 58.960629921259844 13.32283464566929 citadins,
100.06299212598425 262.48818897637796 40.818897637795274 13.32283464566929 notre
127.2755905511811 262.48818897637796 45.354330708661415 13.32283464566929 projet
159.0236220472441 262.48818897637796 22.677165354330707 13.32283464566929 a
168.09448818897638 262.48818897637796 45.354330708661415 13.32283464566929 évolué
199.84251968503938 262.48818897637796 36.28346456692913 13.32283464566929 vers
222.51968503937007 262.48818897637796 27.212598425196852 13.32283464566929 la
231.59055118110237 262.48818897637796 45.354330708661415 13.32283464566929 création

36.0 273.25984251968504 43.37007874015748 10.771653543307087 d’une
64.91338582677166 273.25984251968504 77.10236220472441 10.771653543307087 architecture
127.55905511811024 273.25984251968504 33.732283464566926 10.771653543307087 qui
146.83464566929135 273.25984251968504 43.37007874015748 10.771653543307087 amène
175.748031496063 273.25984251968504 28.913385826771652 10.771653543307087 le
190.20472440944883 273.25984251968504 48.188976377952756 10.771653543307087 besoin
223.93700787401573 273.25984251968504 28.913385826771652 10.771653543307087 de
233.5748031496063 273.25984251968504 43.37007874015748 10.771653543307087 contact

36.0 281.1968503937008 43.93700787401575 12.188976377952756 entre
65.19685039370079 281.1968503937008 34.2992125984252 12.188976377952756 ces
84.75590551181102 281.1968503937008 39.118110236220474 12.188976377952756 deux
109.41732283464567 281.1968503937008 43.93700787401575 12.188976377952756 types
138.89763779527559 281.1968503937008 29.480314960629922 12.188976377952756 de
148.53543307086613 281.1968503937008 34.2992125984252 12.188976377952756 gens.

37.13385826771653 289.7007874015748 27.77952755905512 13.88976377952756 Il
51.023622047244096 289.7007874015748 36.8503937007874 13.88976377952756 nous
73.98425196850394 289.7007874015748 50.74015748031496 13.88976377952756 fallait
110.83464566929133 289.7007874015748 32.31496062992126 13.88976377952756 des
129.54330708661416 289.7007874015748 55.55905511811024 13.88976377952756 éléments
170.9291338582677 289.7007874015748 36.8503937007874 13.88976377952756 pour
194.17322834645668 289.7007874015748 32.31496062992126 13.88976377952756 nos
208.06299212598427 289.7007874015748 69.16535433070867 13.88976377952756 constructions

36.56692913385827 301.03937007874015 34.2992125984252 11.905511811023622 qui,
58.110236220472444 301.03937007874015 25.79527559055118 11.905511811023622 en
70.86614173228347 301.03937007874015 47.338582677165356 11.905511811023622 rapport
105.16535433070867 301.03937007874015 34.2992125984252 11.905511811023622 avec
126.70866141732283 301.03937007874015 25.79527559055118 11.905511811023622 le
139.748031496063 301.03937007874015 51.59055118110236 11.905511811023622 paysage,
178.29921259842519 301.03937007874015 34.2992125984252 11.905511811023622 avec
199.84251968503938 301.03937007874015 38.55118110236221 11.905511811023622 notre
221.38582677165354 301.03937007874015 55.84251968503937 11.905511811023622 aspiration,

36.28346456692913 308.9763779527559 37.13385826771653 13.039370078740157 nous
59.24409448818898 308.9763779527559 64.91338582677166 13.039370078740157 permettent
110.26771653543307 308.9763779527559 27.77952755905512 13.039370078740157 de
124.15748031496064 308.9763779527559 41.669291338582674 13.039370078740157 créer
151.93700787401573 308.9763779527559 27.77952755905512 13.039370078740157 de
165.82677165354332 308.9763779527559 64.91338582677166 13.039370078740157 nombreuses
216.8503937007874 308.9763779527559 60.09448818897638 13.039370078740157 solutions
258.5196850393701 308.9763779527559 18.4251968503937 13.039370078740157 de

35.43307086614173 318.0472440944882 75.68503937007874 11.338582677165354 dispositions
96.94488188976378 318.0472440944882 37.98425196850393 11.338582677165354 dans
120.75590551181102 318.0472440944882 28.346456692913385 11.338582677165354 un
134.9291338582677 318.0472440944882 37.98425196850393 11.338582677165354 site
153.92125984251967 318.0472440944882 37.98425196850393 11.338582677165354 donné.

36.8503937007874 327.68503937007875 29.480314960629922 14.456692913385826 Des
53.85826771653543 327.68503937007875 42.23622047244095 14.456692913385826 formes
83.33858267716535 327.68503937007875 33.732283464566926 14.456692913385826 très
104.5984251968504 327.68503937007875 50.74015748031496 14.456692913385826 ouvertes
142.58267716535434 327.68503937007875 29.480314960629922 14.456692913385826 sur
159.59055118110237 327.68503937007875 67.74803149606299 14.456692913385826 l’extérieur,
214.29921259842519 327.68503937007875 33.732283464566926 14.456692913385826 pour
231.30708661417322 327.68503937007875 46.488188976377955 14.456692913385826 certaines

36.28346456692913 338.1732283464567 49.039370078740156 11.338582677165354 parties
72.0 338.1732283464567 26.929133858267715 11.338582677165354 de
85.60629921259843 338.1732283464567 75.96850393700787 11.338582677165354 l’habitation,
147.96850393700788 338.1732283464567 53.574803149606296 11.338582677165354 seraient
188.2204724409449 338.1732283464567 62.645669291338585 11.338582677165354 favorables
237.25984251968504 338.1732283464567 31.181102362204726 11.338582677165354 aux
250.58267716535434 338.1732283464567 26.929133858267715 11.338582677165354 rap-

36.0 347.244094488189 40.818897637795274 11.05511811023622 ports
63.21259842519685 347.244094488189 36.28346456692913 11.05511811023622 avec
85.88976377952756 347.244094488189 27.212598425196852 11.05511811023622 la
99.77952755905511 347.244094488189 45.354330708661415 11.05511811023622 nature
131.5275590551181 347.244094488189 27.212598425196852 11.05511811023622 et
145.13385826771653 347.244094488189 27.212598425196852 11.05511811023622 au
158.74015748031496 347.244094488189 49.889763779527556 11.05511811023622 contact
195.0236220472441 347.244094488189 36.28346456692913 11.05511811023622 avec
217.98425196850394 347.244094488189 31.748031496062993 11.05511811023622 les
231.59055118110237 347.244094488189 45.354330708661415 11.05511811023622 voisins.

36.56692913385827 356.59842519685037 32.59842519685039 11.622047244094489 Les
54.99212598425197 356.59842519685037 51.023622047244096 11.622047244094489 besoins
92.1259842519685 356.59842519685037 27.77952755905512 11.622047244094489 de
106.01574803149606 356.59842519685037 41.95275590551181 11.622047244094489 notre
134.07874015748033 356.59842519685037 55.84251968503937 11.622047244094489 habitat,
175.748031496063 356.59842519685037 27.77952755905512 11.622047244094489 en
189.92125984251967 356.59842519685037 55.84251968503937 11.622047244094489 fonction
231.59055118110237 356.59842519685037 27.77952755905512 11.622047244094489 de
245.48031496062993 356.59842519685037 27.77952755905512 11.622047244094489 la
254.83464566929135 356.59842519685037 23.244094488188978 11.622047244094489 vie

35.1496062992126 366.8031496062992 27.496062992125985 12.188976377952756 de
48.75590551181102 366.8031496062992 45.63779527559055 12.188976377952756 chaque
80.78740157480316 366.8031496062992 59.52755905511811 12.188976377952756 individu,
126.70866141732283 366.8031496062992 36.56692913385827 12.188976377952756 nous
149.38582677165354 366.8031496062992 32.031496062992126 12.188976377952756 ont
167.81102362204723 366.8031496062992 45.63779527559055 12.188976377952756 obligé
199.84251968503938 366.8031496062992 22.96062992125984 12.188976377952756 à
208.91338582677164 366.8031496062992 41.10236220472441 12.188976377952756 faire
236.40944881889763 366.8031496062992 32.031496062992126 12.188976377952756 des
250.01574803149606 366.8031496062992 27.496062992125985 12.188976377952756 étu-

35.71653543307087 375.87401574803147 30.330708661417322 10.488188976377952 des
53.00787401574803 375.87401574803147 73.41732283464567 10.488188976377952 sculpturales,
113.38582677165354 375.87401574803147 56.125984251968504 10.488188976377952 inspirées
156.4724409448819 375.87401574803147 30.330708661417322 10.488188976377952 par
173.76377952755905 375.87401574803147 25.79527559055118 10.488188976377952 la
186.51968503937007 375.87401574803147 43.08661417322835 10.488188976377952 nature
216.8503937007874 375.87401574803147 25.79527559055118 10.488188976377952 et
225.35433070866142 375.87401574803147 51.874015748031496 10.488188976377952 contrôlées

35.71653543307087 385.2283464566929 46.488188976377955 10.204724409448819 ensuite
69.73228346456693 385.2283464566929 29.763779527559056 10.204724409448819 par
86.45669291338582 385.2283464566929 25.511811023622048 10.204724409448819 le
99.21259842519684 385.2283464566929 38.267716535433074 10.204724409448819 désir
124.7244094488189 385.2283464566929 25.511811023622048 10.204724409448819 de
137.48031496062993 385.2283464566929 59.24409448818898 10.204724409448819 satisfaire
183.96850393700788 385.2283464566929 29.763779527559056 10.204724409448819 les
200.9763779527559 385.2283464566929 46.488188976377955 10.204724409448819 données
234.99212598425197 385.2283464566929 25.511811023622048 10.204724409448819 du
243.21259842519686 385.2283464566929 34.01574803149607 10.204724409448819 sujet.

35.71653543307087 393.4488188976378 27.212598425196852 12.472440944881889 La
49.32283464566929 393.4488188976378 54.70866141732284 12.472440944881889 création
90.4251968503937 393.4488188976378 95.5275590551181 12.472440944881889 d’éléments-coque,
172.3464566929134 393.4488188976378 68.31496062992126 12.472440944881889 structuraux
222.23622047244095 393.4488188976378 54.70866141732284 12.472440944881889 également,

35.71653543307087 403.93700787401576 45.07086614173228 10.771653543307087 pourra
67.18110236220473 403.93700787401576 36.0 10.771653543307087 nous
89.5748031496063 403.93700787401576 45.07086614173228 10.771653543307087 amener
121.03937007874016 403.93700787401576 36.0 10.771653543307087 vers
143.71653543307087 403.93700787401576 80.78740157480316 10.771653543307087 l’architecture
206.36220472440945 403.93700787401576 45.07086614173228 10.771653543307087 désirée.

29.19685039370079 418.1102362204724 71.43307086614173 14.740157480314961 Responsable:

36.0 430.5826771653543 52.44094488188976 16.724409448818896 Roland
76.25196850393701 430.5826771653543 56.40944881889764 16.724409448818896 HOURS
120.4724409448819 430.5826771653543 24.094488188976378 16.724409448818896 né
132.66141732283464 430.5826771653543 24.094488188976378 16.724409448818896 en
144.8503937007874 430.5826771653543 32.31496062992126 16.724409448818896 1947
164.9763779527559 430.5826771653543 20.125984251968504 16.724409448818896 à
172.91338582677164 430.5826771653543 44.22047244094488 16.724409448818896 Joyeuse
205.22834645669292 430.5826771653543 52.44094488188976 16.724409448818896 (France).
241.51181102362204 430.5826771653543 36.28346456692913 16.724409448818896 Recher-

34.58267716535433 441.07086614173227 33.732283464566926 15.307086614173228 che
49.039370078740156 441.07086614173227 43.37007874015748 15.307086614173228 design.

35.71653543307087 454.3937007874016 53.29133858267716 19.275590551181104 Robert
76.53543307086615 454.3937007874016 53.29133858267716 19.275590551181104 ROUX
117.63779527559055 454.3937007874016 24.661417322834644 19.275590551181104 né
130.11023622047244 454.3937007874016 24.661417322834644 19.275590551181104 en
142.29921259842519 454.3937007874016 32.881889763779526 19.275590551181104 1947
162.70866141732284 454.3937007874016 20.409448818897637 19.275590551181104 à
170.9291338582677 454.3937007874016 45.07086614173228 19.275590551181104 Aubenas
203.81102362204723 454.3937007874016 53.29133858267716 19.275590551181104 (France).
240.9448818897638 454.3937007874016 36.8503937007874 19.275590551181104 Recher-

33.732283464566926 467.43307086614175 32.881889763779526 14.456692913385826 che
47.62204724409449 467.43307086614175 56.125984251968504 14.456692913385826 sculpture.

35.1496062992126 483.3070866141732 52.724409448818896 12.755905511811024 Gilles
75.4015748031496 483.3070866141732 68.88188976377953 12.755905511811024 THEVENIN
132.09448818897638 483.3070866141732 24.37795275590551 12.755905511811024 né
144.28346456692913 483.3070866141732 24.37795275590551 12.755905511811024 en
156.4724409448819 483.3070866141732 32.31496062992126 12.755905511811024 1947
176.5984251968504 483.3070866141732 20.125984251968504 12.755905511811024 à
184.8188976377953 483.3070866141732 36.28346456692913 12.755905511811024 Givry
208.91338582677164 483.3070866141732 52.724409448818896 12.755905511811024 (France).
245.48031496062993 483.3070866141732 32.31496062992126 12.755905511811024 Archi

29.763779527559056 493.51181102362204 43.93700787401575 12.188976377952756 tecture.

95.81102362204724 530.0787401574803 102.33070866141732 17.5748031496063 SCENOGRAPHIE

20.69291338582677 554.1732283464567 36.8503937007874 13.606299212598426 64
45.07086614173228 554.1732283464567 81.63779527559055 13.606299212598426 L’ENTONNOIR
114.51968503937007 554.1732283464567 24.37795275590551 13.606299212598426 de
126.70866141732283 554.1732283464567 61.22834645669291 13.606299212598426 Jean-Pierre
171.7795275590551 554.1732283464567 40.818897637795274 13.606299212598426 Sentier.

27.77952755905512 571.4645669291339 70.58267716535433 13.606299212598426 Responsable:

33.732283464566926 584.2204724409448 69.16535433070867 14.740157480314961 Jean-Pierre
90.70866141732283 584.2204724409448 65.19685039370079 14.740157480314961 SENTIER
143.43307086614172 584.2204724409448 24.37795275590551 14.740157480314961 né
155.6220472440945 584.2204724409448 24.37795275590551 14.740157480314961 en
167.81102362204723 584.2204724409448 32.59842519685039 14.740157480314961 1940
188.2204724409449 584.2204724409448 20.409448818897637 14.740157480314961 à
196.44094488188978 584.2204724409448 53.00787401574803 14.740157480314961 Beaugency
233.00787401574803 584.2204724409448 44.78740157480315 14.740157480314961 (France).

33.16535433070866 598.9606299212599 69.44881889763779 14.456692913385826 Jean-Pierre
90.14173228346456 598.9606299212599 73.41732283464567 14.456692913385826 WALLERAND
151.37007874015748 598.9606299212599 24.37795275590551 14.456692913385826 né
163.84251968503938 598.9606299212599 24.37795275590551 14.456692913385826 en
176.03149606299212 598.9606299212599 32.59842519685039 14.456692913385826 1939
196.44094488188978 598.9606299212599 20.409448818897637 14.456692913385826 à
204.66141732283464 598.9606299212599 44.78740157480315 14.456692913385826 Essonne
233.29133858267716 598.9606299212599 44.78740157480315 14.456692913385826 (France).

33.732283464566926 613.9842519685039 56.125984251968504 15.874015748031496 Claude
76.81889763779527 613.9842519685039 68.88188976377953 15.874015748031496 PASQUER
132.66141732283464 613.9842519685039 25.79527559055118 15.874015748031496 né
145.70078740157481 613.9842519685039 25.79527559055118 15.874015748031496 en
158.45669291338584 613.9842519685039 34.58267716535433 15.874015748031496 1937
180.0 613.9842519685039 25.79527559055118 15.874015748031496 au
193.03937007874015 613.9842519685039 34.58267716535433 15.874015748031496 Mans
210.33070866141733 613.9842519685039 47.338582677165356 15.874015748031496 (France).

13.606299212598426 639.7795275590552 26.078740157480315 13.606299212598426 164
