302.1732283464567 669.2598425196851
195.59055118110237 11.622047244094489 81.35433070866142 21.826771653543307 <b>ESPAGNE</b>

42.23622047244095 123.30708661417323 70.86614173228347 24.37795275590551 Commissaire
98.92913385826772 123.30708661417323 51.874015748031496 24.37795275590551 général
136.91338582677164 123.30708661417323 23.52755905511811 24.37795275590551 :
146.26771653543307 123.30708661417323 70.86614173228347 24.37795275590551 <b>Ceferino
198.14173228346456 123.30708661417323 56.69291338582677 24.37795275590551 Moreno</b>

32.031496062992126 148.251968503937 54.70866141732284 24.661417322834644 Depuis
70.2992125984252 148.251968503937 60.37795275590551 24.661417322834644 quelque
114.23622047244095 148.251968503937 54.70866141732284 24.661417322834644 temps,
152.50393700787401 148.251968503937 109.7007874015748 24.661417322834644 l’individualisme
240.3779527559055 148.251968503937 32.881889763779526 24.661417322834644 exa-

18.708661417322833 158.17322834645668 49.039370078740156 26.64566929133858 cerbé,
53.00787401574803 158.17322834645668 29.480314960629922 26.64566929133858 si
67.74803149606299 158.17322834645668 93.25984251968504 26.64566929133858 caractéristique
146.26771653543307 158.17322834645668 29.480314960629922 26.64566929133858 de
161.00787401574803 158.17322834645668 58.960629921259844 26.64566929133858 l’esprit
205.22834645669292 158.17322834645668 63.77952755905512 26.64566929133858 espagnol,
249.16535433070865 158.17322834645668 24.661417322834644 26.64566929133858 est

18.4251968503937 174.33070866141733 32.031496062992126 23.244094488188978 en
34.58267716535433 174.33070866141733 47.90551181102362 23.244094488188978 train
66.33070866141732 174.33070866141733 32.031496062992126 23.244094488188978 de
82.20472440944881 174.33070866141733 79.65354330708661 23.244094488188978 disparaître
146.26771653543307 174.33070866141733 95.81102362204724 23.244094488188978 graduellement,
225.92125984251967 174.33070866141733 26.64566929133858 23.244094488188978 à
231.30708661417322 174.33070866141733 42.51968503937008 23.244094488188978 mesure

18.708661417322833 184.8188976377953 36.56692913385827 24.944881889763778 que
39.40157480314961 184.8188976377953 36.56692913385827 24.944881889763778 les
60.37795275590551 184.8188976377953 62.645669291338585 24.944881889763778 artistes
107.14960629921259 184.8188976377953 62.645669291338585 24.944881889763778 prennent
154.20472440944883 184.8188976377953 73.13385826771653 24.944881889763778 conscience
211.46456692913387 184.8188976377953 36.56692913385827 24.944881889763778 des
227.0551181102362 184.8188976377953 47.05511811023622 24.944881889763778 besoins

18.992125984251967 197.85826771653544 30.614173228346456 21.826771653543307 de
34.2992125984252 197.85826771653544 30.614173228346456 21.826771653543307 la
49.60629921259842 197.85826771653544 56.125984251968504 21.826771653543307 société
90.4251968503937 197.85826771653544 91.84251968503936 21.826771653543307 contemporaine.
167.24409448818898 197.85826771653544 30.614173228346456 21.826771653543307 En
182.5511811023622 197.85826771653544 76.53543307086615 21.826771653543307 travaillant
243.7795275590551 197.85826771653544 25.511811023622048 21.826771653543307 à
248.88188976377953 197.85826771653544 25.511811023622048 21.826771653543307 une

18.992125984251967 212.31496062992127 45.92125984251968 20.976377952755904 tâche
49.60629921259842 212.31496062992127 76.53543307086615 20.976377952755904 collective,
110.83464566929133 212.31496062992127 35.71653543307087 20.976377952755904 ils
131.24409448818898 212.31496062992127 30.614173228346456 20.976377952755904 se
146.5511811023622 212.31496062992127 61.22834645669291 20.976377952755904 dirigent
192.75590551181102 212.31496062992127 40.818897637795274 20.976377952755904 vers
218.26771653543307 212.31496062992127 30.614173228346456 20.976377952755904 un
233.5748031496063 212.31496062992127 35.71653543307087 20.976377952755904 art
248.88188976377953 212.31496062992127 25.511811023622048 20.976377952755904 in

15.307086614173228 230.74015748031496 37.41732283464567 14.173228346456693 tégré.

33.16535433070866 232.7244094488189 57.826771653543304 22.96062992125984 Ainsi,
73.41732283464567 232.7244094488189 92.40944881889764 22.96062992125984 l’importance
148.53543307086613 232.7244094488189 69.16535433070867 22.96062992125984 accordée
200.40944881889763 232.7244094488189 40.53543307086614 22.96062992125984 aux
217.70078740157481 232.7244094488189 57.826771653543304 22.96062992125984 éléments

20.125984251968504 244.62992125984252 80.50393700787401 21.826771653543307 constructifs
85.60629921259843 244.62992125984252 30.04724409448819 21.826771653543307 et
100.62992125984252 244.62992125984252 70.2992125984252 21.826771653543307 modulaires
155.90551181102362 244.62992125984252 40.25196850393701 21.826771653543307 dans
180.8503937007874 244.62992125984252 30.04724409448819 21.826771653543307 la
195.8740157480315 244.62992125984252 65.19685039370079 21.826771653543307 sélection
241.22834645669292 244.62992125984252 35.1496062992126 21.826771653543307 espa-

20.409448818897637 257.1023622047244 46.20472440944882 23.52755905511811 gnole
51.023622047244096 257.1023622047244 25.511811023622048 23.52755905511811 à
61.22834645669291 257.1023622047244 30.614173228346456 23.52755905511811 la
76.81889763779527 257.1023622047244 61.511811023622045 23.52755905511811 Biennale
122.74015748031496 257.1023622047244 30.614173228346456 23.52755905511811 de
138.04724409448818 257.1023622047244 46.20472440944882 23.52755905511811 Paris
168.9448818897638 257.1023622047244 35.71653543307087 23.52755905511811 est
189.35433070866142 257.1023622047244 87.02362204724409 23.52755905511811 significative
255.96850393700788 257.1023622047244 20.409448818897637 23.52755905511811 de

20.976377952755904 268.4409448818898 45.07086614173228 21.543307086614174 cette
51.023622047244096 268.4409448818898 54.99212598425197 21.543307086614174 volonté
91.2755905511811 268.4409448818898 30.04724409448819 21.543307086614174 de
106.2992125984252 268.4409448818898 85.03937007874016 21.543307086614174 collaboration
176.31496062992127 268.4409448818898 45.07086614173228 21.543307086614174 entre
206.36220472440945 268.4409448818898 35.1496062992126 21.543307086614174 des
221.38582677165354 268.4409448818898 54.99212598425197 21.543307086614174 créateurs

20.976377952755904 281.1968503937008 30.04724409448819 22.677165354330707 de
36.0 281.1968503937008 70.2992125984252 22.677165354330707 discipline
91.55905511811024 281.1968503937008 75.4015748031496 22.677165354330707 différente.
151.93700787401573 281.1968503937008 35.1496062992126 22.677165354330707 Les
171.7795275590551 281.1968503937008 80.50393700787401 22.677165354330707 compositions
237.25984251968504 281.1968503937008 30.04724409448819 22.677165354330707 en
247.46456692913387 281.1968503937008 30.04724409448819 22.677165354330707 bois

21.25984251968504 294.23622047244095 51.30708661417323 20.409448818897637 peint
55.275590551181104 294.23622047244095 34.01574803149607 20.409448818897637 et
72.56692913385827 294.23622047244095 34.01574803149607 20.409448818897637 en
89.5748031496063 294.23622047244095 51.30708661417323 20.409448818897637 acier
123.59055118110236 294.23622047244095 34.01574803149607 20.409448818897637 de
140.5984251968504 294.23622047244095 96.66141732283465 20.409448818897637 Garcia-Ramos,
220.251968503937 294.23622047244095 56.976377952755904 20.409448818897637 celles
254.5511811023622 294.23622047244095 22.677165354330707 20.409448818897637 de

22.393700787401574 306.70866141732284 66.33070866141732 19.275590551181104 Feliciano
73.41732283464567 306.70866141732284 30.614173228346456 19.275590551181104 et
88.7244094488189 306.70866141732284 30.614173228346456 19.275590551181104 la
104.03149606299213 306.70866141732284 66.33070866141732 19.275590551181104 réduction
155.33858267716536 306.70866141732284 30.614173228346456 19.275590551181104 de
170.64566929133858 306.70866141732284 56.125984251968504 19.275590551181104 l’homme
211.46456692913387 306.70866141732284 61.22834645669291 19.275590551181104 réalisée
252.28346456692913 306.70866141732284 25.511811023622048 19.275590551181104 par

21.826771653543307 318.61417322834643 66.89763779527559 20.409448818897637 Alexanco,
73.13385826771653 318.61417322834643 66.89763779527559 20.409448818897637 répondent
124.44094488188976 318.61417322834643 25.79527559055118 20.409448818897637 à
134.9291338582677 318.61417322834643 30.89763779527559 20.409448818897637 ce
150.23622047244095 318.61417322834643 46.20472440944882 20.409448818897637 désir
181.13385826771653 318.61417322834643 56.40944881889764 20.409448818897637 général
217.13385826771653 318.61417322834643 61.511811023622045 20.409448818897637 d’utiliser

22.96062992125984 333.07086614173227 31.181102362204726 15.307086614173228 un
38.55118110236221 333.07086614173227 57.25984251968504 15.307086614173228 langage
80.22047244094489 333.07086614173227 72.85039370078741 15.307086614173228 accessible
137.48031496062993 333.07086614173227 26.078740157480315 15.307086614173228 à
142.58267716535434 333.07086614173227 36.56692913385827 15.307086614173228 tous.

37.41732283464567 340.7244094488189 38.55118110236221 18.708661417322833 Les
59.24409448818898 340.7244094488189 49.60629921259842 18.708661417322833 mêmes
92.40944881889764 340.7244094488189 98.92913385826772 18.708661417322833 préoccupations
174.61417322834646 340.7244094488189 32.881889763779526 18.708661417322833 se
191.33858267716536 340.7244094488189 77.10236220472441 18.708661417322833 retrouvent
246.33070866141733 340.7244094488189 32.881889763779526 18.708661417322833 dans

22.677165354330707 353.1968503937008 34.86614173228347 18.708661417322833 la
40.25196850393701 353.1968503937008 70.01574803149606 18.708661417322833 musique,
92.69291338582677 353.1968503937008 75.96850393700787 18.708661417322833 notamment
151.08661417322836 353.1968503937008 46.77165354330709 18.708661417322833 dans
180.28346456692913 353.1968503937008 64.06299212598425 18.708661417322833 l’œuvre
221.10236220472441 353.1968503937008 58.39370078740158 18.708661417322833 d’Arturo

22.393700787401574 365.38582677165357 58.67716535433071 17.291338582677167 Tamayo
63.496062992125985 365.38582677165357 35.1496062992126 17.291338582677167 et
81.07086614173228 365.38582677165357 99.49606299212599 17.291338582677167 partiellement
162.99212598425197 365.38582677165357 46.77165354330709 17.291338582677167 dans
192.18897637795277 365.38582677165357 52.724409448818896 17.291338582677167 celle
227.33858267716536 365.38582677165357 35.1496062992126 17.291338582677167 de
238.96062992125985 365.38582677165357 41.10236220472441 17.291338582677167 Tomas

19.559055118110237 383.5275590551181 42.23622047244095 12.755905511811024 Marco.

39.40157480314961 390.0472440944882 30.89763779527559 16.724409448818896 Il
54.70866141732284 390.0472440944882 46.20472440944882 16.724409448818896 n’est
85.60629921259843 390.0472440944882 36.0 16.724409448818896 pas
106.2992125984252 390.0472440944882 72.0 16.724409448818896 nécessaire
162.70866141732284 390.0472440944882 30.89763779527559 16.724409448818896 de
178.01574803149606 390.0472440944882 66.89763779527559 16.724409448818896 souligner
229.60629921259843 390.0472440944882 30.89763779527559 16.724409448818896 le
239.81102362204723 390.0472440944882 41.10236220472441 16.724409448818896 carac-

24.661417322834644 399.68503937007875 39.40157480314961 18.708661417322833 tère
49.32283464566929 399.68503937007875 64.06299212598425 18.708661417322833 collectif
98.64566929133858 399.68503937007875 29.480314960629922 18.708661417322833 de
113.38582677165354 399.68503937007875 93.8267716535433 18.708661417322833 l’architecture,
192.4724409448819 399.68503937007875 44.503937007874015 18.708661417322833 ainsi
221.95275590551182 399.68503937007875 34.58267716535433 18.708661417322833 que
241.79527559055117 399.68503937007875 29.480314960629922 18.708661417322833 le
251.71653543307087 399.68503937007875 29.480314960629922 18.708661417322833 rap-

24.944881889763778 412.4409448818898 57.54330708661417 20.976377952755904 pellent
66.61417322834646 412.4409448818898 36.56692913385827 20.976377952755904 les
87.59055118110236 412.4409448818898 57.54330708661417 20.976377952755904 groupes
129.54330708661416 412.4409448818898 57.54330708661417 20.976377952755904 dirigés
171.21259842519686 412.4409448818898 36.56692913385827 20.976377952755904 par
192.18897637795277 412.4409448818898 47.05511811023622 20.976377952755904 Segui
223.6535433070866 412.4409448818898 31.46456692913386 20.976377952755904 de
239.24409448818898 412.4409448818898 31.46456692913386 20.976377952755904 la
249.73228346456693 412.4409448818898 31.46456692913386 20.976377952755904 Riva

25.228346456692915 425.1968503937008 32.881889763779526 17.5748031496063 et
41.669291338582674 425.1968503937008 32.881889763779526 17.5748031496063 De
57.826771653543304 425.1968503937008 49.039370078740156 17.5748031496063 Prada
90.70866141732283 425.1968503937008 54.70866141732284 17.5748031496063 Poole,
128.9763779527559 425.1968503937008 38.267716535433074 17.5748031496063 qui
150.8031496062992 425.1968503937008 65.48031496062993 17.5748031496063 abordent
199.84251968503938 425.1968503937008 38.267716535433074 17.5748031496063 les
216.28346456692913 425.1968503937008 65.48031496062993 17.5748031496063 différents

24.944881889763778 439.0866141732283 62.07874015748032 15.874015748031496 aspects
70.01574803149606 439.0866141732283 45.07086614173228 15.874015748031496 d’un
98.36220472440945 439.0866141732283 45.07086614173228 15.874015748031496 même
121.03937007874016 439.0866141732283 62.07874015748032 15.874015748031496 problème.

39.68503937007874 448.7244094488189 83.05511811023622 17.007874015748033 Aujourd’hui,
106.86614173228347 448.7244094488189 36.28346456692913 17.007874015748033 les
127.84251968503936 448.7244094488189 62.07874015748032 17.007874015748033 artistes
174.33070866141733 448.7244094488189 67.46456692913385 17.007874015748033 espagnols
221.10236220472441 448.7244094488189 62.07874015748032 17.007874015748033 projettent

26.64566929133858 460.62992125984255 46.20472440944882 16.440944881889763 leurs
57.54330708661417 460.62992125984255 51.30708661417323 16.440944881889763 œuvres
93.25984251968504 460.62992125984255 30.89763779527559 16.440944881889763 en
108.85039370078741 460.62992125984255 61.511811023622045 16.440944881889763 fonction
154.77165354330708 460.62992125984255 30.89763779527559 16.440944881889763 de
170.36220472440945 460.62992125984255 92.40944881889764 16.440944881889763 l’architecture
247.1811023622047 460.62992125984255 30.89763779527559 16.440944881889763 et
257.38582677165357 460.62992125984255 25.79527559055118 16.440944881889763 les

26.929133858267715 471.9685039370079 66.89763779527559 17.291338582677167 intègrent
78.23622047244095 471.9685039370079 41.10236220472441 17.291338582677167 dans
104.03149606299213 471.9685039370079 30.89763779527559 17.291338582677167 de
119.33858267716535 471.9685039370079 56.69291338582677 17.291338582677167 grandes
160.7244094488189 471.9685039370079 82.20472440944881 17.291338582677167 réalisations
222.23622047244095 471.9685039370079 61.79527559055118 17.291338582677167 urbanisti-

26.362204724409448 485.5748031496063 48.188976377952756 16.440944881889763 ques.
58.67716535433071 485.5748031496063 37.41732283464567 16.440944881889763 Ils
79.93700787401575 485.5748031496063 53.574803149606296 16.440944881889763 créent
117.63779527559055 485.5748031496063 42.803149606299215 16.440944881889763 pour
144.28346456692913 485.5748031496063 58.960629921259844 16.440944881889763 l’homme
187.37007874015748 485.5748031496063 64.34645669291339 16.440944881889763 concret,
235.55905511811022 485.5748031496063 32.031496062992126 16.440944881889763 un
246.33070866141733 485.5748031496063 37.41732283464567 16.440944881889763 homme

26.362204724409448 496.62992125984255 55.84251968503937 15.307086614173228 social
65.48031496062993 496.62992125984255 39.118110236220474 15.307086614173228 qui
87.8740157480315 496.62992125984255 39.118110236220474 15.307086614173228 vit
110.26771653543307 496.62992125984255 33.44881889763779 15.307086614173228 et
126.99212598425197 496.62992125984255 33.44881889763779 15.307086614173228 se
144.0 496.62992125984255 72.85039370078741 15.307086614173228 développe
199.84251968503938 496.62992125984255 44.78740157480315 15.307086614173228 dans
227.90551181102362 496.62992125984255 33.44881889763779 15.307086614173228 un
238.96062992125985 496.62992125984255 44.78740157480315 15.307086614173228 milieu

22.677165354330707 511.65354330708664 61.22834645669291 15.023622047244094 déterminé.

191.90551181102362 614.8346456692914 67.46456692913385 17.007874015748033 Ceferino
236.9763779527559 614.8346456692914 50.45669291338583 17.007874015748033 Moreno.

265.6062992125984 641.7637795275591 23.811023622047244 13.88976377952756 53
