301.03937007874015 669.2598425196851
0.0 24.094488188976378 48.188976377952756 18.141732283464567 <b>INDE</b>

49.32283464566929 131.5275590551181 72.85039370078741 15.307086614173228 Commissaire
107.71653543307086 131.5275590551181 53.574803149606296 15.307086614173228 général
146.5511811023622 131.5275590551181 24.37795275590551 15.307086614173228 :
156.18897637795277 131.5275590551181 43.653543307086615 15.307086614173228 <b>E.
185.38582677165354 131.5275590551181 53.574803149606296 15.307086614173228 Pouchpa
219.4015748031496 131.5275590551181 43.653543307086615 15.307086614173228 Das</b>

49.60629921259842 147.4015748031496 45.63779527559055 14.456692913385826 Attaché
82.77165354330708 147.4015748031496 49.889763779527556 14.456692913385826 Culturel
120.18897637795276 147.4015748031496 33.16535433070866 14.456692913385826 près
140.88188976377953 147.4015748031496 62.36220472440945 14.456692913385826 l’Ambassade
190.77165354330708 147.4015748031496 24.944881889763778 14.456692913385826 de
203.24409448818898 147.4015748031496 41.38582677165354 14.456692913385826 l’Inde
232.15748031496062 147.4015748031496 20.69291338582677 14.456692913385826 à
236.40944881889763 147.4015748031496 33.16535433070866 14.456692913385826 Paris.

37.98425196850393 184.53543307086613 35.1496062992126 16.440944881889763 Les
58.110236220472444 184.53543307086613 50.45669291338583 16.440944881889763 jeunes
93.54330708661418 184.53543307086613 60.37795275590551 16.440944881889763 artistes
138.61417322834646 184.53543307086613 30.330708661417322 16.440944881889763 de
153.92125984251967 184.53543307086613 50.45669291338583 16.440944881889763 l’Inde
189.0708661417323 184.53543307086613 40.25196850393701 16.440944881889763 sont
209.1968503937008 184.53543307086613 60.37795275590551 16.440944881889763 maintenant

21.543307086614174 197.85826771653544 30.89763779527559 14.456692913385826 en
36.8503937007874 197.85826771653544 51.59055118110236 14.456692913385826 mesure
73.13385826771653 197.85826771653544 30.89763779527559 14.456692913385826 de
88.7244094488189 197.85826771653544 46.488188976377955 14.456692913385826 faire
119.62204724409449 197.85826771653544 51.59055118110236 14.456692913385826 preuve
155.90551181102362 197.85826771653544 25.79527559055118 14.456692913385826 à
166.11023622047244 197.85826771653544 30.89763779527559 14.456692913385826 la
181.70078740157481 197.85826771653544 41.38582677165354 14.456692913385826 fois
202.39370078740157 197.85826771653544 67.18110236220473 14.456692913385826 d’assurance

20.69291338582677 209.1968503937008 33.16535433070866 15.307086614173228 et
37.41732283464567 209.1968503937008 105.16535433070867 15.307086614173228 d’indépendance.
125.85826771653544 209.1968503937008 33.16535433070866 15.307086614173228 On
142.58267716535434 209.1968503937008 44.22047244094488 15.307086614173228 voit
170.36220472440945 209.1968503937008 44.22047244094488 15.307086614173228 dans
197.85826771653544 209.1968503937008 49.889763779527556 15.307086614173228 leurs
225.63779527559055 209.1968503937008 44.22047244094488 15.307086614173228 œuvres

21.25984251968504 222.51968503937007 36.8503937007874 13.039370078740157 que
42.51968503937008 222.51968503937007 47.338582677165356 13.039370078740157 l’art
73.98425196850394 222.51968503937007 36.8503937007874 13.039370078740157 est
95.24409448818898 222.51968503937007 42.23622047244095 13.039370078740157 pour
121.60629921259843 222.51968503937007 36.8503937007874 13.039370078740157 eux
142.58267716535434 222.51968503937007 31.748031496062993 13.039370078740157 et
158.45669291338584 222.51968503937007 47.338582677165356 13.039370078740157 avant
189.92125984251967 222.51968503937007 47.338582677165356 13.039370078740157 tout,
221.66929133858267 222.51968503937007 31.748031496062993 13.039370078740157 un
232.15748031496062 222.51968503937007 36.8503937007874 13.039370078740157 moyen

21.25984251968504 233.00787401574803 81.07086614173228 14.173228346456693 d’expression
87.30708661417323 233.00787401574803 75.96850393700787 14.173228346456693 individuel.
148.251968503937 233.00787401574803 55.84251968503937 14.173228346456693 Certes,
188.78740157480314 233.00787401574803 35.43307086614173 14.173228346456693 ils
203.81102362204723 233.00787401574803 66.04724409448819 14.173228346456693 recherchent

21.25984251968504 244.3464566929134 60.94488188976378 14.740157480314961 beaucoup
66.89763779527559 244.3464566929134 86.1732283464567 14.740157480314961 l’originalité
137.76377952755905 244.3464566929134 40.53543307086614 14.740157480314961 mais
163.2755905511811 244.3464566929134 30.330708661417322 14.740157480314961 en
178.29921259842519 244.3464566929134 55.84251968503937 14.740157480314961 évitant
218.83464566929135 244.3464566929134 35.43307086614173 14.740157480314961 les
234.14173228346456 244.3464566929134 35.43307086614173 14.740157480314961 arti-

20.976377952755904 255.4015748031496 50.74015748031496 16.15748031496063 fices.
56.40944881889764 255.4015748031496 35.43307086614173 16.15748031496063 Ils
76.81889763779527 255.4015748031496 66.04724409448819 16.15748031496063 utilisent
127.55905511811024 255.4015748031496 30.330708661417322 16.15748031496063 au
142.86614173228347 255.4015748031496 66.04724409448819 16.15748031496063 contraire
193.60629921259843 255.4015748031496 35.43307086614173 16.15748031496063 les
213.73228346456693 255.4015748031496 50.74015748031496 16.15748031496063 moyens
244.3464566929134 255.4015748031496 25.228346456692915 16.15748031496063 les

21.25984251968504 267.87401574803147 41.38582677165354 13.88976377952756 plus
47.05511811023622 267.87401574803147 72.56692913385827 13.88976377952756 classiques
104.03149606299213 267.87401574803147 41.38582677165354 13.88976377952756 mais
130.11023622047244 267.87401574803147 46.488188976377955 13.88976377952756 d’une
161.00787401574803 267.87401574803147 56.976377952755904 13.88976377952756 manière
202.39370078740157 267.87401574803147 41.38582677165354 13.88976377952756 très
223.37007874015748 267.87401574803147 46.488188976377955 13.88976377952756 person-

21.543307086614174 280.9133858267717 52.724409448818896 13.32283464566929 nelle.
58.67716535433071 280.9133858267717 42.23622047244095 13.32283464566929 S’il
85.03937007874016 280.9133858267717 36.8503937007874 13.32283464566929 est
106.01574803149606 280.9133858267717 68.5984251968504 13.32283464566929 difficile
159.0236220472441 280.9133858267717 31.748031496062993 13.32283464566929 de
174.89763779527559 280.9133858267717 52.724409448818896 13.32283464566929 parler
211.748031496063 280.9133858267717 31.748031496062993 13.32283464566929 de
227.6220472440945 280.9133858267717 36.8503937007874 13.32283464566929 cet
243.49606299212599 280.9133858267717 26.362204724409448 13.32283464566929 art

21.543307086614174 293.1023622047244 60.94488188976378 15.023622047244094 moderne,
67.18110236220473 293.1023622047244 35.43307086614173 15.023622047244094 qui
87.59055118110236 293.1023622047244 35.43307086614173 15.023622047244094 est
107.71653543307086 293.1023622047244 40.53543307086614 15.023622047244094 très
133.22834645669292 293.1023622047244 75.96850393700787 15.023622047244094 diversifié,
194.17322834645668 293.1023622047244 30.330708661417322 15.023622047244094 je
209.1968503937008 293.1023622047244 50.74015748031496 15.023622047244094 pense,
239.81102362204723 293.1023622047244 30.330708661417322 15.023622047244094 tou-

20.976377952755904 303.87401574803147 58.110236220472444 14.456692913385826 tefois,
63.496062992125985 303.87401574803147 37.13385826771653 14.456692913385826 que
84.4724409448819 303.87401574803147 42.23622047244095 14.456692913385826 l’on
110.83464566929133 303.87401574803147 42.23622047244095 14.456692913385826 peut
137.48031496062993 303.87401574803147 47.62204724409449 14.456692913385826 faire
169.22834645669292 303.87401574803147 37.13385826771653 14.456692913385826 les
190.20472440944883 303.87401574803147 68.5984251968504 14.456692913385826 remarques
237.82677165354332 303.87401574803147 31.748031496062993 14.456692913385826 sui

15.590551181102363 315.21259842519686 46.77165354330709 13.32283464566929 vantes.

36.56692913385827 327.9685039370079 30.614173228346456 13.606299212598426 On
51.874015748031496 327.9685039370079 60.94488188976378 13.606299212598426 constate
97.51181102362204 327.9685039370079 55.84251968503937 13.606299212598426 d’abord
138.33070866141733 327.9685039370079 81.35433070866142 13.606299212598426 l’apparition
204.3779527559055 327.9685039370079 40.53543307086614 13.606299212598426 d’un
224.78740157480314 327.9685039370079 45.63779527559055 13.606299212598426 élément

21.25984251968504 341.8582677165354 60.94488188976378 13.039370078740157 nouveau,
66.89763779527559 341.8582677165354 45.63779527559055 13.039370078740157 celui
97.51181102362204 341.8582677165354 30.330708661417322 13.039370078740157 de
112.53543307086615 341.8582677165354 66.04724409448819 13.039370078740157 l’espace,
163.2755905511811 341.8582677165354 45.63779527559055 13.039370078740157 conçu
193.88976377952756 341.8582677165354 30.330708661417322 13.039370078740157 de
203.81102362204723 341.8582677165354 66.04724409448819 13.039370078740157 différentes

21.25984251968504 352.06299212598424 66.04724409448819 13.32283464566929 manières.
72.0 352.06299212598424 30.614173228346456 13.32283464566929 La
87.30708661417323 352.06299212598424 45.63779527559055 13.32283464566929 toile
117.63779527559055 352.06299212598424 35.43307086614173 13.32283464566929 est
138.04724409448818 352.06299212598424 55.84251968503937 13.32283464566929 traitée
178.86614173228347 352.06299212598424 45.63779527559055 13.32283464566929 comme
209.1968503937008 352.06299212598424 35.43307086614173 13.32283464566929 une
224.50393700787401 352.06299212598424 45.63779527559055 13.32283464566929 surface

20.69291338582677 362.8346456692913 51.874015748031496 14.456692913385826 plane,
56.976377952755904 362.8346456692913 41.669291338582674 14.456692913385826 mais
83.05511811023622 362.8346456692913 36.28346456692913 14.456692913385826 les
103.74803149606299 362.8346456692913 62.36220472440945 14.456692913385826 couleurs
150.51968503937007 362.8346456692913 72.85039370078741 14.456692913385826 lumineuses
207.7795275590551 362.8346456692913 36.28346456692913 14.456692913385826 lui
223.37007874015748 362.8346456692913 46.77165354330709 14.456692913385826 donnent

20.409448818897637 375.59055118110234 32.59842519685039 14.456692913385826 de
36.56692913385827 375.59055118110234 32.59842519685039 14.456692913385826 la
53.00787401574803 375.59055118110234 75.96850393700787 14.456692913385826 profondeur
112.53543307086615 375.59055118110234 32.59842519685039 14.456692913385826 et
128.9763779527559 375.59055118110234 43.37007874015748 14.456692913385826 font
155.90551181102362 375.59055118110234 54.14173228346457 14.456692913385826 naître
193.88976377952756 375.59055118110234 37.98425196850393 14.456692913385826 une
210.33070866141733 375.59055118110234 59.52755905511811 14.456692913385826 ambiance.

20.69291338582677 387.21259842519686 33.16535433070866 16.440944881889763 La
37.41732283464567 387.21259842519686 60.94488188976378 16.440944881889763 palette
81.63779527559055 387.21259842519686 33.16535433070866 16.440944881889763 se
98.36220472440945 387.21259842519686 55.275590551181104 16.440944881889763 limite
137.1968503937008 387.21259842519686 88.7244094488189 16.440944881889763 généralement
209.1968503937008 387.21259842519686 27.77952755905512 16.440944881889763 à
214.86614173228347 387.21259842519686 55.275590551181104 16.440944881889763 quelques

20.125984251968504 400.53543307086613 66.33070866141732 11.622047244094489 couleurs,
71.14960629921259 400.53543307086613 45.92125984251968 11.622047244094489 cette
101.76377952755905 400.53543307086613 71.43307086614173 11.622047244094489 limitation
157.60629921259843 400.53543307086613 45.92125984251968 11.622047244094489 étant
188.2204724409449 400.53543307086613 56.125984251968504 11.622047244094489 typique
229.03937007874015 400.53543307086613 30.614173228346456 11.622047244094489 du
239.24409448818898 400.53543307086613 30.614173228346456 11.622047244094489 goût

19.559055118110237 412.15748031496065 57.54330708661417 13.606299212598426 actuel.
61.22834645669291 412.15748031496065 62.645669291338585 13.606299212598426 Certains
108.28346456692914 412.15748031496065 62.645669291338585 13.606299212598426 tableaux
155.33858267716536 412.15748031496065 41.669291338582674 13.606299212598426 sont
181.41732283464566 412.15748031496065 36.56692913385827 13.606299212598426 des
202.11023622047244 412.15748031496065 73.13385826771653 13.606299212598426 variations
254.5511811023622 412.15748031496065 15.590551181102363 13.606299212598426 à

20.125984251968504 423.21259842519686 37.13385826771653 11.622047244094489 une
41.38582677165354 423.21259842519686 31.748031496062993 11.622047244094489 ou
57.25984251968504 423.21259842519686 42.51968503937008 11.622047244094489 deux
83.90551181102362 423.21259842519686 69.16535433070867 11.622047244094489 couleurs.
137.1968503937008 423.21259842519686 31.748031496062993 11.622047244094489 La
153.0708661417323 423.21259842519686 58.39370078740158 11.622047244094489 matière
195.59055118110237 423.21259842519686 26.64566929133858 11.622047244094489 a
206.07874015748033 423.21259842519686 42.51968503937008 11.622047244094489 pris
227.33858267716536 423.21259842519686 42.51968503937008 11.622047244094489 égale-

19.84251968503937 434.26771653543307 42.51968503937008 14.740157480314961 ment
46.488188976377955 434.26771653543307 37.13385826771653 14.740157480314961 une
67.74803149606299 434.26771653543307 53.29133858267716 14.740157480314961 valeur
105.16535433070867 434.26771653543307 69.16535433070867 14.740157480314961 nouvelle,
158.45669291338584 434.26771653543307 79.93700787401575 14.740157480314961 déterminant
222.23622047244095 434.26771653543307 32.031496062992126 14.740157480314961 la
233.00787401574803 434.26771653543307 37.13385826771653 14.740157480314961 trame

19.559055118110237 446.74015748031496 39.968503937007874 15.307086614173228 même
44.78740157480315 446.74015748031496 30.04724409448819 15.307086614173228 du
59.811023622047244 446.74015748031496 54.99212598425197 15.307086614173228 tableau
99.77952755905511 446.74015748031496 30.04724409448819 15.307086614173228 et
114.80314960629921 446.74015748031496 54.99212598425197 15.307086614173228 faisant
154.77165354330708 446.74015748031496 70.01574803149606 15.307086614173228 apparaître
209.76377952755905 446.74015748031496 35.1496062992126 15.307086614173228 des
224.78740157480314 446.74015748031496 45.07086614173228 15.307086614173228 lignes,

19.559055118110237 458.3622047244094 36.56692913385827 15.307086614173228 des
40.25196850393701 458.3622047244094 57.54330708661417 15.307086614173228 reliefs
82.20472440944881 458.3622047244094 31.46456692913386 15.307086614173228 ou
97.79527559055119 458.3622047244094 36.56692913385827 15.307086614173228 des
118.77165354330708 458.3622047244094 52.15748031496063 15.307086614173228 creux.
155.33858267716536 458.3622047244094 36.56692913385827 15.307086614173228 Ces
176.31496062992127 458.3622047244094 83.62204724409449 15.307086614173228 compositions
238.96062992125985 458.3622047244094 31.46456692913386 15.307086614173228 don-

19.275590551181104 470.26771653543307 47.05511811023622 15.307086614173228 nent,
50.45669291338583 470.26771653543307 41.669291338582674 15.307086614173228 dans
76.53543307086615 470.26771653543307 78.23622047244095 15.307086614173228 l’ensemble,
139.1811023622047 470.26771653543307 36.56692913385827 15.307086614173228 une
160.15748031496062 470.26771653543307 73.13385826771653 15.307086614173228 impression
217.70078740157481 470.26771653543307 31.46456692913386 15.307086614173228 de
228.18897637795277 470.26771653543307 41.669291338582674 15.307086614173228 force,

18.708661417322833 484.4409448818898 51.023622047244096 15.590551181102363 alliée
54.425196850393704 484.4409448818898 25.511811023622048 15.590551181102363 à
64.62992125984252 484.4409448818898 35.71653543307087 15.590551181102363 une
85.03937007874016 484.4409448818898 71.43307086614173 15.590551181102363 simplicité
141.4488188976378 484.4409448818898 40.818897637795274 15.590551181102363 très
161.85826771653544 484.4409448818898 35.71653543307087 15.590551181102363 pure.

10.771653543307087 648.0 22.677165354330707 11.622047244094489 70

187.93700787401573 612.5669291338583 43.93700787401575 15.590551181102363 Jaya
209.76377952755905 612.5669291338583 60.37795275590551 15.590551181102363 Appasamy,

183.96850393700788 625.6062992125984 38.83464566929134 16.724409448818896 Lalit
209.76377952755905 625.6062992125984 34.58267716535433 16.724409448818896 Kala
227.0551181102362 625.6062992125984 43.37007874015748 16.724409448818896 Akademi.
