1101 2361
663 86 444 70 <b>PHILIPPINES</b>

218 471 258 57 Commissaire
424 471 189 57 général
562 471 86 57 :
596 471 258 57 <b>Leonidas
803 471 103 57 V.
837 471 207 57 Benesa</b>

219 514 229 64 Président
395 514 106 64 de
448 514 299 64 l’Association
695 514 247 64 artistique
889 514 123 64 des
941 514 106 64 Phi

212 572 161 52 lippines.

180 681 121 60 Il
240 681 101 60 y
281 681 101 60 a
321 681 161 60 deux
422 681 161 60 ans,
522 681 101 60 à
563 681 121 60 la
623 681 282 60 précédente
824 681 222 60 Biennale,

126 729 160 56 l’Art
233 729 266 56 Association
445 729 106 56 of
499 729 124 56 the
569 729 266 56 Philippines
782 729 195 56 n’était
906 729 142 56 repré-

126 766 189 64 sentée
258 766 132 64 que
334 766 132 64 par
409 766 113 64 un
466 766 151 64 seul
560 766 226 64 artiste,
729 766 113 64 le
786 766 207 64 peintre
918 766 132 64 Fede-

124 808 168 62 rico
229 808 231 62 Aguilar
397 808 231 62 Alcuaz.
565 808 168 62 Nous
671 808 210 62 sommes
818 808 231 62 heureux
965 808 84 62 de

126 854 221 63 pouvoir
287 854 281 63 participer
508 854 100 63 à
548 854 121 63 la
608 854 221 63 Sixième
769 854 241 63 Biennale
929 854 121 63 avec

125 896 210 55 quatre
272 896 126 55 de
335 896 147 55 nos
419 896 252 55 membres:
609 896 126 55 le
672 896 231 55 peintre
819 896 231 55 Benedicto

126 931 247 59 Cabrera,
311 931 123 59 le
373 931 267 59 sculpteur
578 931 247 59 Lamberto
763 931 267 59 Hechanova
948 931 103 59 Jr,

131 987 108 47 le
185 987 198 47 graveur
329 987 216 47 Virgilio
492 987 180 47 Aviado
618 987 108 47 et
672 987 108 47 le
726 987 271 47 photographe
925 987 126 47 Romeo

125 1017 206 57 Vitug.
270 1017 268 57 Ensemble,
476 1017 144 57 ils
558 1017 330 57 représentent
826 1017 144 57 les
888 1017 165 57 jeunes

127 1058 232 59 artistes
300 1058 270 59 philippins
513 1058 135 59 qui
590 1058 135 59 ont
667 1058 135 59 été
744 1058 135 59 les
821 1058 154 59 plus
899 1058 154 59 actifs

129 1102 154 55 dans
225 1102 173 55 leurs
340 1102 231 55 domaines
513 1102 269 55 respectifs
724 1102 192 55 depuis
859 1102 154 55 cinq
936 1102 115 55 ans.

185 1165 128 44 La
249 1165 276 44 sculpture
461 1165 128 44 de
525 1165 255 44 Lamberto
716 1165 276 44 Hechanova
907 1165 149 44 cris-

131 1188 195 65 tallise
273 1188 178 65 toutes
398 1188 124 65 les
469 1188 231 65 tendances
646 1188 302 65 progressistes
895 1188 107 65 de
931 1188 124 65 l’art

132 1235 231 62 philippin
310 1235 107 62 et
363 1235 302 62 contemporain.
612 1235 213 62 Disciple
772 1235 107 62 de
807 1235 249 62 l’esthétique

131 1282 121 51 de
191 1282 121 51 la
251 1282 241 51 machine,
432 1282 121 51 il
493 1282 261 51 incorpore
693 1282 100 51 à
734 1282 141 51 son
814 1282 221 51 langage
955 1282 100 51 des

132 1329 241 45 éléments
313 1329 281 45 organiques
534 1329 121 45 et
594 1329 321 45 symboliques,
855 1329 181 45 ainsi
956 1329 100 45 que

133 1366 128 54 des
206 1366 183 54 motifs
316 1366 293 54 traditionnels.

186 1422 203 41 Obsédé
328 1422 142 41 par
409 1422 223 41 l’homme
572 1422 142 41 aux
653 1422 203 41 prises
795 1422 162 41 avec
897 1422 122 41 la
937 1422 122 41 pau-

133 1450 170 53 vreté
246 1450 113 53 et
303 1450 113 53 le
359 1450 245 53 désastre,
548 1450 245 53 Benedicto
736 1450 207 53 Cabrera
887 1450 94 53 a
905 1450 151 53 réussi

134 1501 98 48 à
174 1501 295 48 transcender
410 1501 118 48 en
469 1501 236 48 peinture
646 1501 118 48 le
705 1501 236 48 réalisme
862 1501 197 48 purement

132 1550 198 42 social
271 1550 119 42 et
330 1550 99 42 à
369 1550 257 42 présenter
567 1550 119 42 un
626 1550 178 42 monde
745 1550 217 42 nouveau
903 1550 119 42 et
942 1550 119 42 cou

119 1592 165 47 rageux.

190 1629 182 58 Quant
311 1629 101 58 à
351 1629 243 58 Virgilio
533 1629 222 58 Aviado,
695 1629 121 58 il
756 1629 142 58 est
837 1629 162 58 bien
918 1629 142 58 connu

137 1672 135 55 aux
214 1672 289 55 Philippines
445 1672 154 55 pour
541 1672 135 55 ses
618 1672 231 55 parodies
772 1672 289 55 spirituelles,

137 1712 116 51 au
195 1712 173 51 moyen
310 1712 116 51 de
368 1712 116 51 la
426 1712 231 51 gravure,
599 1712 116 51 de
657 1712 212 51 l’œuvre
811 1712 135 51 des
869 1712 193 51 maîtres.

140 1760 192 48 Enfin,
274 1760 115 48 le
332 1760 307 48 photographe,
582 1760 173 48 Romeo
697 1760 192 48 Vitug,
831 1760 115 48 en
889 1760 173 48 dépit
985 1760 77 48 de

138 1794 141 57 son
218 1794 321 57 abstraction,
479 1794 161 57 nous
580 1794 241 57 rappelle
761 1794 141 57 que
841 1794 221 57 l’objet
982 1794 80 57 de

142 1848 166 59 l’art
252 1848 202 59 demeure
381 1848 239 59 l’humanité.

656 2184 247 55 Leonidas
842 2184 123 55 V.
883 2184 185 55 Benesa.

980 2276 93 44 101
