301.03937007874015 669.2598425196851
-3.6850393700787403 23.811023622047244 105.73228346456693 19.275590551181104 ROUMANIE

23.811023622047244 60.09448818897638 60.94488188976378 19.275590551181104 lorsque
68.31496062992126 60.09448818897638 44.503937007874015 19.275590551181104 dans
96.09448818897638 60.09448818897638 38.83464566929134 19.275590551181104 nos
118.20472440944881 60.09448818897638 66.61417322834646 19.275590551181104 villages
168.09448818897638 60.09448818897638 55.55905511811024 19.275590551181104 errent
206.9291338582677 60.09448818897638 38.83464566929134 19.275590551181104 les
223.6535433070866 60.09448818897638 49.889763779527556 19.275590551181104 troupes

24.094488188976378 76.53543307086615 104.88188976377953 13.606299212598426 d’acteurs-enfants
113.95275590551181 76.53543307086615 49.889763779527556 13.606299212598426 jouant
149.10236220472441 76.53543307086615 64.91338582677166 13.606299212598426 l’épisode
198.99212598425197 76.53543307086615 34.86614173228347 13.606299212598426 des
218.83464566929135 76.53543307086615 39.968503937007874 13.606299212598426 Rois
238.96062992125985 76.53543307086615 34.86614173228347 13.606299212598426 mages

23.244094488188978 88.15748031496064 27.212598425196852 13.32283464566929 —
34.01574803149607 88.15748031496064 70.86614173228347 13.32283464566929 véritable
88.7244094488189 88.15748031496064 49.039370078740156 13.32283464566929 drame
121.32283464566929 88.15748031496064 43.653543307086615 13.32283464566929 avec
148.53543307086613 88.15748031496064 65.48031496062993 13.32283464566929 masques,
197.85826771653544 88.15748031496064 70.86614173228347 13.32283464566929 semblable
246.89763779527559 88.15748031496064 27.212598425196852 13.32283464566929 aux

24.094488188976378 98.36220472440945 65.19685039370079 16.440944881889763 Mystères
72.85039370078741 98.36220472440945 32.59842519685039 16.440944881889763 du
89.29133858267717 98.36220472440945 49.039370078740156 16.440944881889763 Moyen
121.88976377952756 98.36220472440945 37.98425196850393 16.440944881889763 Age
143.71653543307087 98.36220472440945 27.212598425196852 16.440944881889763 —
154.48818897637796 98.36220472440945 75.96850393700787 16.440944881889763 deviennent
214.29921259842519 98.36220472440945 32.59842519685039 16.440944881889763 la
225.0708661417323 98.36220472440945 49.039370078740156 16.440944881889763 matière

23.811023622047244 112.25196850393701 45.07086614173228 11.338582677165354 d’une
53.85826771653543 112.25196850393701 60.09448818897638 11.338582677165354 peinture
98.92913385826772 112.25196850393701 70.01574803149606 11.338582677165354 narrative,
153.92125984251967 112.25196850393701 35.1496062992126 11.338582677165354 qui
174.04724409448818 112.25196850393701 50.173228346456696 11.338582677165354 évoque
209.1968503937008 112.25196850393701 35.1496062992126 11.338582677165354 les
223.93700787401573 112.25196850393701 50.173228346456696 11.338582677165354 merveil-

24.094488188976378 121.32283464566929 54.425196850393704 16.440944881889763 leuses
62.07874015748032 121.32283464566929 65.19685039370079 16.440944881889763 fresques
110.83464566929133 121.32283464566929 81.35433070866142 16.440944881889763 extérieures
176.03149606299212 121.32283464566929 37.98425196850393 16.440944881889763 des
197.85826771653544 121.32283464566929 75.96850393700787 16.440944881889763 monastères
252.0 121.32283464566929 21.826771653543307 16.440944881889763 du

23.811023622047244 132.9448818897638 45.07086614173228 14.173228346456693 nord
52.15748031496063 132.9448818897638 33.732283464566926 14.173228346456693 de
68.88188976377953 132.9448818897638 33.732283464566926 14.173228346456693 la
80.22047244094489 132.9448818897638 62.07874015748032 14.173228346456693 Moldavie.

40.25196850393701 149.38582677165354 39.118110236220474 15.023622047244094 Chez
64.62992125984252 149.38582677165354 43.93700787401575 15.023622047244094 Ethel
93.8267716535433 149.38582677165354 83.05511811023622 15.023622047244094 Lucaci-Baias,
162.4251968503937 149.38582677165354 43.93700787401575 15.023622047244094 cette
191.6220472440945 149.38582677165354 68.31496062992126 15.023622047244094 aspiration
240.3779527559055 149.38582677165354 34.2992125984252 15.023622047244094 finit

24.094488188976378 162.14173228346456 34.2992125984252 14.740157480314961 par
43.653543307086615 162.14173228346456 78.51968503937007 14.740157480314961 transfigurer
107.43307086614173 162.14173228346456 29.480314960629922 14.740157480314961 la
122.1732283464567 162.14173228346456 53.85826771653543 14.740157480314961 réalité
161.29133858267716 162.14173228346456 29.480314960629922 14.740157480314961 de
176.03149606299212 162.14173228346456 58.960629921259844 14.740157480314961 laquelle
220.251968503937 162.14173228346456 39.118110236220474 14.740157480314961 elle
239.81102362204723 162.14173228346456 34.2992125984252 14.740157480314961 part.

23.811023622047244 174.33070866141733 74.55118110236221 15.023622047244094 Frémissant
82.48818897637796 174.33070866141733 32.031496062992126 15.023622047244094 de
98.36220472440945 174.33070866141733 42.51968503937008 15.023622047244094 vie,
125.00787401574803 174.33070866141733 32.031496062992126 15.023622047244094 le
141.16535433070865 174.33070866141733 58.67716535433071 15.023622047244094 contenu
183.68503937007873 174.33070866141733 32.031496062992126 15.023622047244094 de
199.84251968503938 174.33070866141733 37.41732283464567 15.023622047244094 son
215.71653543307087 174.33070866141733 58.67716535433071 15.023622047244094 graphisme

23.52755905511811 185.10236220472441 57.54330708661417 13.039370078740157 demeure
65.19685039370079 185.10236220472441 68.03149606299213 13.039370078740157 diaphane,
117.63779527559055 185.10236220472441 52.44094488188976 13.039370078740157 rempli
154.20472440944883 185.10236220472441 31.46456692913386 13.039370078740157 de
170.07874015748033 185.10236220472441 52.44094488188976 13.039370078740157 poésie
206.64566929133858 185.10236220472441 26.078740157480315 13.039370078740157 à
217.13385826771653 185.10236220472441 31.46456692913386 13.039370078740157 la
227.6220472440945 185.10236220472441 47.05511811023622 13.039370078740157 manière

22.393700787401574 198.4251968503937 41.10236220472441 14.740157480314961 des
45.92125984251968 198.4251968503937 58.67716535433071 14.740157480314961 messes
87.02362204724409 198.4251968503937 41.10236220472441 14.740157480314961 que
110.26771653543307 198.4251968503937 70.2992125984252 14.740157480314961 chantent
162.99212598425197 198.4251968503937 99.49606299212599 14.740157480314961 journellement
245.1968503937008 198.4251968503937 29.19685039370079 14.740157480314961 à
250.86614173228347 198.4251968503937 23.52755905511811 14.740157480314961 la

23.52755905511811 208.3464566929134 58.67716535433071 15.023622047244094 lumière
66.33070866141732 208.3464566929134 32.031496062992126 15.023622047244094 du
82.20472440944881 208.3464566929134 53.29133858267716 15.023622047244094 soleil
119.62204724409449 208.3464566929134 37.41732283464567 15.023622047244094 les
141.16535433070865 208.3464566929134 58.67716535433071 15.023622047244094 oiseaux
183.96850393700788 208.3464566929134 37.41732283464567 15.023622047244094 des
205.22834645669292 208.3464566929134 48.188976377952756 15.023622047244094 cieux
237.25984251968504 208.3464566929134 32.031496062992126 15.023622047244094 et
248.03149606299212 208.3464566929134 26.64566929133858 15.023622047244094 les

23.244094488188978 220.8188976377953 48.188976377952756 15.590551181102363 êtres
55.275590551181104 220.8188976377953 53.574803149606296 15.590551181102363 marins
92.97637795275591 220.8188976377953 42.803149606299215 15.590551181102363 près
119.62204724409449 220.8188976377953 64.34645669291339 15.590551181102363 desquels
167.81102362204723 220.8188976377953 42.803149606299215 15.590551181102363 elle
194.74015748031496 220.8188976377953 37.41732283464567 15.590551181102363 vit
216.0 220.8188976377953 53.574803149606296 15.590551181102363 depuis
248.31496062992127 220.8188976377953 26.64566929133858 15.590551181102363 des

16.724409448818896 232.7244094488189 52.44094488188976 13.88976377952756 années.

39.968503937007874 246.33070866141733 45.92125984251968 15.590551181102363 Quant
70.58267716535433 246.33070866141733 25.511811023622048 15.590551181102363 à
80.78740157480316 246.33070866141733 30.614173228346456 15.590551181102363 la
96.09448818897638 246.33070866141733 66.33070866141732 15.590551181102363 sculpture
147.11811023622047 246.33070866141733 30.614173228346456 15.590551181102363 de
162.70866141732284 246.33070866141733 51.023622047244096 15.590551181102363 Silvia
198.4251968503937 246.33070866141733 45.92125984251968 15.590551181102363 Radu,
229.03937007874015 246.33070866141733 40.818897637795274 15.590551181102363 elle
249.4488188976378 246.33070866141733 25.511811023622048 15.590551181102363 est

23.244094488188978 260.503937007874 68.31496062992126 12.472440944881889 pesanteur
75.96850393700787 260.503937007874 31.46456692913386 12.472440944881889 et
91.55905511811024 260.503937007874 57.826771653543304 12.472440944881889 volume,
133.79527559055117 260.503937007874 84.18897637795276 12.472440944881889 architecture
202.11023622047244 260.503937007874 73.41732283464567 12.472440944881889 intérieure
254.5511811023622 260.503937007874 20.976377952755904 12.472440944881889 et

24.094488188976378 274.6771653543307 65.48031496062993 11.338582677165354 imnertie.
74.55118110236221 274.6771653543307 40.25196850393701 11.338582677165354 Elle
99.77952755905511 274.6771653543307 60.37795275590551 11.338582677165354 s’impose
144.8503937007874 274.6771653543307 95.5275590551181 11.338582677165354 géométriquement
225.35433070866142 274.6771653543307 30.330708661417322 11.338582677165354 et
235.55905511811022 274.6771653543307 40.25196850393701 11.338582677165354 témoi-

23.244094488188978 284.0314960629921 35.43307086614173 13.039370078740157 gne
43.37007874015748 284.0314960629921 30.330708661417322 13.039370078740157 de
58.67716535433071 284.0314960629921 30.330708661417322 13.039370078740157 sa
73.7007874015748 284.0314960629921 55.55905511811024 13.039370078740157 volonté
114.23622047244095 284.0314960629921 30.330708661417322 13.039370078740157 de
129.25984251968504 284.0314960629921 55.55905511811024 13.039370078740157 saisir,
169.79527559055117 284.0314960629921 25.228346456692915 13.039370078740157 à
179.71653543307087 284.0314960629921 55.55905511811024 13.039370078740157 travers
220.251968503937 284.0314960629921 35.43307086614173 13.039370078740157 les
235.2755905511811 284.0314960629921 40.53543307086614 13.039370078740157 fibres

23.244094488188978 296.2204724409449 32.881889763779526 13.32283464566929 de
39.68503937007874 296.2204724409449 32.881889763779526 13.32283464566929 la
56.125984251968504 296.2204724409449 60.37795275590551 13.32283464566929 matière
99.77952755905511 296.2204724409449 65.76377952755905 13.32283464566929 disposée
149.10236220472441 296.2204724409449 32.881889763779526 13.32283464566929 de
165.54330708661416 296.2204724409449 60.37795275590551 13.32283464566929 manière
204.09448818897638 296.2204724409449 71.14960629921259 13.32283464566929 centripète,

23.811023622047244 307.84251968503935 48.47244094488189 13.88976377952756 autour
57.54330708661417 307.84251968503935 48.47244094488189 13.88976377952756 d’axes
91.55905511811024 307.84251968503935 28.913385826771652 13.88976377952756 et
106.01574803149606 307.84251968503935 28.913385826771652 13.88976377952756 de
120.4724409448819 307.84251968503935 53.29133858267716 13.88976377952756 noyaux,
159.30708661417322 307.84251968503935 28.913385826771652 13.88976377952756 le
173.76377952755905 307.84251968503935 38.55118110236221 13.88976377952756 flux
197.85826771653544 307.84251968503935 28.913385826771652 13.88976377952756 de
207.49606299212599 307.84251968503935 67.74803149606299 13.88976377952756 l’existence.

40.818897637795274 318.0472440944882 38.267716535433074 14.173228346456693 Pour
64.91338582677166 318.0472440944882 33.44881889763779 14.173228346456693 les
83.90551181102362 318.0472440944882 38.267716535433074 14.173228346456693 pays
108.0 318.0472440944882 28.62992125984252 14.173228346456693 où
122.1732283464567 318.0472440944882 28.62992125984252 14.173228346456693 le
136.62992125984252 318.0472440944882 57.54330708661417 14.173228346456693 folklore
179.71653543307087 318.0472440944882 33.44881889763779 14.173228346456693 est
198.99212598425197 318.0472440944882 76.53543307086615 14.173228346456693 significatif
256.251968503937 318.0472440944882 19.275590551181104 14.173228346456693 de

23.811023622047244 328.53543307086613 46.20472440944882 15.590551181102363 l’art
54.70866141732284 328.53543307086613 56.69291338582677 15.590551181102363 vivant,
95.81102362204724 328.53543307086613 36.0 15.590551181102363 les
116.22047244094489 328.53543307086613 72.0 15.590551181102363 références
172.91338582677164 328.53543307086613 25.79527559055118 15.590551181102363 à
183.11811023622047 328.53543307086613 30.89763779527559 15.590551181102363 un
198.70866141732284 328.53543307086613 46.20472440944882 15.590551181102363 monde
224.50393700787401 328.53543307086613 51.30708661417323 15.590551181102363 mythique

23.811023622047244 343.84251968503935 32.881889763779526 13.039370078740157 ne
40.25196850393701 343.84251968503935 60.37795275590551 13.039370078740157 peuvent
83.90551181102362 343.84251968503935 76.81889763779527 13.039370078740157 qu’ajouter
144.28346456692913 343.84251968503935 32.881889763779526 13.039370078740157 un
160.7244094488189 343.84251968503935 60.37795275590551 13.039370078740157 élément
204.66141732283464 343.84251968503935 32.881889763779526 13.039370078740157 de
221.10236220472441 343.84251968503935 54.70866141732284 13.039370078740157 poésie
253.98425196850394 343.84251968503935 21.826771653543307 13.039370078740157 et

23.52755905511811 354.61417322834643 57.54330708661417 15.590551181102363 d’unité
65.19685039370079 354.61417322834643 26.078740157480315 15.590551181102363 à
75.68503937007874 354.61417322834643 47.05511811023622 15.590551181102363 toute
106.86614173228347 354.61417322834643 62.645669291338585 15.590551181102363 création
148.8188976377953 354.61417322834643 67.74803149606299 15.590551181102363 artistique.

208.62992125984252 377.00787401574803 31.46456692913386 16.724409448818896 Ion
222.23622047244095 377.00787401574803 53.574803149606296 16.724409448818896 Frunzetti.

114.23622047244095 482.1732283464567 71.71653543307086 18.992125984251967 PEINTURE

37.41732283464567 503.1496062992126 65.48031496062993 14.173228346456693 Dimitrie
89.85826771653544 503.1496062992126 78.80314960629921 14.173228346456693 GAVRILEAN
155.33858267716536 503.1496062992126 26.362204724409448 14.173228346456693 né
168.3779527559055 503.1496062992126 26.362204724409448 14.173228346456693 en
181.70078740157481 503.1496062992126 34.86614173228347 14.173228346456693 1942
203.5275590551181 503.1496062992126 21.826771653543307 14.173228346456693 à
212.31496062992127 503.1496062992126 34.86614173228347 14.173228346456693 Güra
229.60629921259843 503.1496062992126 48.188976377952756 14.173228346456693 Humorului

32.31496062992126 515.3385826771654 61.511811023622045 13.32283464566929 (Roumanie).

28.62992125984252 524.9763779527559 45.07086614173228 13.606299212598426 1
62.36220472440945 524.9763779527559 22.677165354330707 13.606299212598426 La
73.7007874015748 524.9763779527559 34.01574803149607 13.606299212598426 danse
96.37795275590551 524.9763779527559 22.677165354330707 13.606299212598426 de
107.71653543307086 524.9763779527559 22.677165354330707 13.606299212598426 la
119.05511811023622 524.9763779527559 30.04724409448819 13.606299212598426 vie,
137.76377952755905 524.9763779527559 30.04724409448819 13.606299212598426 1969
156.4724409448819 524.9763779527559 41.38582677165354 13.606299212598426 (huile,
186.8031496062992 524.9763779527559 26.362204724409448 13.606299212598426 137
201.82677165354332 524.9763779527559 18.708661417322833 13.606299212598426 x
205.51181102362204 524.9763779527559 26.362204724409448 13.606299212598426 117).

26.64566929133858 537.1653543307086 68.31496062992126 15.874015748031496 2
77.95275590551181 537.1653543307086 34.01574803149607 15.874015748031496 Le
94.96062992125984 537.1653543307086 56.976377952755904 15.874015748031496 temps,
134.64566929133858 537.1653543307086 45.63779527559055 15.874015748031496 1969
163.2755905511811 537.1653543307086 56.976377952755904 15.874015748031496 (huile
202.96062992125985 537.1653543307086 34.01574803149607 15.874015748031496 70
219.96850393700788 537.1653543307086 28.346456692913385 15.874015748031496 x
231.30708661417322 537.1653543307086 45.63779527559055 15.874015748031496 70).
254.26771653543307 537.1653543307086 22.677165354330707 15.874015748031496 11

28.062992125984252 545.9527559055118 47.05511811023622 14.740157480314961 3
63.21259842519685 545.9527559055118 23.52755905511811 14.740157480314961 La
75.11811023622047 545.9527559055118 31.181102362204726 14.740157480314961 fête
94.67716535433071 545.9527559055118 23.52755905511811 14.740157480314961 de
106.2992125984252 545.9527559055118 23.52755905511811 14.740157480314961 la
117.92125984251969 545.9527559055118 47.05511811023622 14.740157480314961 nouvelle
153.35433070866142 545.9527559055118 39.118110236220474 14.740157480314961 année,
180.56692913385828 545.9527559055118 31.181102362204726 14.740157480314961 1969
200.1259842519685 545.9527559055118 43.08661417322835 14.740157480314961 (huile,
231.30708661417322 545.9527559055118 27.496062992125985 14.740157480314961 110
247.1811023622047 545.9527559055118 19.559055118110237 14.740157480314961 x
250.86614173228347 545.9527559055118 27.496062992125985 14.740157480314961 210).

107.43307086614173 573.1653543307086 82.77165354330708 18.141732283464567 SCULPTURE

36.56692913385827 591.8740157480315 51.874015748031496 16.440944881889763 Silvia
76.53543307086615 591.8740157480315 51.874015748031496 16.440944881889763 RADU
116.50393700787401 591.8740157480315 28.062992125984252 16.440944881889763 née
132.3779527559055 591.8740157480315 24.094488188976378 16.440944881889763 en
144.28346456692913 591.8740157480315 32.031496062992126 16.440944881889763 1935
164.40944881889763 591.8740157480315 19.84251968503937 16.440944881889763 à
172.3464566929134 591.8740157480315 51.874015748031496 16.440944881889763 Pietroaia
208.3464566929134 591.8740157480315 51.874015748031496 16.440944881889763 (Roumanie).

27.496062992125985 606.6141732283464 45.07086614173228 12.472440944881889 4
61.22834645669291 606.6141732283464 45.07086614173228 12.472440944881889 Colonne,
94.96062992125984 606.6141732283464 30.04724409448819 12.472440944881889 1969
113.95275590551181 606.6141732283464 45.07086614173228 12.472440944881889 (pierre,
147.68503937007873 606.6141732283464 26.362204724409448 12.472440944881889 148
162.70866141732284 606.6141732283464 18.708661417322833 12.472440944881889 x
170.07874015748033 606.6141732283464 22.677165354330707 12.472440944881889 43
181.41732283464566 606.6141732283464 18.708661417322833 12.472440944881889 x
185.10236220472441 606.6141732283464 22.677165354330707 12.472440944881889 43).

27.496062992125985 617.1023622047244 45.63779527559055 12.755905511811024 5
61.79527559055118 617.1023622047244 53.29133858267716 12.755905511811024 Maternité,
103.74803149606299 617.1023622047244 30.614173228346456 12.755905511811024 1969
122.74015748031496 617.1023622047244 45.63779527559055 12.755905511811024 (bronze,
157.03937007874015 617.1023622047244 26.64566929133858 12.755905511811024 155
172.3464566929134 617.1023622047244 18.992125984251967 12.755905511811024 x
180.0 617.1023622047244 22.96062992125984 12.755905511811024 32
191.33858267716536 617.1023622047244 18.992125984251967 12.755905511811024 x
195.0236220472441 617.1023622047244 22.96062992125984 12.755905511811024 40).

27.496062992125985 627.3070866141733 45.354330708661415 15.590551181102363 6
61.511811023622045 627.3070866141733 52.724409448818896 15.590551181102363 Etendards,
102.89763779527559 627.3070866141733 30.330708661417322 15.590551181102363 1969
121.88976377952756 627.3070866141733 41.669291338582674 15.590551181102363 (acier,
151.93700787401573 627.3070866141733 22.677165354330707 15.590551181102363 61
163.2755905511811 627.3070866141733 18.992125984251967 15.590551181102363 x
170.9291338582677 627.3070866141733 22.677165354330707 15.590551181102363 60
182.26771653543307 627.3070866141733 18.992125984251967 15.590551181102363 x
185.95275590551182 627.3070866141733 22.677165354330707 15.590551181102363 60).

16.15748031496063 649.4173228346457 26.362204724409448 12.188976377952756 112
