1062 2385
27 87 353 53 <b>EXTRAIT
304 87 151 53 DU
355 87 378 53 REGLEMENT</b>

68 458 168 58 Article
190 458 77 58 1
221 458 77 58 —
236 458 92 58 But.

72 514 258 47 L’Association
284 514 197 47 Française
436 514 121 47 pour
511 514 91 47 la
557 514 258 47 Manifestation
769 514 182 47 Biennale
890 514 61 47 et

73 551 272 38 Internationale
299 551 106 38 des
360 551 151 38 Jeunes
465 551 181 38 Artistes
601 551 75 38 —
631 551 196 38 intitulée
782 551 75 38 «
797 551 151 38 Biennale

70 586 89 41 de
115 586 149 41 Paris»
219 586 74 41 —
249 586 89 41 se
293 586 179 41 propose,
427 586 119 41 dans
502 586 179 41 l’esprit
636 586 89 41 le
680 586 119 41 plus
740 586 208 41 indépendant,

69 619 103 39 de
120 619 172 39 donner
241 619 86 39 à
276 619 121 39 des
345 619 207 39 artistes
500 619 103 39 de
551 619 138 39 tous
638 619 121 39 les
707 619 155 39 pays,
810 619 103 39 de
862 619 103 39 20
896 619 52 39 à

69 650 96 52 35
117 650 128 52 ans,
197 650 224 52 l’occasion
373 650 96 52 de
421 650 208 52 présenter
581 650 96 52 et
629 650 96 52 de
677 650 224 52 confronter
837 650 112 52 leurs

55 680 144 42 travaux.

73 722 116 52 Elle
146 722 116 52 doit
219 722 146 52 rester
321 722 189 52 largement
467 722 160 52 ouverte
583 722 102 52 aux
641 722 218 52 initiatives
816 722 102 52 les
860 722 87 52 plus

70 763 191 46 diverses
213 763 95 46 et
261 763 223 46 s’attacher
436 763 80 46 à
468 763 223 46 accueillir
643 763 127 46 avec
706 763 239 46 compréhension

69 792 152 51 toutes
175 792 107 51 les
221 792 183 51 tendances.

74 833 123 56 Elle
150 833 184 56 souhaite
288 833 123 56 que,
365 833 123 56 dans
442 833 138 56 toute
534 833 92 56 la
580 833 153 56 mesure
687 833 92 56 du
733 833 199 56 possible,
871 833 77 56 les

70 873 151 44 jeunes
176 873 181 44 artistes
312 873 91 44 se
357 873 166 44 sentent
478 873 181 44 associés
614 873 91 44 au
660 873 136 44 choix
750 873 91 44 de
796 873 91 44 la
826 873 121 44 repré-

70 911 207 40 sentation
229 911 95 40 de
277 911 127 40 leur
356 911 127 40 pays
436 911 95 40 et
483 911 95 40 se
531 911 270 40 reconnaissent
753 911 95 40 en
801 911 127 40 tant
865 911 79 40 que

69 940 141 47 jeune
164 940 220 47 génération
336 940 126 47 dans
415 940 110 47 les
478 940 220 47 sélections
651 940 94 47 de
698 940 94 47 la
729 940 173 47 Biennale.

71 1011 190 51 Article
209 1011 86 51 2
243 1011 86 51 —
278 1011 224 51 Programme
450 1011 104 51 de
502 1011 104 51 la
554 1011 190 51 Sixième
675 1011 173 51 Biennale

74 1058 97 44 La
122 1058 178 44 Sixième
252 1058 194 44 Biennale
397 1058 97 44 de
445 1058 145 44 Paris
542 1058 129 44 aura
623 1058 129 44 lieu
704 1058 97 44 au
752 1058 145 44 Musée
833 1058 113 44 d’Art

74 1093 177 41 Moderne
203 1093 97 41 de
251 1093 97 41 la
300 1093 145 41 Ville
397 1093 97 41 de
445 1093 145 41 Paris
542 1093 97 41 du
590 1093 81 41 2
622 1093 177 41 octobre
751 1093 97 41 au
800 1093 81 41 2
816 1093 129 41 novem-

76 1122 100 45 bre
118 1122 100 45 1969.

75 1158 116 63 Elle
148 1158 218 63 s’adressera
322 1158 102 63 aux
380 1158 174 63 artistes
511 1158 102 63 nés
569 1158 131 63 entre
656 1158 87 63 le
699 1158 102 63 1er
757 1158 160 63 janvier
859 1158 87 63 1934

73 1203 92 52 et
119 1203 92 52 le
165 1203 92 52 31
210 1203 184 52 décembre
333 1203 107 52 1948.

73 1244 148 59 Toutes
177 1244 103 59 les
236 1244 148 59 œuvres
339 1244 89 59 et
383 1244 162 59 projets
501 1244 192 59 présentés
649 1244 148 59 auront
752 1244 103 59 été
796 1244 148 59 exécutés

74 1282 94 51 au
121 1282 141 51 cours
215 1282 110 51 des
278 1282 157 51 quatre
388 1282 204 51 dernières
529 1282 141 51 années.

76 1323 102 63 La
127 1323 187 63 Sixième
263 1323 204 63 Biennale
417 1323 102 63 de
468 1323 153 63 Paris
570 1323 204 63 comptera
723 1323 119 63 les
775 1323 170 63 sections

61 1358 178 45 suivantes:

75 1396 77 65 —
105 1396 123 65 arts
182 1396 230 65 plastiques-
366 1396 154 65 œuvres
458 1396 200 65 collectives

117 1438 72 51 «
145 1438 158 51 travaux
246 1438 144 51 d’équipe

118 1482 72 43 «
146 1482 231 43 réalisations
334 1482 87 43 de
377 1482 159 43 groupes
478 1482 173 43 d’artistes

131 1513 166 46 projets
252 1513 271 46 d’architecture
478 1513 90 46 et
508 1513 196 46 d’urbanisme

116 1549 75 50 «
146 1549 166 50 projets
267 1549 90 50 de
312 1549 241 50 scénographie
507 1549 90 50 et
553 1549 90 50 de
598 1549 241 50 réalisations
778 1549 166 50 scéniques

75 1590 76 54 —
105 1590 122 54 arts
181 1590 213 54 plastiques
348 1590 76 54 -
379 1590 152 54 œuvres
470 1590 228 54 individuelles

116 1615 160 46 peinture

115 1651 175 47 sculpture

116 1684 73 42 «
131 1684 132 42 gravure

116 1716 74 45 «
131 1716 207 45 photographie

72 1753 81 60 —
104 1753 243 60 composition
282 1753 162 60 musicale

73 1791 77 72 —
103 1791 138 72 films
195 1791 122 72 pour
272 1791 92 72 le
318 1791 153 72 cinéma
425 1791 92 72 et
471 1791 92 72 la
501 1791 184 72 télévision

69 1835 78 50 —
85 1835 203 50 spectacles.

75 1877 108 72 Les
136 1877 186 72 articles
276 1877 77 72 1
307 1877 77 72 à
338 1877 93 72 18
384 1877 124 72 sont
462 1877 201 72 consacrés
617 1877 108 72 aux
679 1877 170 72 clauses
787 1877 155 72 valables

156 1919 161 59 toutes
268 1919 112 59 les
333 1919 209 59 sections;
493 1919 112 59 les
558 1919 177 59 clauses
686 1919 273 59 particulières
895 1919 48 59 à

104 1954 152 68 lacune
210 1954 107 68 des
271 1954 183 68 sections
409 1954 122 68 font
485 1954 168 68 l’objet
607 1954 107 68 des
668 1954 183 68 articles
805 1954 91 68 19
851 1954 76 68 à
866 1954 76 68 32.

69 2022 175 76 Article
197 2022 80 76 3
229 2022 80 76 —
260 2022 239 76 Composition
452 2022 112 76 des
500 2022 271 76 participations.

70 2085 105 72 Les
130 2085 151 72 œuvres
236 2085 271 72 sélectionnées,
461 2085 120 72 tant
537 2085 90 72 en
582 2085 151 72 France
687 2085 120 72 qu’à
747 2085 196 72 l’étranger,

69 2127 92 63 et
115 2127 122 63 dans
191 2127 153 63 toutes
298 2127 107 63 les
359 2127 199 63 sections,
513 2127 168 63 devront
635 2127 122 63 être
711 2127 184 63 choisies
834 2127 107 63 selon

78 2152 89 73 es
123 2152 194 73 principes
272 2152 89 73 de
316 2152 194 73 l’article
465 2152 89 73 1.
510 2152 104 73 Les
570 2152 179 73 artistes
704 2152 134 73 ayant
778 2152 164 73 participé

81 2192 99 74 ux
131 2192 249 74 précédentes
330 2192 215 74 Biennales
496 2192 182 74 peuvent
628 2192 133 74 être
711 2192 215 74 présentés
860 2192 83 74 aux

39 2268 82 40 14
