1101 2361
706 64 318 69 <b>VENEZUELA</b>

127 197 269 81 expérience
338 197 134 81 qui
415 197 134 81 les
492 197 230 81 «recrée»
664 197 115 81 en
722 197 154 81 leur
818 197 211 81 donnant
952 197 77 81 de

128 244 245 77 nouvelles
316 244 301 77 possibilités
561 244 264 77 visuelles.
768 244 113 77 De
825 244 169 77 plus,
919 244 113 77 pour

127 282 260 80 compléter
327 282 140 80 les
407 282 220 80 images,
567 282 260 80 j’utilise
768 282 140 80 des
848 282 160 80 sons
928 282 100 80 qui

127 325 342 76 appartiennent
409 325 141 76 aux
489 325 201 76 œuvres
630 325 141 76 que
711 325 121 76 je
771 325 242 76 modifie.
932 325 101 76 Ces

129 367 204 78 travaux
277 367 148 78 sont
369 367 148 78 pour
462 367 130 78 moi
536 367 130 78 les
610 367 241 78 premières
795 367 185 78 étapes
906 367 130 78 d’une

130 432 248 58 recherche
320 432 114 58 en
359 432 152 58 cours.

804 450 148 60 van
867 450 169 60 Croce.

188 632 194 86 Moyen:
323 632 136 86 une
401 632 155 86 tige
498 632 116 86 de
556 632 136 86 fer
633 632 213 86 souple,
788 632 174 86 fixée
904 632 136 86 sur
963 632 77 86 un

131 677 228 72 support
297 677 124 72 de
359 677 186 72 bois,
483 677 124 72 se
545 677 269 72 terminant
752 677 145 72 par
835 677 145 72 une
897 677 145 72 forme

133 722 303 75 géométrique.
379 722 133 75 Mon
455 722 208 75 travail
606 722 208 75 propose
758 722 114 75 la
815 722 227 75 création
966 722 76 75 de

134 764 217 80 volumes
292 764 119 80 et
352 764 138 80 une
431 764 356 80 transformation
727 764 119 80 de
786 764 119 80 la
845 764 217 80 couleur
984 764 59 80 à

138 819 181 67 partir
265 819 109 67 de
319 819 217 67 l’action
482 819 109 67 du
518 819 236 67 spectateur.

188 848 191 68 Volume
322 848 267 68 immatériel
532 848 95 68 :
570 848 210 68 Lorsque
722 848 115 68 la
780 848 153 68 tige
875 848 134 68 est
932 848 115 68 mise

137 893 116 70 en
195 893 252 70 mouvement
389 893 136 70 par
466 893 116 70 le
524 893 271 70 spectateur
738 893 116 70 la
796 893 175 70 forme
893 893 155 70 géomé-

136 936 203 63 trique
278 936 243 63 engendre
460 936 142 63 une
541 936 284 63 impression
764 936 122 63 de
825 936 223 63 volume.
967 936 81 63 Le

138 981 202 65 volume
279 981 121 65 se
340 981 283 65 transforme
563 981 303 65 constamment
805 981 121 65 et
866 981 121 65 de
906 981 142 65 façon

138 1019 264 69 aléatoire
340 1019 182 69 selon
462 1019 142 69 les
543 1019 284 69 mouvements
766 1019 243 69 imprimés
949 1019 101 69 à
969 1019 81 69 la

141 1063 143 67 tige
230 1063 125 67 par
302 1063 107 67 le
355 1063 268 67 spectateur.
570 1063 143 67 Sans
659 1063 143 67 lui,
748 1063 196 67 l’œuvre
873 1063 179 67 n’existe

120 1128 130 56 plus.

199 1150 204 58 Couleur
348 1150 241 58 virtuelle
533 1150 93 58 :
571 1150 111 58 En
626 1150 223 58 colorant
793 1150 111 58 la
849 1150 148 58 tige
942 1150 111 58 et
979 1150 74 58 le

146 1195 200 56 support
291 1195 109 56 de
346 1195 164 56 façon
455 1195 255 56 différente
656 1195 109 56 on
710 1195 200 56 obtient
856 1195 127 56 une
910 1195 146 56 trans-

144 1237 247 60 formation
334 1237 114 60 de
391 1237 114 60 la
448 1237 228 60 couleur.
618 1237 209 60 Lorsque
770 1237 114 60 la
827 1237 152 60 tige
922 1237 133 60 est
979 1237 76 60 en

147 1278 257 61 mouvement
345 1278 138 61 une
424 1278 257 61 troisième
622 1278 218 61 couleur
780 1278 257 61 apparaït,
958 1278 99 61 dé-

147 1321 242 56 terminée
329 1321 141 56 par
409 1321 121 56 la
470 1321 303 56 combinaison
713 1321 121 56 de
773 1321 121 56 la
834 1321 222 56 couleur
975 1321 81 56 de

152 1362 116 60 la
210 1362 154 60 tige
306 1362 116 60 et
364 1362 116 60 du
422 1362 232 60 support.
596 1362 116 60 La
654 1362 212 60 couleur
808 1362 116 60 de
866 1362 116 60 ce
905 1362 154 60 volume

151 1414 124 47 est
222 1414 212 47 modifiée
381 1414 159 47 selon
487 1414 265 47 l’intensité
699 1414 106 47 de
752 1414 106 47 la
787 1414 212 47 vibration.

202 1441 243 59 J’obtiens
389 1441 411 59 l’interpénétration
744 1441 112 59 de
800 1441 205 59 volumes
949 1441 112 59 et
986 1441 75 59 de

149 1489 244 58 couleurs
332 1489 163 58 plus
433 1489 264 58 complexes
637 1489 122 58 en
698 1489 325 58 construisant
942 1489 122 58 plu-

150 1532 183 53 sieurs
278 1532 183 53 formes
405 1532 292 53 géométriques
643 1532 110 53 de
698 1532 201 53 tailles
826 1532 237 53 différentes

150 1582 135 53 sur
227 1582 116 53 la
285 1582 154 53 même
381 1582 154 53 tige
477 1582 116 53 de
516 1582 116 53 fer.

210 1611 102 55 Il
261 1611 85 55 y
295 1611 85 55 a
329 1611 273 55 modification
552 1611 102 55 de
603 1611 102 55 la
654 1611 154 55 durée
757 1611 102 55 et
808 1611 102 55 de
842 1611 222 55 l’intensité

150 1653 131 57 des
225 1653 206 57 volumes
375 1653 281 57 immatériels
599 1653 112 57 en
655 1653 187 57 fixant
786 1653 131 57 sur
861 1653 112 57 le
899 1653 168 57 support

151 1704 131 48 des
226 1704 168 48 tiges
338 1704 112 48 de
394 1704 243 48 grandeurs
581 1704 299 48 différentes:
823 1704 149 48 plus
917 1704 112 48 la
954 1704 112 48 tige

153 1741 136 49 est
230 1741 214 49 petite,
386 1741 156 49 plus
484 1741 117 49 la
542 1741 253 49 vibration
737 1741 136 49 est
815 1741 214 49 rapide,
951 1741 117 49 plus

154 1788 190 58 courte
287 1788 133 58 est
363 1788 114 58 sa
401 1788 152 58 durée.

739 1819 195 65 Rafael
856 1819 215 65 Martinez.

212 2000 129 56 Je
276 2000 236 56 propose
448 2000 150 56 une
534 2000 193 56 unité
663 2000 301 56 plastique,
878 2000 193 56 quelque

156 2051 192 44 chose
283 2051 192 44 comme
411 2051 128 44 un
475 2051 234 44 circuit
645 2051 192 44 fermé
773 2051 149 44 qui
858 2051 170 44 peut
943 2051 128 44 être

160 2094 255 56 d’ailleurs
360 2094 109 56 un
415 2094 164 56 sujet
525 2094 347 56 d’environnement
817 2094 146 56 pour
890 2094 182 56 l’archi

143 2142 176 45 tecture.

211 2169 172 59 Avec
319 2169 151 59 des
405 2169 302 59 structures
642 2169 323 59 monochromes
901 2169 108 59 —
922 2169 151 59 cons

984 2272 90 51 131
