301.03937007874015 669.2598425196851
1.984251968503937 15.307086614173228 56.69291338582677 18.992125984251967 CHILI

53.29133858267716 125.00787401574803 70.58267716535433 18.141732283464567 Commissaire
109.98425196850394 125.00787401574803 51.874015748031496 18.141732283464567 général
147.68503937007873 125.00787401574803 23.52755905511811 18.141732283464567 :
157.03937007874015 125.00787401574803 61.22834645669291 18.141732283464567 Victor
199.2755905511811 125.00787401574803 66.04724409448819 18.141732283464567 Carvacho

47.62204724409449 138.61417322834646 51.023622047244096 15.307086614173228 Herrera

40.53543307086614 178.29921259842519 86.74015748031496 16.724409448818896 L’isolement
109.7007874015748 178.29921259842519 92.40944881889764 16.724409448818896 géographique
185.10236220472441 178.29921259842519 34.58267716535433 16.724409448818896 du
202.39370078740157 178.29921259842519 52.15748031496063 16.724409448818896 Chili
236.9763779527559 178.29921259842519 34.58267716535433 16.724409448818896 et
248.5984251968504 178.29921259842519 28.913385826771652 16.724409448818896 ses

24.094488188976378 193.3228346456693 77.38582677165354 13.606299212598426 contrastes
84.75590551181102 193.3228346456693 66.33070866141732 13.606299212598426 naturels
134.36220472440945 193.3228346456693 38.55118110236221 13.606299212598426 ont
156.4724409448819 193.3228346456693 71.71653543307086 13.606299212598426 déterminé
211.46456692913387 193.3228346456693 33.16535433070866 13.606299212598426 un
222.51968503937007 193.3228346456693 55.275590551181104 13.606299212598426 dévelop-

24.094488188976378 205.51181102362204 55.275590551181104 13.039370078740157 pement
62.645669291338585 205.51181102362204 71.71653543307086 13.039370078740157 singulier
117.92125984251969 205.51181102362204 38.55118110236221 13.039370078740157 des
140.03149606299212 205.51181102362204 44.22047244094488 13.039370078740157 arts
167.5275590551181 205.51181102362204 82.77165354330708 13.039370078740157 plastiques.
228.4724409448819 205.51181102362204 49.60629921259842 13.039370078740157 Enfermé

23.244094488188978 218.5511811023622 67.74803149606299 14.173228346456693 derrière
73.98425196850394 218.5511811023622 79.08661417322834 14.173228346456693 d’immenses
136.3464566929134 218.5511811023622 73.41732283464567 14.173228346456693 montagnes
192.75590551181102 218.5511811023622 34.01574803149607 14.173228346456693 et
209.76377952755905 218.5511811023622 39.68503937007874 14.173228346456693 des
226.77165354330708 218.5511811023622 50.74015748031496 14.173228346456693 déserts

24.094488188976378 227.6220472440945 41.38582677165354 14.740157480314961 sans
49.889763779527556 227.6220472440945 41.38582677165354 14.740157480314961 fin,
75.68503937007874 227.6220472440945 31.181102362204726 14.740157480314961 se
91.2755905511811 227.6220472440945 56.976377952755904 14.740157480314961 perdant
132.66141732283464 227.6220472440945 41.38582677165354 14.740157480314961 dans
158.74015748031496 227.6220472440945 36.28346456692913 14.740157480314961 les
179.43307086614172 227.6220472440945 67.46456692913385 14.740157480314961 solitudes
231.30708661417322 227.6220472440945 31.181102362204726 14.740157480314961 de
241.51181102362204 227.6220472440945 36.28346456692913 14.740157480314961 l’An-

23.811023622047244 240.09448818897638 71.71653543307086 14.740157480314961 tarctique
78.80314960629921 240.09448818897638 33.16535433070866 14.740157480314961 et
95.5275590551181 240.09448818897638 55.275590551181104 14.740157480314961 baigné
134.07874015748033 240.09448818897638 38.55118110236221 14.740157480314961 par
156.18897637795277 240.09448818897638 60.661417322834644 14.740157480314961 l’Océan
200.40944881889763 240.09448818897638 77.38582677165354 14.740157480314961 Pacifique,
255.68503937007873 240.09448818897638 22.11023622047244 14.740157480314961 le

24.661417322834644 253.13385826771653 46.488188976377955 14.740157480314961 noyau
55.55905511811024 253.13385826771653 62.07874015748032 14.740157480314961 culturel
102.33070866141732 253.13385826771653 62.07874015748032 14.740157480314961 dominant
148.8188976377953 253.13385826771653 46.488188976377955 14.740157480314961 s’est
179.71653543307087 253.13385826771653 67.18110236220473 14.740157480314961 concentré
231.59055118110237 253.13385826771653 41.38582677165354 14.740157480314961 dans
252.28346456692913 253.13385826771653 25.79527559055118 14.740157480314961 les

24.661417322834644 262.7716535433071 53.574803149606296 15.874015748031496 limites
63.496062992125985 262.7716535433071 43.93700787401575 15.874015748031496 d’une
92.97637795275591 262.7716535433071 43.93700787401575 15.874015748031496 ville
122.1732283464567 262.7716535433071 29.19685039370079 15.874015748031496 de
136.62992125984252 262.7716535433071 39.118110236220474 15.874015748031496 plus
161.00787401574803 262.7716535433071 29.19685039370079 15.874015748031496 de
175.748031496063 262.7716535433071 43.93700787401575 15.874015748031496 trois
204.9448818897638 262.7716535433071 58.39370078740158 15.874015748031496 millions
244.06299212598427 262.7716535433071 34.01574803149607 15.874015748031496 d’ha-

24.094488188976378 276.09448818897636 64.91338582677166 15.023622047244094 bitants:
72.85039370078741 276.09448818897636 70.2992125984252 15.023622047244094 Santiago.
126.70866141732283 276.09448818897636 32.31496062992126 15.023622047244094 La
142.86614173228347 276.09448818897636 70.2992125984252 15.023622047244094 diffusion
197.00787401574803 276.09448818897636 81.07086614173228 15.023622047244094 universelle
256.53543307086613 276.09448818897636 21.543307086614174 15.023622047244094 de

23.244094488188978 288.56692913385825 49.889763779527556 13.88976377952756 toutes
58.39370078740158 288.56692913385825 34.86614173228347 13.88976377952756 les
78.23622047244095 288.56692913385825 64.91338582677166 13.88976377952756 tendances
128.1259842519685 288.56692913385825 34.86614173228347 13.88976377952756 qui
148.251968503937 288.56692913385825 85.03937007874016 13.88976377952756 caractérisent
218.26771653543307 288.56692913385825 34.86614173228347 13.88976377952756 les
238.11023622047244 288.56692913385825 39.968503937007874 13.88976377952756 arts
258.23622047244095 288.56692913385825 19.84251968503937 13.88976377952756 de

24.661417322834644 299.33858267716533 31.181102362204726 14.740157480314961 la
40.25196850393701 299.33858267716533 51.874015748031496 14.740157480314961 forme,
76.25196850393701 299.33858267716533 46.488188976377955 14.740157480314961 entre
107.43307086614173 299.33858267716533 77.66929133858268 14.740157480314961 l’expansion
169.51181102362204 299.33858267716533 31.181102362204726 14.740157480314961 de
179.71653543307087 299.33858267716533 98.36220472440945 14.740157480314961 l’impressionnisme

24.094488188976378 313.51181102362204 29.480314960629922 10.488188976377952 et
38.83464566929134 313.51181102362204 34.2992125984252 10.488188976377952 les
58.39370078740158 313.51181102362204 49.039370078740156 10.488188976377952 toutes
92.40944881889764 313.51181102362204 63.496062992125985 10.488188976377952 nouvelles
141.4488188976378 313.51181102362204 73.41732283464567 10.488188976377952 expériences
200.1259842519685 313.51181102362204 68.5984251968504 10.488188976377952 actuelles,
248.88188976377953 313.51181102362204 29.480314960629922 10.488188976377952 pos-

23.52755905511811 325.13385826771656 53.00787401574803 13.039370078740157 sèdent
60.661417322834644 325.13385826771656 37.13385826771653 13.039370078740157 une
81.92125984251969 325.13385826771656 68.88188976377953 13.039370078740157 constante
134.9291338582677 325.13385826771656 26.64566929133858 13.039370078740157 :
145.41732283464566 325.13385826771656 31.748031496062993 13.039370078740157 la
161.5748031496063 325.13385826771656 53.00787401574803 13.039370078740157 vision
198.4251968503937 325.13385826771656 31.748031496062993 13.039370078740157 du
214.58267716535434 325.13385826771656 63.496062992125985 13.039370078740157 surréel.
256.81889763779526 325.13385826771656 21.25984251968504 13.039370078740157 La

24.094488188976378 337.03937007874015 53.00787401574803 12.472440944881889 poésie
61.22834645669291 337.03937007874015 31.748031496062993 12.472440944881889 de
77.10236220472441 337.03937007874015 53.00787401574803 12.472440944881889 Neruda
114.23622047244095 337.03937007874015 58.110236220472444 12.472440944881889 reflète
156.4724409448819 337.03937007874015 42.23622047244095 12.472440944881889 dans
183.11811023622047 337.03937007874015 31.748031496062993 12.472440944881889 le
198.99212598425197 337.03937007874015 58.110236220472444 12.472440944881889 domaine
236.1259842519685 337.03937007874015 42.23622047244095 12.472440944881889 litté-

23.811023622047244 348.66141732283467 48.75590551181102 13.88976377952756 raire
56.40944881889764 348.66141732283467 32.59842519685039 13.88976377952756 et
72.56692913385827 348.66141732283467 43.37007874015748 13.88976377952756 dans
99.49606299212599 348.66141732283467 37.98425196850393 13.88976377952756 une
121.32283464566929 348.66141732283467 64.91338582677166 13.88976377952756 certaine
170.07874015748033 348.66141732283467 54.14173228346457 13.88976377952756 mesure
208.06299212598427 348.66141732283467 37.98425196850393 13.88976377952756 une
229.60629921259843 348.66141732283467 48.75590551181102 13.88976377952756 forme
256.81889763779526 348.66141732283467 21.543307086614174 13.88976377952756 de

24.37795275590551 360.56692913385825 53.85826771653543 14.740157480314961 rapport
63.496062992125985 360.56692913385825 34.2992125984252 14.740157480314961 qui
83.05511811023622 360.56692913385825 68.5984251968504 14.740157480314961 s’accentue
136.91338582677164 360.56692913385825 39.118110236220474 14.740157480314961 dans
161.29133858267716 360.56692913385825 29.480314960629922 14.740157480314961 la
176.03149606299212 360.56692913385825 49.039370078740156 14.740157480314961 vision
210.04724409448818 360.56692913385825 34.2992125984252 14.740157480314961 des
224.78740157480314 360.56692913385825 53.85826771653543 14.740157480314961 peintres.

24.094488188976378 369.9212598425197 50.74015748031496 16.724409448818896 Mattà,
59.811023622047244 369.9212598425197 60.94488188976378 16.724409448818896 Antûnez,
105.44881889763779 369.9212598425197 60.94488188976378 16.724409448818896 Barreda,
151.37007874015748 369.9212598425197 60.94488188976378 16.724409448818896 Zanartu,
197.00787401574803 369.9212598425197 50.74015748031496 16.724409448818896 Toral,
227.6220472440945 369.9212598425197 50.74015748031496 16.724409448818896 Carreno,

23.244094488188978 384.09448818897636 74.55118110236221 12.755905511811024 confirment
81.92125984251969 384.09448818897636 47.90551181102362 12.755905511811024 cette
113.66929133858268 384.09448818897636 69.16535433070867 12.755905511811024 immersion
166.96062992125985 384.09448818897636 42.51968503937008 12.755905511811024 dans
193.60629921259843 384.09448818897636 32.031496062992126 12.755905511811024 le
209.48031496062993 384.09448818897636 58.39370078740158 12.755905511811024 surréel
246.61417322834646 384.09448818897636 32.031496062992126 12.755905511811024 avec

22.96062992125984 394.01574803149606 39.968503937007874 15.874015748031496 tous
48.188976377952756 394.01574803149606 35.1496062992126 15.874015748031496 les
68.03149606299213 394.01574803149606 50.173228346456696 15.874015748031496 traits
103.18110236220473 394.01574803149606 70.2992125984252 15.874015748031496 soulignant
158.45669291338584 394.01574803149606 30.04724409448819 15.874015748031496 la
173.48031496062993 394.01574803149606 75.11811023622047 15.874015748031496 singularité
233.5748031496063 394.01574803149606 30.04724409448819 15.874015748031496 de
243.49606299212599 394.01574803149606 35.1496062992126 15.874015748031496 leurs

23.811023622047244 405.3543307086614 73.41732283464567 13.88976377952756 caractères
75.96850393700787 405.3543307086614 62.92913385826772 13.88976377952756 picturaux.

40.25196850393701 425.76377952755905 32.59842519685039 14.456692913385826 La
56.40944881889764 425.76377952755905 64.91338582677166 14.456692913385826 peinture
105.16535433070867 425.76377952755905 32.59842519685039 14.456692913385826 de
121.32283464566929 425.76377952755905 59.52755905511811 14.456692913385826 Rodolfo
164.69291338582678 425.76377952755905 48.75590551181102 14.456692913385826 Opazo
197.29133858267716 425.76377952755905 70.2992125984252 14.456692913385826 s’inscrit
245.76377952755905 425.76377952755905 32.59842519685039 14.456692913385826 dans

22.96062992125984 439.0866141732283 33.44881889763779 13.606299212598426 ce
39.68503937007874 439.0866141732283 66.61417322834646 13.606299212598426 puissant
89.85826771653544 439.0866141732283 61.22834645669291 13.606299212598426 courant
134.07874015748033 439.0866141732283 33.44881889763779 13.606299212598426 de
150.8031496062992 439.0866141732283 33.44881889763779 13.606299212598426 la
167.5275590551181 439.0866141732283 66.61417322834646 13.606299212598426 peinture
212.03149606299212 439.0866141732283 66.61417322834646 13.606299212598426 chilienne,

23.244094488188978 451.2755905511811 43.37007874015748 14.740157480314961 mais
50.45669291338583 451.2755905511811 43.37007874015748 14.740157480314961 chez
77.66929133858268 451.2755905511811 37.98425196850393 14.740157480314961 lui
99.21259842519684 451.2755905511811 37.98425196850393 14.740157480314961 les
121.03937007874016 451.2755905511811 65.19685039370079 14.740157480314961 éléments
170.07874015748033 451.2755905511811 70.58267716535433 14.740157480314961 provenant
224.2204724409449 451.2755905511811 43.37007874015748 14.740157480314961 d’un
246.04724409448818 451.2755905511811 32.59842519685039 14.740157480314961 fond

23.811023622047244 460.62992125984255 58.960629921259844 15.023622047244094 ibérique
68.03149606299213 460.62992125984255 53.85826771653543 15.023622047244094 diffus,
107.14960629921259 460.62992125984255 39.40157480314961 15.023622047244094 d’un
131.81102362204723 460.62992125984255 78.51968503937007 15.023622047244094 déséquilibre
195.59055118110237 460.62992125984255 63.77952755905512 15.023622047244094 spirituel
239.5275590551181 460.62992125984255 39.40157480314961 15.023622047244094 chargé

23.244094488188978 473.38582677165357 75.11811023622047 12.188976377952756 d’érotisme,
83.33858267716535 473.38582677165357 80.22047244094489 12.188976377952756 s’accentuent
148.53543307086613 473.38582677165357 30.04724409448819 12.188976377952756 et
163.55905511811022 473.38582677165357 75.11811023622047 12.188976377952756 aboutissent
223.93700787401573 473.38582677165357 24.944881889763778 12.188976377952756 à
233.85826771653544 473.38582677165357 30.04724409448819 12.188976377952756 un
243.7795275590551 473.38582677165357 35.1496062992126 12.188976377952756 équi-

23.811023622047244 484.7244094488189 45.92125984251968 17.858267716535433 libre
54.425196850393704 484.7244094488189 61.22834645669291 17.858267716535433 pictural
100.34645669291339 484.7244094488189 30.614173228346456 17.858267716535433 de
115.65354330708661 484.7244094488189 51.023622047244096 17.858267716535433 formes
151.37007874015748 484.7244094488189 35.71653543307087 17.858267716535433 qui
172.06299212598427 484.7244094488189 30.614173228346456 17.858267716535433 se
187.37007874015748 484.7244094488189 66.33070866141732 17.858267716535433 découpent
233.29133858267716 484.7244094488189 45.92125984251968 17.858267716535433 claire-

23.244094488188978 497.4803149606299 43.653543307086615 18.141732283464567 ment
50.45669291338583 497.4803149606299 38.267716535433074 18.141732283464567 sur
72.28346456692914 497.4803149606299 38.267716535433074 18.141732283464567 des
94.11023622047244 497.4803149606299 60.09448818897638 18.141732283464567 espaces
137.76377952755905 497.4803149606299 32.881889763779526 18.141732283464567 de
148.8188976377953 497.4803149606299 70.86614173228347 18.141732283464567 désolation.

40.25196850393701 516.1889763779527 36.28346456692913 17.291338582677167 Les
60.94488188976378 516.1889763779527 62.36220472440945 17.291338582677167 gravures
107.71653543307086 516.1889763779527 31.181102362204726 17.291338582677167 de
123.30708661417323 516.1889763779527 67.46456692913385 17.291338582677167 Francisco
175.1811023622047 516.1889763779527 57.25984251968504 17.291338582677167 Copello
211.748031496063 516.1889763779527 67.46456692913385 17.291338582677167 proviennent

22.677165354330707 528.9448818897638 73.98425196850394 14.740157480314961 également
79.65354330708661 528.9448818897638 51.30708661417323 14.740157480314961 d’une
113.95275590551181 528.9448818897638 56.976377952755904 14.740157480314961 nature
153.92125984251967 528.9448818897638 62.645669291338585 14.740157480314961 saturée
199.2755905511811 528.9448818897638 34.2992125984252 14.740157480314961 de
210.89763779527559 528.9448818897638 68.31496062992126 14.740157480314961 tellurisme

23.244094488188978 541.9842519685039 41.95275590551181 12.472440944881889 mais
49.32283464566929 541.9842519685039 57.54330708661417 12.472440944881889 greffée
90.99212598425197 541.9842519685039 73.13385826771653 12.472440944881889 d’éléments
148.53543307086613 541.9842519685039 104.5984251968504 12.472440944881889 contradictoires,
232.15748031496062 541.9842519685039 47.05511811023622 12.472440944881889 résolus

22.11023622047244 551.9055118110236 99.21259842519684 14.173228346456693 plastiquement
104.03149606299213 551.9055118110236 34.86614173228347 14.173228346456693 en
121.32283464566929 551.9055118110236 40.818897637795274 14.173228346456693 une
144.8503937007874 551.9055118110236 70.01574803149606 14.173228346456693 synthèse
197.29133858267716 551.9055118110236 34.86614173228347 14.173228346456693 de
214.86614173228347 551.9055118110236 58.39370078740158 14.173228346456693 formes
249.73228346456693 551.9055118110236 29.19685039370079 14.173228346456693 qui

22.393700787401574 566.0787401574803 41.95275590551181 15.590551181102363 sont
48.47244094488189 566.0787401574803 47.338582677165356 15.590551181102363 comme
79.93700787401575 566.0787401574803 31.46456692913386 15.590551181102363 un
95.81102362204724 566.0787401574803 41.95275590551181 15.590551181102363 écho
121.88976377952756 566.0787401574803 78.80314960629921 15.590551181102363 ordonnateur
184.8188976377953 566.0787401574803 31.46456692913386 15.590551181102363 du
200.69291338582678 566.0787401574803 47.338582677165356 15.590551181102363 chaos
226.77165354330708 566.0787401574803 52.44094488188976 15.590551181102363 initial.

15.307086614173228 641.7637795275591 23.244094488188978 15.874015748031496 40
