301.03937007874015 659.0551181102362
8.220472440944881 12.188976377952756 73.7007874015748 20.69291338582677 BRESIL

31.181102362204726 51.59055118110236 41.669291338582674 20.69291338582677 deux
56.976377952755904 51.59055118110236 46.77165354330709 20.69291338582677 cents
88.15748031496064 51.59055118110236 51.874015748031496 20.69291338582677 mêtres
124.44094488188976 51.59055118110236 31.181102362204726 20.69291338582677 de
140.03149606299212 51.59055118110236 67.46456692913385 20.69291338582677 longueur,
192.18897637795277 51.59055118110236 36.28346456692913 20.69291338582677 est
212.88188976377953 51.59055118110236 36.28346456692913 20.69291338582677 une
233.5748031496063 51.59055118110236 41.669291338582674 20.69291338582677 idée
254.26771653543307 51.59055118110236 26.078740157480315 20.69291338582677 qui

31.46456692913386 62.92913385826772 54.70866141732284 20.976377952755904 réussit
71.43307086614173 62.92913385826772 24.944881889763778 20.976377952755904 à
81.35433070866142 62.92913385826772 49.60629921259842 20.976377952755904 rendre
115.93700787401575 62.92913385826772 69.44881889763779 20.976377952755904 compatible
170.64566929133858 62.92913385826772 54.70866141732284 20.976377952755904 lyrisme
210.61417322834646 62.92913385826772 29.763779527559056 20.976377952755904 et
220.53543307086613 62.92913385826772 59.52755905511811 20.976377952755904 techniqees

31.181102362204726 74.55118110236221 24.944881889763778 20.976377952755904 à
41.38582677165354 74.55118110236221 29.763779527559056 20.976377952755904 la
56.125984251968504 74.55118110236221 44.78740157480315 20.976377952755904 fois.
86.1732283464567 74.55118110236221 29.763779527559056 20.976377952755904 Le
100.91338582677166 74.55118110236221 49.889763779527556 20.976377952755904 projet
135.7795275590551 74.55118110236221 34.86614173228347 20.976377952755904 est
155.6220472440945 74.55118110236221 39.68503937007874 20.976377952755904 beau
180.56692913385828 74.55118110236221 29.763779527559056 20.976377952755904 et
195.59055118110237 74.55118110236221 69.73228346456693 20.976377952755904 intrépide,
245.1968503937008 74.55118110236221 34.86614173228347 20.976377952755904 ainst

31.181102362204726 87.8740157480315 46.488188976377955 18.992125984251967 qu’on
62.07874015748032 87.8740157480315 56.976377952755904 18.992125984251967 pouvait
103.46456692913385 87.8740157480315 72.56692913385827 18.992125984251967 l’espérer,
160.44094488188978 87.8740157480315 41.38582677165354 18.992125984251967 sans
186.23622047244095 87.8740157480315 41.38582677165354 18.992125984251967 pour
212.31496062992127 87.8740157480315 51.874015748031496 18.992125984251967 autant
243.21259842519686 87.8740157480315 36.28346456692913 18.992125984251967 négfe

30.330708661417322 100.91338582677166 34.86614173228347 18.141732283464567 ger
50.45669291338583 100.91338582677166 79.65354330708661 18.141732283464567 l’exécution,
115.08661417322834 100.91338582677166 54.70866141732284 18.141732283464567 facteur
154.77165354330708 100.91338582677166 34.86614173228347 18.141732283464567 qui
174.61417322834646 100.91338582677166 34.86614173228347 18.141732283464567 lui
194.74015748031496 100.91338582677166 54.70866141732284 18.141732283464567 confère
234.4251968503937 100.91338582677166 29.763779527559056 18.141732283464567 sa
244.3464566929134 100.91338582677166 34.86614173228347 18.141732283464567 vérre

30.04724409448819 111.4015748031496 49.60629921259842 15.874015748031496 table
62.92913385826772 111.4015748031496 71.71653543307086 15.874015748031496 dimension
112.81889763779527 111.4015748031496 99.21259842519684 15.874015748031496 architectonique.

166.96062992125985 132.3779527559055 55.84251968503937 18.992125984251967 Marcus
206.07874015748033 132.3779527559055 55.84251968503937 18.992125984251967 Konder
239.81102362204723 132.3779527559055 39.118110236220474 18.992125984251967 Netto

45.07086614173228 177.73228346456693 38.83464566929134 19.84251968503937 Les
67.46456692913385 177.73228346456693 49.889763779527556 19.84251968503937 trois
100.62992125984252 177.73228346456693 55.55905511811024 19.84251968503937 œuvres
139.46456692913387 177.73228346456693 38.83464566929134 19.84251968503937 que
161.5748031496063 177.73228346456693 33.16535433070866 19.84251968503937 le
178.29921259842519 177.73228346456693 55.55905511811024 19.84251968503937 Brésil
217.13385826771653 177.73228346456693 55.55905511811024 19.84251968503937 envoie
255.96850393700788 177.73228346456693 27.77952755905512 19.84251968503937 à
261.3543307086614 177.73228346456693 16.724409448818896 19.84251968503937 l

28.913385826771652 189.0708661417323 63.496062992125985 20.409448818897637 Biennale
76.81889763779527 189.0708661417323 31.748031496062993 20.409448818897637 de
92.69291338582677 189.0708661417323 53.00787401574803 20.409448818897637 Paris,
129.82677165354332 189.0708661417323 31.748031496062993 20.409448818897637 et
145.70078740157481 189.0708661417323 37.13385826771653 20.409448818897637 qui
166.6771653543307 189.0708661417323 63.496062992125985 20.409448818897637 marquent
214.58267716535434 189.0708661417323 31.748031496062993 20.409448818897637 la
225.0708661417323 189.0708661417323 53.00787401574803 20.409448818897637 première

28.062992125984252 203.24409448818898 90.4251968503937 18.141732283464567 participation
102.61417322834646 203.24409448818898 32.031496062992126 18.141732283464567 de
118.48818897637796 203.24409448818898 32.031496062992126 18.141732283464567 la
134.36220472440945 203.24409448818898 58.39370078740158 18.141732283464567 musique
177.16535433070865 203.24409448818898 79.65354330708661 18.141732283464567 brésilienne
240.9448818897638 203.24409448818898 26.64566929133858 18.141732283464567 à
246.04724409448818 203.24409448818898 32.031496062992126 18.141732283464567 cete

28.62992125984252 214.86614173228347 84.75590551181102 18.992125984251967 manifestation
98.36220472440945 214.86614173228347 94.67716535433071 18.992125984251967 internationale,
178.29921259842519 214.86614173228347 34.86614173228347 18.992125984251967 ont
198.14173228346456 214.86614173228347 49.889763779527556 18.992125984251967 obtenu
233.00787401574803 214.86614173228347 34.86614173228347 18.992125984251967 les
248.03149606299212 214.86614173228347 29.763779527559056 18.992125984251967 tros

28.346456692913385 224.50393700787401 64.91338582677166 20.125984251968504 Premiers
77.10236220472441 224.50393700787401 43.37007874015748 20.125984251968504 Prix
104.03149606299213 224.50393700787401 32.59842519685039 20.125984251968504 au
120.18897637795276 224.50393700787401 64.91338582677166 20.125984251968504 Festival
168.9448818897638 224.50393700787401 32.59842519685039 20.125984251968504 de
185.10236220472441 224.50393700787401 59.52755905511811 20.125984251968504 Musique
228.4724409448819 224.50393700787401 32.59842519685039 20.125984251968504 de
239.24409448818898 224.50393700787401 37.98425196850393 20.125984251968504 Guang

28.062992125984252 236.40944881889763 44.78740157480315 19.84251968503937 bara.
58.110236220472444 236.40944881889763 44.78740157480315 19.84251968503937 Elles
87.8740157480315 236.40944881889763 79.65354330708661 19.84251968503937 représentent
152.50393700787401 236.40944881889763 44.78740157480315 19.84251968503937 trois
182.5511811023622 236.40944881889763 54.70866141732284 19.84251968503937 aspects
222.23622047244095 236.40944881889763 29.763779527559056 19.84251968503937 de
237.25984251968504 236.40944881889763 29.763779527559056 19.84251968503937 la
247.1811023622047 236.40944881889763 29.763779527559056 19.84251968503937 muss

27.496062992125985 251.43307086614172 36.28346456692913 17.007874015748033 que
48.188976377952756 251.43307086614172 77.95275590551181 17.007874015748033 brésilienne
110.55118110236221 251.43307086614172 77.95275590551181 17.007874015748033 postérieurs
172.91338582677164 251.43307086614172 26.078740157480315 17.007874015748033 à
183.4015748031496 251.43307086614172 46.77165354330709 17.007874015748033 Villa
214.58267716535434 251.43307086614172 46.77165354330709 17.007874015748033 Lobos
240.66141732283464 251.43307086614172 36.28346456692913 17.007874015748033 et

26.64566929133858 261.9212598425197 93.25984251968504 19.559055118110237 consécration
102.61417322834646 261.9212598425197 34.86614173228347 19.559055118110237 de
119.90551181102362 261.9212598425197 46.488188976377955 19.559055118110237 deux
149.10236220472441 261.9212598425197 87.30708661417323 19.559055118110237 importantes
219.11811023622047 261.9212598425197 58.110236220472444 19.559055118110237 écoles
253.98425196850394 261.9212598425197 23.244094488188978 19.559055118110237 de

26.64566929133858 272.9763779527559 87.02362204724409 18.992125984251967 composition
96.09448818897638 272.9763779527559 34.86614173228347 18.992125984251967 du
113.66929133858268 272.9763779527559 52.15748031496063 18.992125984251967 pays,
148.53543307086613 272.9763779527559 52.15748031496063 18.992125984251967 celle
183.11811023622047 272.9763779527559 34.86614173228347 18.992125984251967 de
200.69291338582678 272.9763779527559 63.77952755905512 18.992125984251967 Camargo
241.22834645669292 272.9763779527559 34.86614173228347 18.992125984251967 Guar

26.929133858267715 285.4488188976378 49.039370078740156 17.858267716535433 nieri
59.52755905511811 285.4488188976378 32.59842519685039 17.858267716535433 et
75.96850393700787 285.4488188976378 49.039370078740156 17.858267716535433 celle
108.56692913385827 285.4488188976378 32.59842519685039 17.858267716535433 de
124.7244094488189 285.4488188976378 92.40944881889764 17.858267716535433 Koellreutter,
200.9763779527559 285.4488188976378 76.25196850393701 17.858267716535433 professeur
255.4015748031496 285.4488188976378 21.826771653543307 17.858267716535433 et

26.078740157480315 297.9212598425197 85.32283464566929 17.5748031496063 compositeur
94.39370078740157 297.9212598425197 68.31496062992126 17.5748031496063 allemand
145.70078740157481 297.9212598425197 39.968503937007874 17.5748031496063 qui
168.3779527559055 297.9212598425197 56.976377952755904 17.5748031496063 rénova
208.3464566929134 297.9212598425197 34.2992125984252 17.5748031496063 en
225.35433070866142 297.9212598425197 51.30708661417323 17.5748031496063 1939.
253.98425196850394 297.9212598425197 22.677165354330707 17.5748031496063 la

26.362204724409448 308.40944881889766 60.37795275590551 17.5748031496063 musique
64.62992125984252 308.40944881889766 76.81889763779527 17.5748031496063 brésilienne.

41.10236220472441 323.7165354330709 45.92125984251968 21.543307086614174 Jose
69.73228346456693 323.7165354330709 63.21259842519685 21.543307086614174 Antonio
115.65354330708661 323.7165354330709 34.58267716535433 21.543307086614174 de
132.9448818897638 323.7165354330709 63.21259842519685 21.543307086614174 Almeida
178.86614173228347 323.7165354330709 51.59055118110236 21.543307086614174 Prado
213.16535433070865 323.7165354330709 40.25196850393701 21.543307086614174 est
236.1259842519685 323.7165354330709 34.58267716535433 21.543307086614174 un
247.748031496063 323.7165354330709 28.62992125984252 21.543307086614174 des

25.79527559055118 335.0551181102362 69.44881889763779 18.708661417322833 meilleurs
79.08661417322834 335.0551181102362 58.67716535433071 18.708661417322833 talents
121.88976377952756 335.0551181102362 53.29133858267716 18.708661417322833 sortis
159.30708661417322 335.0551181102362 32.031496062992126 18.708661417322833 de
175.1811023622047 335.0551181102362 58.67716535433071 18.708661417322833 l’école
217.98425196850394 335.0551181102362 32.031496062992126 18.708661417322833 de
228.75590551181102 335.0551181102362 47.90551181102362 18.708661417322833 Camarge

25.511811023622048 348.09448818897636 70.01574803149606 18.4251968503937 Guarnieri.
80.78740157480316 348.09448818897636 45.07086614173228 18.4251968503937 Parmi
110.83464566929133 348.09448818897636 35.1496062992126 18.4251968503937 ses
130.6771653543307 348.09448818897636 50.173228346456696 18.4251968503937 œuvres
165.82677165354332 348.09448818897636 75.11811023622047 18.4251968503937 principales
225.92125984251967 348.09448818897636 30.04724409448819 18.4251968503937 on
236.1259842519685 348.09448818897636 39.968503937007874 18.4251968503937 trouve

25.79527559055118 359.1496062992126 30.04724409448819 19.275590551181104 la
40.818897637795274 359.1496062992126 70.01574803149606 19.275590551181104 Passion
96.09448818897638 359.1496062992126 45.07086614173228 19.275590551181104 selon
126.14173228346456 359.1496062992126 90.14173228346456 19.275590551181104 Saint-Marc
201.25984251968504 359.1496062992126 50.173228346456696 19.275590551181104 primée
236.40944881889763 359.1496062992126 30.04724409448819 19.275590551181104 en
246.33070866141733 359.1496062992126 30.04724409448819 19.275590551181104 1968

23.52755905511811 373.3228346456693 58.110236220472444 18.4251968503937 comme
62.36220472440945 373.3228346456693 38.83464566929134 18.4251968503937 la
81.63779527559055 373.3228346456693 83.90551181102362 18.4251968503937 meilleure
146.26771653543307 373.3228346456693 58.110236220472444 18.4251968503937 œuvre
185.10236220472441 373.3228346456693 38.83464566929134 18.4251968503937 de
204.3779527559055 373.3228346456693 71.14960629921259 18.4251968503937 chambre
249.73228346456693 373.3228346456693 25.79527559055118 18.4251968503937 de

26.078740157480315 383.5275590551181 50.74015748031496 20.409448818897637 l’année,
64.06299212598425 383.5275590551181 75.96850393700787 20.409448818897637 Variations,
127.55905511811024 383.5275590551181 54.99212598425197 20.409448818897637 récitatif
169.79527559055117 383.5275590551181 25.228346456692915 20.409448818897637 et
182.26771653543307 383.5275590551181 54.99212598425197 20.409448818897637 fugue
224.50393700787401 383.5275590551181 33.732283464566926 20.409448818897637 pour
241.51181102362204 383.5275590551181 33.732283464566926 20.409448818897637 piano.

24.944881889763778 394.5826771653543 58.960629921259844 18.708661417322833 Chant
69.16535433070867 394.5826771653543 83.62204724409449 18.708661417322833 élégiaque
137.76377952755905 394.5826771653543 39.40157480314961 18.708661417322833 pour
162.4251968503937 394.5826771653543 54.14173228346457 18.708661417322833 cordes,
201.82677165354332 394.5826771653543 54.14173228346457 18.708661417322833 cuivres
241.22834645669292 394.5826771653543 29.480314960629922 18.708661417322833 et
250.86614173228347 394.5826771653543 24.661417322834644 18.708661417322833 per

24.661417322834644 409.8897637795276 52.724409448818896 18.992125984251967 cussion,
64.34645669291339 409.8897637795276 26.362204724409448 18.992125984251967 et
77.66929133858268 409.8897637795276 57.25984251968504 18.992125984251967 Cantus
121.60629921259843 409.8897637795276 79.08661417322834 18.992125984251967 creationes
187.6535433070866 409.8897637795276 35.1496062992126 18.992125984251967 pour
209.48031496062993 409.8897637795276 43.93700787401575 18.992125984251967 quatre
235.84251968503938 409.8897637795276 39.68503937007874 18.992125984251967 groupes

23.811023622047244 418.3937007874016 98.64566929133858 20.69291338582677 instrumentaux,
106.01574803149606 418.3937007874016 65.76377952755905 20.69291338582677 présenté
155.33858267716536 418.3937007874016 27.496062992125985 20.69291338582677 à
166.11023622047244 418.3937007874016 76.81889763779527 20.69291338582677 Washington
226.48818897637796 418.3937007874016 32.881889763779526 20.69291338582677 en
237.54330708661416 418.3937007874016 38.267716535433074 20.69291338582677 1968.

24.37795275590551 432.0 34.58267716535433 21.826771653543307 sous
45.92125984251968 432.0 25.79527559055118 21.826771653543307 la
58.960629921259844 432.0 51.874015748031496 21.826771653543307 conduite
97.79527559055119 432.0 25.79527559055118 21.826771653543307 de
110.83464566929133 432.0 47.62204724409449 21.826771653543307 Antonio
145.41732283464566 432.0 60.37795275590551 21.826771653543307 Taurielle.
192.75590551181102 432.0 30.330708661417322 21.826771653543307 Les
205.79527559055117 432.0 69.16535433070867 21.826771653543307 Petites

23.244094488188978 441.6377952755906 89.00787401574803 23.811023622047244 funérailles
97.22834645669292 441.6377952755906 93.8267716535433 23.811023622047244 chantantes
176.31496062992127 441.6377952755906 39.68503937007874 23.811023622047244 pour
200.9763779527559 441.6377952755906 44.503937007874015 23.811023622047244 chœur
230.74015748031496 441.6377952755906 24.661417322834644 23.811023622047244 à
235.55905511811022 441.6377952755906 39.68503937007874 23.811023622047244 quatre

21.826771653543307 453.25984251968504 44.78740157480315 18.708661417322833 voix
49.889763779527556 453.25984251968504 33.732283464566926 18.708661417322833 et
66.89763779527559 453.25984251968504 78.51968503937007 18.708661417322833 orchestre,
128.40944881889763 453.25984251968504 39.40157480314961 18.708661417322833 ont
151.08661417322836 453.25984251968504 39.40157480314961 18.708661417322833 été
173.48031496062993 453.25984251968504 72.85039370078741 18.708661417322833 composées
229.60629921259843 453.25984251968504 33.732283464566926 18.708661417322833 en
240.66141732283464 453.25984251968504 33.732283464566926 18.708661417322833 1969

21.826771653543307 469.4173228346457 39.118110236220474 15.307086614173228 sur
44.22047244094488 469.4173228346457 33.732283464566926 15.307086614173228 un
61.22834645669291 469.4173228346457 50.45669291338583 15.307086614173228 texte
94.67716535433071 469.4173228346457 33.732283464566926 15.307086614173228 de
111.68503937007874 469.4173228346457 50.45669291338583 15.307086614173228 Hilda
145.13385826771653 469.4173228346457 56.125984251968504 15.307086614173228 Hilst,
184.53543307086613 469.4173228346457 28.062992125984252 15.307086614173228 à
195.59055118110237 469.4173228346457 33.732283464566926 15.307086614173228 la
212.5984251968504 469.4173228346457 61.79527559055118 15.307086614173228 mémoire
251.71653543307087 469.4173228346457 22.393700787401574 15.307086614173228 du

21.826771653543307 480.18897637795277 49.60629921259842 20.125984251968504 poète
54.70866141732284 480.18897637795277 55.275590551181104 20.125984251968504 Carlos
93.54330708661418 480.18897637795277 49.60629921259842 20.125984251968504 Maria
126.70866141732283 480.18897637795277 33.16535433070866 20.125984251968504 de
137.76377952755905 480.18897637795277 49.60629921259842 20.125984251968504 Araujo.

38.267716535433074 494.92913385826773 54.99212598425197 18.708661417322833 Marlos
76.53543307086615 494.92913385826773 54.99212598425197 18.708661417322833 Nobre,
115.08661417322834 494.92913385826773 49.32283464566929 18.708661417322833 après
147.96850393700788 494.92913385826773 38.55118110236221 18.708661417322833 une
170.07874015748033 494.92913385826773 60.37795275590551 18.708661417322833 Mention
208.3464566929134 494.92913385826773 66.04724409448819 18.708661417322833 d’Honneur-

20.69291338582677 508.81889763779526 50.74015748031496 17.858267716535433 reçue
54.425196850393704 508.81889763779526 33.732283464566926 17.858267716535433 en
71.43307086614173 508.81889763779526 45.07086614173228 17.858267716535433 1959
99.49606299212599 508.81889763779526 33.732283464566926 17.858267716535433 au
116.50393700787401 508.81889763779526 67.46456692913385 17.858267716535433 Concours
167.24409448818898 508.81889763779526 67.46456692913385 17.858267716535433 National
217.70078740157481 508.81889763779526 33.732283464566926 17.858267716535433 de
229.03937007874015 508.81889763779526 45.07086614173228 17.858267716535433 Compe-

20.976377952755904 518.7401574803149 54.425196850393704 19.84251968503937 sition,
60.37795275590551 518.7401574803149 49.60629921259842 19.84251968503937 étudie
95.24409448818898 518.7401574803149 24.661417322834644 19.84251968503937 à
105.16535433070867 518.7401574803149 34.58267716535433 19.84251968503937 Rio
125.00787401574803 518.7401574803149 29.763779527559056 19.84251968503937 de
139.748031496063 518.7401574803149 54.425196850393704 19.84251968503937 Janeiro
179.43307086614172 518.7401574803149 39.68503937007874 19.84251968503937 avec
199.2755905511811 518.7401574803149 74.26771653543307 19.84251968503937 Koellreutter,

20.409448818897637 532.9133858267717 40.53543307086614 18.4251968503937 puis
45.92125984251968 532.9133858267717 40.53543307086614 18.4251968503937 avec
71.14960629921259 532.9133858267717 55.84251968503937 18.4251968503937 Camargo
111.68503937007874 532.9133858267717 70.86614173228347 18.4251968503937 Guarnieri.
167.5275590551181 532.9133858267717 30.330708661417322 18.4251968503937 Il
182.5511811023622 532.9133858267717 50.74015748031496 18.4251968503937 reçoit
217.98425196850394 532.9133858267717 35.43307086614173 18.4251968503937 une
233.29133858267716 532.9133858267717 40.53543307086614 18.4251968503937 bourse

20.125984251968504 544.8188976377953 60.94488188976378 17.007874015748033 d’études
65.76377952755905 544.8188976377953 30.330708661417322 17.007874015748033 de
81.07086614173228 544.8188976377953 70.86614173228347 17.007874015748033 l’Institut
136.62992125984252 544.8188976377953 30.330708661417322 17.007874015748033 Di
151.93700787401573 544.8188976377953 50.74015748031496 17.007874015748033 Tella,
187.37007874015748 544.8188976377953 30.330708661417322 17.007874015748033 de
202.6771653543307 544.8188976377953 50.74015748031496 17.007874015748033 Buenos
233.00787401574803 544.8188976377953 40.53543307086614 17.007874015748033 Airess

19.84251968503937 556.7244094488188 30.330708661417322 17.5748031496063 où
35.1496062992126 556.7244094488188 30.330708661417322 17.5748031496063 il
50.173228346456696 556.7244094488188 65.76377952755905 17.5748031496063 travaille
100.91338582677166 556.7244094488188 40.53543307086614 17.5748031496063 sous
126.4251968503937 556.7244094488188 30.330708661417322 17.5748031496063 la
141.4488188976378 556.7244094488188 65.76377952755905 17.5748031496063 direction
192.18897637795277 556.7244094488188 65.76377952755905 17.5748031496063 d’Alberto
237.82677165354332 556.7244094488188 35.43307086614173 17.5748031496063 Ginas

18.992125984251967 566.9291338582677 46.77165354330709 20.409448818897637 tera,
50.173228346456696 566.9291338582677 56.976377952755904 20.409448818897637 Olivier
91.55905511811024 566.9291338582677 67.46456692913385 20.409448818897637 Messiaen,
143.43307086614172 566.9291338582677 56.976377952755904 20.409448818897637 Ricardo
185.10236220472441 566.9291338582677 72.56692913385827 20.409448818897637 Malipiero,
236.9763779527559 566.9291338582677 36.28346456692913 20.409448818897637 Luigi

20.125984251968504 577.7007874015748 72.28346456692914 21.25984251968504 Dallapiccola
78.80314960629921 577.7007874015748 27.212598425196852 21.25984251968504 et
92.40944881889764 577.7007874015748 40.53543307086614 21.25984251968504 Aaron
119.33858267716535 577.7007874015748 54.14173228346457 21.25984251968504 Copland.
160.15748031496062 577.7007874015748 27.212598425196852 21.25984251968504 Sa
173.76377952755905 577.7007874015748 63.21259842519685 21.25984251968504 Cantate
218.83464566929135 577.7007874015748 54.14173228346457 21.25984251968504 Ukrine

19.559055118110237 590.4566929133858 101.19685039370079 18.4251968503937 makrinkrin
106.86614173228347 590.4566929133858 55.275590551181104 18.4251968503937 composée
148.53543307086613 590.4566929133858 27.496062992125985 18.4251968503937 et
162.14173228346456 590.4566929133858 41.38582677165354 18.4251968503937 jouée
189.92125984251967 590.4566929133858 27.496062992125985 18.4251968503937 en
203.5275590551181 590.4566929133858 55.275590551181104 18.4251968503937 première
240.3779527559055 590.4566929133858 32.31496062992126 18.4251968503937 audis

17.007874015748033 601.511811023622 47.62204724409449 21.826771653543307 tion
46.77165354330709 601.511811023622 29.763779527559056 21.826771653543307 à
58.67716535433071 601.511811023622 59.52755905511811 21.826771653543307 Buenos
100.34645669291339 601.511811023622 59.52755905511811 21.826771653543307 Aires,
142.01574803149606 601.511811023622 41.669291338582674 21.826771653543307 est
165.82677165354332 601.511811023622 65.48031496062993 21.826771653543307 devenue
213.4488188976378 601.511811023622 41.669291338582674 21.826771653543307 une
231.30708661417322 601.511811023622 41.669291338582674 21.826771653543307 œuvre

17.5748031496063 613.7007874015748 72.0 21.543307086614174 marquante
73.13385826771653 613.7007874015748 33.16535433070866 21.543307086614174 de
89.5748031496063 613.7007874015748 33.16535433070866 21.543307086614174 la
106.2992125984252 613.7007874015748 66.33070866141732 21.543307086614174 nouvelle
155.90551181102362 613.7007874015748 60.94488188976378 21.543307086614174 musique
194.74015748031496 613.7007874015748 77.38582677165354 21.543307086614174 brésilienne,

9.637795275590552 636.3779527559055 24.944881889763778 15.590551181102363 22
