301.03937007874015 669.2598425196851
-10.488188976377952 25.228346456692915 115.08661417322834 20.976377952755904 VENEZUELA

17.291338582677167 58.67716535433071 60.94488188976378 21.826771653543307 truites
61.79527559055118 58.67716535433071 33.16535433070866 21.826771653543307 en
78.23622047244095 58.67716535433071 77.38582677165354 21.826771653543307 verticales
139.1811023622047 58.67716535433071 83.05511811023622 21.826771653543307 programmées
205.79527559055117 58.67716535433071 27.77952755905512 21.826771653543307 —
216.8503937007874 58.67716535433071 44.22047244094488 21.826771653543307 j’ai
238.96062992125985 58.67716535433071 33.16535433070866 21.826771653543307 créé

17.5748031496063 76.81889763779527 45.07086614173228 14.740157480314961 deux
45.92125984251968 76.81889763779527 73.41732283464567 14.740157480314961 principes
102.33070866141732 76.81889763779527 33.732283464566926 14.740157480314961 de
119.05511811023622 76.81889763779527 84.75590551181102 14.740157480314961 réalisation
186.8031496062992 76.81889763779527 39.40157480314961 14.740157480314961 qui
209.48031496062993 76.81889763779527 62.07874015748032 14.740157480314961 mettent
248.88188976377953 76.81889763779527 22.677165354330707 14.740157480314961 en

17.858267716535433 86.1732283464567 64.91338582677166 16.724409448818896 évidence
66.61417322834646 86.1732283464567 70.2992125984252 16.724409448818896 plusieurs
120.75590551181102 86.1732283464567 54.14173228346457 16.724409448818896 gammes
158.45669291338584 86.1732283464567 32.59842519685039 16.724409448818896 de
174.61417322834646 86.1732283464567 70.2992125984252 16.724409448818896 couleurs.
228.75590551181102 86.1732283464567 43.37007874015748 16.724409448818896 Dans
250.58267716535434 86.1732283464567 21.543307086614174 16.724409448818896 le

18.4251968503937 99.21259842519684 64.91338582677166 16.15748031496063 premier,
67.18110236220473 99.21259842519684 32.31496062992126 16.15748031496063 il
83.33858267716535 99.21259842519684 37.7007874015748 16.15748031496063 n’y
104.88188976377953 99.21259842519684 26.929133858267715 16.15748031496063 a
115.65354330708661 99.21259842519684 32.31496062992126 16.15748031496063 ni
131.81102362204723 99.21259842519684 59.52755905511811 16.15748031496063 surface
175.1811023622047 99.21259842519684 32.31496062992126 16.15748031496063 ni
191.33858267716536 99.21259842519684 48.75590551181102 16.15748031496063 fond,
223.6535433070866 99.21259842519684 43.37007874015748 16.15748031496063 mais
245.48031496062993 99.21259842519684 26.929133858267715 16.15748031496063 une

17.5748031496063 112.81889763779527 76.81889763779527 13.88976377952756 sensation
76.81889763779527 112.81889763779527 35.43307086614173 13.88976377952756 de
94.67716535433071 112.81889763779527 59.24409448818898 13.88976377952756 «vides
136.06299212598427 112.81889763779527 71.14960629921259 13.88976377952756 colorés»
189.35433070866142 112.81889763779527 35.43307086614173 13.88976377952756 où
206.9291338582677 112.81889763779527 35.43307086614173 13.88976377952756 la
218.83464566929135 112.81889763779527 53.29133858267716 13.88976377952756 lumière

17.291338582677167 121.60629921259843 77.38582677165354 16.724409448818896 fragmentée
78.23622047244095 121.60629921259843 33.16535433070866 16.724409448818896 et
94.96062992125984 121.60629921259843 33.16535433070866 16.724409448818896 la
111.68503937007874 121.60629921259843 60.94488188976378 16.724409448818896 couleur
155.90551181102362 121.60629921259843 60.94488188976378 16.724409448818896 peuvent
200.1259842519685 121.60629921259843 44.22047244094488 16.724409448818896 être
222.23622047244095 121.60629921259843 49.889763779527556 16.724409448818896 perçues

17.5748031496063 136.3464566929134 34.86614173228347 14.173228346456693 de
34.86614173228347 136.3464566929134 34.86614173228347 14.173228346456693 la
52.15748031496063 136.3464566929134 52.15748031496063 14.173228346456693 façon
87.02362204724409 136.3464566929134 34.86614173228347 14.173228346456693 la
104.31496062992126 136.3464566929134 46.20472440944882 14.173228346456693 plus
133.22834645669292 136.3464566929134 69.44881889763779 14.173228346456693 directe.
185.38582677165354 136.3464566929134 46.20472440944882 14.173228346456693 Dans
214.29921259842519 136.3464566929134 34.86614173228347 14.173228346456693 le
225.92125984251967 136.3464566929134 46.20472440944882 14.173228346456693 second

18.141732283464567 147.96850393700788 58.110236220472444 13.32283464566929 procédé
60.37795275590551 147.96850393700788 31.748031496062993 13.32283464566929 la
76.25196850393701 147.96850393700788 68.5984251968504 13.32283464566929 structure
129.25984251968504 147.96850393700788 36.8503937007874 13.32283464566929 est
150.23622047244095 147.96850393700788 31.748031496062993 13.32283464566929 la
166.11023622047244 147.96850393700788 47.62204724409449 13.32283464566929 même,
197.85826771653544 147.96850393700788 42.23622047244095 13.32283464566929 mais
219.11811023622047 147.96850393700788 52.724409448818896 13.32283464566929 inscrite

17.5748031496063 160.7244094488189 37.13385826771653 13.039370078740157 sur
38.83464566929134 160.7244094488189 31.748031496062993 13.039370078740157 le
54.70866141732284 160.7244094488189 47.62204724409449 13.039370078740157 plan.
86.45669291338582 160.7244094488189 42.23622047244095 13.039370078740157 Dans
112.81889763779527 160.7244094488189 37.13385826771653 13.039370078740157 les
134.07874015748033 160.7244094488189 42.23622047244095 13.039370078740157 deux
160.44094488188978 160.7244094488189 37.13385826771653 13.039370078740157 cas
181.70078740157481 160.7244094488189 31.748031496062993 13.039370078740157 la
197.5748031496063 160.7244094488189 68.88188976377953 13.039370078740157 structure
245.1968503937008 160.7244094488189 26.362204724409448 13.039370078740157 n’a

17.007874015748033 171.49606299212599 90.70866141732283 15.307086614173228 d’importance
90.70866141732283 171.49606299212599 39.68503937007874 15.307086614173228 que
113.38582677165354 171.49606299212599 45.354330708661415 15.307086614173228 dans
141.73228346456693 171.49606299212599 34.01574803149607 15.307086614173228 la
158.45669291338584 171.49606299212599 56.69291338582677 15.307086614173228 mesure
198.14173228346456 171.49606299212599 34.01574803149607 15.307086614173228 où
215.1496062992126 171.49606299212599 45.354330708661415 15.307086614173228 elle
237.82677165354332 171.49606299212599 34.01574803149607 15.307086614173228 rend

17.5748031496063 182.83464566929135 62.36220472440945 15.590551181102363 évidente
64.34645669291339 182.83464566929135 31.181102362204726 15.590551181102363 la
79.93700787401575 182.83464566929135 88.44094488188976 15.590551181102363 fragmentation
152.50393700787401 182.83464566929135 31.181102362204726 15.590551181102363 de
168.09448818897638 182.83464566929135 31.181102362204726 15.590551181102363 la
183.68503937007873 182.83464566929135 57.25984251968504 15.590551181102363 lumière
225.35433070866142 182.83464566929135 31.181102362204726 15.590551181102363 et
240.9448818897638 182.83464566929135 31.181102362204726 15.590551181102363 de
251.43307086614172 182.83464566929135 20.69291338582677 15.590551181102363 la

17.291338582677167 197.00787401574803 59.52755905511811 11.905511811023622 couleur
60.661417322834644 197.00787401574803 37.98425196850393 11.905511811023622 par
82.20472440944881 197.00787401574803 32.59842519685039 11.905511811023622 le
98.64566929133858 197.00787401574803 81.35433070866142 11.905511811023622 déplacement
163.55905511811022 197.00787401574803 75.96850393700787 11.905511811023622 horizontal
223.37007874015748 197.00787401574803 32.59842519685039 11.905511811023622 du
234.14173228346456 197.00787401574803 37.98425196850393 11.905511811023622 spec

12.755905511811024 206.36220472440945 45.07086614173228 13.606299212598426 tateur.

34.2992125984252 217.98425196850394 32.59842519685039 14.173228346456693 Il
50.45669291338583 217.98425196850394 54.14173228346457 14.173228346456693 s’agit
88.44094488188976 217.98425196850394 43.37007874015748 14.173228346456693 d’un
115.37007874015748 217.98425196850394 70.2992125984252 14.173228346456693 spectacle
169.51181102362204 217.98425196850394 75.68503937007874 14.173228346456693 polychrome
223.6535433070866 217.98425196850394 48.75590551181102 14.173228346456693 réalisé

17.007874015748033 230.17322834645668 40.818897637795274 15.307086614173228 dans
42.51968503937008 230.17322834645668 35.71653543307087 15.307086614173228 une
62.92913385826772 230.17322834645668 56.125984251968504 15.307086614173228 optique
103.74803149606299 230.17322834645668 71.43307086614173 15.307086614173228 différente
159.59055118110237 230.17322834645668 45.92125984251968 15.307086614173228 quant
190.20472440944883 230.17322834645668 25.511811023622048 15.307086614173228 à
195.30708661417322 230.17322834645668 76.53543307086615 15.307086614173228 l’utilisation

16.15748031496063 245.1968503937008 41.669291338582674 13.32283464566929 des
39.968503937007874 245.1968503937008 71.43307086614173 13.32283464566929 couleurs
93.54330708661418 245.1968503937008 35.71653543307087 13.32283464566929 et
111.4015748031496 245.1968503937008 41.669291338582674 13.32283464566929 des
135.21259842519686 245.1968503937008 65.48031496062993 13.32283464566929 formes.
182.5511811023622 245.1968503937008 35.71653543307087 13.32283464566929 Ma
194.45669291338584 245.1968503937008 77.38582677165354 13.32283464566929 proposition

17.291338582677167 255.4015748031496 65.19685039370079 14.740157480314961 continue
66.04724409448819 255.4015748031496 54.425196850393704 14.740157480314961 d’être
104.03149606299213 255.4015748031496 32.59842519685039 14.740157480314961 la
120.4724409448819 255.4015748031496 92.40944881889764 14.740157480314961 fragmentation
196.44094488188978 255.4015748031496 32.59842519685039 14.740157480314961 de
212.5984251968504 255.4015748031496 32.59842519685039 14.740157480314961 la
223.6535433070866 255.4015748031496 48.75590551181102 14.740157480314961 lumière

16.15748031496063 269.29133858267716 33.44881889763779 13.039370078740157 et
32.881889763779526 269.29133858267716 33.44881889763779 13.039370078740157 de
49.60629921259842 269.29133858267716 33.44881889763779 13.039370078740157 la
66.61417322834646 269.29133858267716 66.89763779527559 13.039370078740157 couleur.
116.78740157480316 269.29133858267716 66.89763779527559 13.039370078740157 Celle-ci
166.96062992125985 269.29133858267716 66.89763779527559 13.039370078740157 engendre
217.13385826771653 269.29133858267716 33.44881889763779 13.039370078740157 un
228.18897637795277 269.29133858267716 44.78740157480315 13.039370078740157 climat

16.724409448818896 279.7795275590551 102.04724409448819 12.472440944881889 d’enrichissement
103.46456692913385 279.7795275590551 30.614173228346456 12.472440944881889 du
118.77165354330708 279.7795275590551 56.125984251968504 12.472440944881889 rapport
159.59055118110237 279.7795275590551 112.25196850393701 12.472440944881889 couleur-réflexion,
251.43307086614172 279.7795275590551 20.409448818897637 12.472440944881889 en

16.724409448818896 292.53543307086613 53.00787401574803 12.472440944881889 créant
53.85826771653543 292.53543307086613 31.748031496062993 12.472440944881889 la
70.01574803149606 292.53543307086613 68.88188976377953 12.472440944881889 sensation
123.02362204724409 292.53543307086613 90.14173228346456 12.472440944881889 insaisissable
197.29133858267716 292.53543307086613 37.13385826771653 12.472440944881889 des
213.16535433070865 292.53543307086613 58.39370078740158 12.472440944881889 couleurs.

190.48818897637796 315.7795275590551 55.84251968503937 19.275590551181104 Juvenal
225.92125984251967 315.7795275590551 45.63779527559055 19.275590551181104 Ravelo.

84.4724409448819 459.21259842519686 68.31496062992126 19.559055118110237 GROUPE
125.29133858267717 459.21259842519686 81.92125984251969 19.559055118110237 D’ARTISTES

19.275590551181104 481.8897637795276 38.267716535433074 11.905511811023622 1
43.37007874015748 481.8897637795276 47.90551181102362 11.905511811023622 VOLUME
76.81889763779527 481.8897637795276 66.89763779527559 11.905511811023622 IMMATERIEL
129.25984251968504 481.8897637795276 23.811023622047244 11.905511811023622 —
138.89763779527559 481.8897637795276 100.62992125984252 11.905511811023622 ENVIRONNEMENT
225.0708661417323 481.8897637795276 38.267716535433074 11.905511811023622 1969
244.3464566929134 481.8897637795276 28.62992125984252 11.905511811023622 (400

29.19685039370079 491.5275590551181 38.267716535433074 13.606299212598426 x300
53.00787401574803 491.5275590551181 23.811023622047244 13.606299212598426 x
57.826771653543304 491.5275590551181 33.44881889763779 13.606299212598426 250).

27.77952755905512 502.5826771653543 73.13385826771653 12.755905511811024 LUMIERE
85.32283464566929 502.5826771653543 78.51968503937007 12.755905511811024 FRAGMENTEE—
147.96850393700788 502.5826771653543 115.08661417322834 12.755905511811024 ENVIRONNEMENT
242.07874015748033 502.5826771653543 31.46456692913386 12.755905511811024 1969

28.346456692913385 515.3385826771654 34.2992125984252 11.338582677165354 (400
49.60629921259842 515.3385826771654 21.543307086614174 11.338582677165354 x
58.39370078740158 515.3385826771654 30.04724409448819 11.338582677165354 300
75.4015748031496 515.3385826771654 21.543307086614174 11.338582677165354 x
79.65354330708661 515.3385826771654 30.04724409448819 11.338582677165354 250).

28.62992125984252 525.5433070866142 55.84251968503937 11.622047244094489 Rafael
71.43307086614173 525.5433070866142 73.13385826771653 11.622047244094489 MARTINEZ
131.81102362204723 525.5433070866142 25.79527559055118 11.622047244094489 né
144.56692913385828 525.5433070866142 25.79527559055118 11.622047244094489 en
157.60629921259843 525.5433070866142 34.2992125984252 11.622047244094489 1940
178.86614173228347 525.5433070866142 21.543307086614174 11.622047244094489 à
187.6535433070866 525.5433070866142 30.04724409448819 11.622047244094489 San
204.66141732283464 525.5433070866142 51.59055118110236 11.622047244094489 Fernando
239.24409448818898 525.5433070866142 34.2992125984252 11.622047244094489 (Vene-

27.496062992125985 536.0314960629921 49.32283464566929 12.472440944881889 zuela).
58.960629921259844 536.0314960629921 53.85826771653543 12.472440944881889 Sculpteur.

28.062992125984252 545.3858267716536 55.84251968503937 14.173228346456693 Juvenal
71.14960629921259 545.3858267716536 64.62992125984252 14.173228346456693 RAVELO
122.74015748031496 545.3858267716536 25.79527559055118 14.173228346456693 né
135.49606299212599 545.3858267716536 25.79527559055118 14.173228346456693 en
148.53543307086613 545.3858267716536 34.2992125984252 14.173228346456693 1934
170.07874015748033 545.3858267716536 21.543307086614174 14.173228346456693 à
178.58267716535434 545.3858267716536 51.59055118110236 14.173228346456693 Caripito
213.16535433070865 545.3858267716536 60.37795275590551 14.173228346456693 (Venezuela).

23.811023622047244 557.2913385826772 44.22047244094488 12.188976377952756 Peintre.

115.65354330708661 579.4015748031496 50.45669291338583 15.874015748031496 FILMS

28.346456692913385 600.0944881889764 45.63779527559055 15.590551181102363 Ivan
61.79527559055118 600.0944881889764 58.110236220472444 15.590551181102363 CROCE
107.43307086614173 600.0944881889764 24.944881889763778 15.590551181102363 né
119.90551181102362 600.0944881889764 24.944881889763778 15.590551181102363 en
132.3779527559055 600.0944881889764 33.16535433070866 15.590551181102363 1944
153.35433070866142 600.0944881889764 20.69291338582677 15.590551181102363 à
161.5748031496063 600.0944881889764 45.63779527559055 15.590551181102363 Caracas
190.77165354330708 600.0944881889764 58.110236220472444 15.590551181102363 (Venezuela).

19.559055118110237 613.1338582677165 40.53543307086614 11.338582677165354 2
49.889763779527556 613.1338582677165 30.330708661417322 11.338582677165354 Soto,
70.2992125984252 613.1338582677165 26.929133858267715 11.338582677165354 1968
83.62204724409449 613.1338582677165 40.53543307086614 11.338582677165354 (couleur).

19.275590551181104 623.3385826771654 45.07086614173228 12.755905511811024 3
53.00787401574803 623.3385826771654 37.7007874015748 12.755905511811024 Ravelo
79.37007874015748 623.3385826771654 18.708661417322833 12.755905511811024 -
86.74015748031496 623.3385826771654 48.75590551181102 12.755905511811024 Martinez,
124.44094488188976 623.3385826771654 30.04724409448819 12.755905511811024 1969
139.46456692913387 623.3385826771654 45.07086614173228 12.755905511811024 (couleur).

7.3700787401574805 646.0157480314961 26.929133858267715 17.291338582677167 132
