312.09448818897636 669.2598425196851
222.51968503937007 20.976377952755904 91.2755905511811 19.275590551181104 NORVEGE

60.94488188976378 128.69291338582678 83.62204724409449 18.992125984251967 Commissaire
127.84251968503936 128.69291338582678 66.89763779527559 18.992125984251967 général:
178.01574803149606 128.69291338582678 50.173228346456696 18.992125984251967 Inger
206.07874015748033 128.69291338582678 44.503937007874015 18.992125984251967 Sitter

50.45669291338583 169.22834645669292 34.2992125984252 17.5748031496063 En
67.46456692913385 169.22834645669292 68.88188976377953 17.5748031496063 Norvège,
119.33858267716535 169.22834645669292 51.59055118110236 17.5748031496063 c’est
153.63779527559055 169.22834645669292 34.2992125984252 17.5748031496063 au
170.9291338582677 169.22834645669292 57.25984251968504 17.5748031496063 Comité
210.89763779527559 169.22834645669292 40.25196850393701 17.5748031496063 des
233.85826771653544 169.22834645669292 45.92125984251968 17.5748031496063 Arts
256.81889763779526 169.22834645669292 40.25196850393701 17.5748031496063 Plas-

35.1496062992126 183.68503937007873 59.811023622047244 15.874015748031496 tiques,
78.51968503937007 183.68503937007873 54.425196850393704 15.874015748031496 organe
116.78740157480316 183.68503937007873 59.811023622047244 15.874015748031496 central
160.15748031496062 183.68503937007873 37.98425196850393 15.874015748031496 des
181.98425196850394 183.68503937007873 70.58267716535433 15.874015748031496 peintres,
231.0236220472441 183.68503937007873 65.19685039370079 15.874015748031496 sculpteurs

35.71653543307087 194.45669291338584 33.44881889763779 17.007874015748033 et
52.44094488188976 194.45669291338584 72.28346456692914 17.007874015748033 graveurs,
108.0 194.45669291338584 49.889763779527556 17.007874015748033 qu’il
141.4488188976378 194.45669291338584 60.94488188976378 17.007874015748033 incombe
185.66929133858267 194.45669291338584 33.44881889763779 17.007874015748033 de
202.39370078740157 194.45669291338584 88.7244094488189 17.007874015748033 sélectionner
269.00787401574803 194.45669291338584 27.77952755905512 17.007874015748033 les

36.0 205.22834645669292 62.645669291338585 18.992125984251967 artistes
82.77165354330708 205.22834645669292 78.23622047244095 18.992125984251967 participant
145.70078740157481 205.22834645669292 26.078740157480315 18.992125984251967 à
155.90551181102362 205.22834645669292 36.56692913385827 18.992125984251967 des
176.88188976377953 205.22834645669292 78.23622047244095 18.992125984251967 expositions
239.5275590551181 205.22834645669292 26.078740157480315 18.992125984251967 à
244.91338582677164 205.22834645669292 52.15748031496063 18.992125984251967 l’étran-

35.71653543307087 217.41732283464566 45.354330708661415 19.559055118110237 ger,
64.06299212598425 217.41732283464566 51.023622047244096 19.559055118110237 telle
98.07874015748031 217.41732283464566 34.01574803149607 19.559055118110237 la
115.08661417322834 217.41732283464566 68.03149606299213 19.559055118110237 Biennale
166.11023622047244 217.41732283464566 34.01574803149607 19.559055118110237 de
183.4015748031496 217.41732283464566 56.69291338582677 19.559055118110237 Paris.
223.08661417322836 217.41732283464566 34.01574803149607 19.559055118110237 Ce
240.09448818897638 217.41732283464566 62.36220472440945 19.559055118110237 système
279.7795275590551 217.41732283464566 17.007874015748033 19.559055118110237 a

36.28346456692913 229.60629921259843 37.41732283464567 17.007874015748033 ses
57.54330708661417 229.60629921259843 74.55118110236221 17.007874015748033 avantages,
116.22047244094489 229.60629921259843 42.803149606299215 17.007874015748033 mais
142.86614173228347 229.60629921259843 47.90551181102362 17.007874015748033 aussi
174.89763779527559 229.60629921259843 37.41732283464567 17.007874015748033 ses
196.44094488188978 229.60629921259843 96.09448818897638 17.007874015748033 inconvénients.
270.99212598425197 229.60629921259843 26.64566929133858 17.007874015748033 Par

36.8503937007874 241.79527559055117 33.16535433070866 16.15748031496063 la
53.574803149606296 241.79527559055117 49.889763779527556 16.15748031496063 force
86.74015748031496 241.79527559055117 44.22047244094488 16.15748031496063 même
114.51968503937007 241.79527559055117 38.83464566929134 16.15748031496063 des
136.62992125984252 241.79527559055117 60.94488188976378 16.15748031496063 choses,
180.8503937007874 241.79527559055117 33.16535433070866 16.15748031496063 un
197.5748031496063 241.79527559055117 49.889763779527556 16.15748031496063 petit
230.74015748031496 241.79527559055117 44.22047244094488 16.15748031496063 pays
252.8503937007874 241.79527559055117 44.22047244094488 16.15748031496063 subit,

36.28346456692913 254.83464566929135 90.70866141732283 15.307086614173228 consciemment
109.98425196850394 254.83464566929135 34.01574803149607 15.307086614173228 ou
126.99212598425197 254.83464566929135 107.71653543307086 15.307086614173228 inconsciemment,
217.70078740157481 254.83464566929135 73.7007874015748 15.307086614173228 l’emprise
268.7244094488189 254.83464566929135 28.346456692913385 15.307086614173228 des

36.56692913385827 267.59055118110234 69.44881889763779 15.023622047244094 courants
88.7244094488189 267.59055118110234 104.31496062992126 15.023622047244094 internationaux
175.46456692913387 267.59055118110234 34.86614173228347 15.023622047244094 et
193.03937007874015 267.59055118110234 34.86614173228347 15.023622047244094 un
210.33070866141733 267.59055118110234 58.110236220472444 15.023622047244094 milieu
245.1968503937008 267.59055118110234 52.15748031496063 15.023622047244094 quelque

37.41732283464567 277.2283464566929 38.83464566929134 19.275590551181104 peu
59.52755905511811 277.2283464566929 55.275590551181104 19.275590551181104 étroit
98.07874015748031 277.2283464566929 33.16535433070866 19.275590551181104 en
114.80314960629921 277.2283464566929 60.94488188976378 19.275590551181104 empêche
159.0236220472441 277.2283464566929 60.94488188976378 19.275590551181104 souvent
197.5748031496063 277.2283464566929 99.49606299212599 19.275590551181104 l’interprétation

37.13385826771653 289.4173228346457 81.35433070866142 18.141732283464567 personnelle,
103.18110236220473 289.4173228346457 55.84251968503937 18.141732283464567 surtout
144.0 289.4173228346457 40.53543307086614 18.141732283464567 chez
169.22834645669292 289.4173228346457 35.71653543307087 18.141732283464567 les
189.63779527559055 289.4173228346457 50.74015748031496 18.141732283464567 jeunes
220.251968503937 289.4173228346457 55.84251968503937 18.141732283464567 artistes.

51.874015748031496 306.1417322834646 46.77165354330709 12.472440944881889 Pour
81.35433070866142 306.1417322834646 87.8740157480315 12.472440944881889 représenter
151.6535433070866 306.1417322834646 35.1496062992126 12.472440944881889 la
169.22834645669292 306.1417322834646 64.62992125984252 12.472440944881889 Norvège
216.0 306.1417322834646 29.19685039370079 12.472440944881889 à
227.90551181102362 306.1417322834646 52.724409448818896 12.472440944881889 cette
257.1023622047244 306.1417322834646 41.10236220472441 12.472440944881889 Bien-

37.7007874015748 315.496062992126 43.37007874015748 15.590551181102363 nale
64.91338582677166 315.496062992126 49.039370078740156 15.590551181102363 1969,
97.51181102362204 315.496062992126 37.98425196850393 15.590551181102363 les
119.05511811023622 315.496062992126 65.19685039370079 15.590551181102363 artistes
168.09448818897638 315.496062992126 65.19685039370079 15.590551181102363 suivants
216.8503937007874 315.496062992126 37.98425196850393 15.590551181102363 ont
238.6771653543307 315.496062992126 37.98425196850393 15.590551181102363 été
255.11811023622047 315.496062992126 43.37007874015748 15.590551181102363 sélec-

37.7007874015748 327.11811023622045 65.19685039370079 15.874015748031496 tionnés:
86.45669291338582 327.11811023622045 32.59842519685039 15.874015748031496 le
102.61417322834646 327.11811023622045 59.52755905511811 15.874015748031496 peintre
145.98425196850394 327.11811023622045 43.37007874015748 15.874015748031496 Knut
173.1968503937008 327.11811023622045 48.75590551181102 15.874015748031496 Rose,
205.79527559055117 327.11811023622045 32.59842519685039 15.874015748031496 le
221.95275590551182 327.11811023622045 70.58267716535433 15.874015748031496 sculpteur
270.70866141732284 327.11811023622045 27.212598425196852 15.874015748031496 Jan

38.267716535433074 339.87401574803147 45.07086614173228 13.88976377952756 Sture
68.31496062992126 339.87401574803147 50.173228346456696 13.88976377952756 Jarlum
103.46456692913385 339.87401574803147 30.04724409448819 13.88976377952756 et
118.48818897637796 339.87401574803147 30.04724409448819 13.88976377952756 le
133.51181102362204 339.87401574803147 55.275590551181104 13.88976377952756 graveur
173.76377952755905 339.87401574803147 39.968503937007874 13.88976377952756 Karl
198.70866141732284 339.87401574803147 39.968503937007874 13.88976377952756 Erik
223.93700787401573 339.87401574803147 55.275590551181104 13.88976377952756 Nilsen,
259.0866141732283 339.87401574803147 39.968503937007874 13.88976377952756 artis-

37.98425196850393 352.62992125984255 37.13385826771653 13.88976377952756 tes
59.24409448818898 352.62992125984255 42.51968503937008 13.88976377952756 qui,
85.88976377952756 352.62992125984255 42.51968503937008 13.88976377952756 dans
112.53543307086615 352.62992125984255 42.51968503937008 13.88976377952756 leur
139.1811023622047 352.62992125984255 69.16535433070867 13.88976377952756 ensemble,
192.18897637795277 352.62992125984255 42.51968503937008 13.88976377952756 sont
213.4488188976378 352.62992125984255 85.03937007874016 13.88976377952756 représentatifs

38.267716535433074 363.11811023622045 36.56692913385827 14.173228346456693 des
58.960629921259844 363.11811023622045 41.669291338582674 14.173228346456693 arts
85.03937007874016 363.11811023622045 73.13385826771653 14.173228346456693 plastiques
142.58267716535434 363.11811023622045 31.46456692913386 14.173228346456693 de
158.17322834645668 363.11811023622045 31.46456692913386 14.173228346456693 la
174.04724409448818 363.11811023622045 47.05511811023622 14.173228346456693 jeune
205.22834645669292 363.11811023622045 73.13385826771653 14.173228346456693 génération
257.6692913385827 363.11811023622045 41.669291338582674 14.173228346456693 norvé-

37.98425196850393 376.4409448818898 51.59055118110236 15.023622047244094 gienne
68.88188976377953 376.4409448818898 82.77165354330708 15.023622047244094 d’aujourd’hui.

53.574803149606296 387.21259842519686 26.078740157480315 15.874015748031496 A
63.77952755905512 387.21259842519686 57.54330708661417 15.874015748031496 ceux-ci
105.73228346456693 387.21259842519686 62.645669291338585 15.874015748031496 s’ajoute
152.50393700787401 387.21259842519686 31.181102362204726 15.874015748031496 un
168.3779527559055 387.21259842519686 93.8267716535433 15.874015748031496 individualiste
241.22834645669292 387.21259842519686 57.54330708661417 15.874015748031496 invétéré,

39.118110236220474 399.9685039370079 45.354330708661415 14.740157480314961 Rolf
67.46456692913385 399.9685039370079 62.36220472440945 14.740157480314961 Aamodt.
112.81889763779527 399.9685039370079 34.01574803149607 14.740157480314961 Il
129.82677165354332 399.9685039370079 34.01574803149607 14.740157480314961 se
146.83464566929135 399.9685039370079 39.68503937007874 14.740157480314961 dit
169.51181102362204 399.9685039370079 62.36220472440945 14.740157480314961 peintre
214.58267716535434 399.9685039370079 34.01574803149607 14.740157480314961 et
225.92125984251967 399.9685039370079 73.7007874015748 14.740157480314961 compositeur

38.83464566929134 414.70866141732284 69.16535433070867 12.472440944881889 d’images.
92.1259842519685 414.70866141732284 32.031496062992126 12.472440944881889 Il
108.0 414.70866141732284 26.64566929133858 12.472440944881889 a
118.77165354330708 414.70866141732284 47.90551181102362 12.472440944881889 donné
150.51968503937007 414.70866141732284 37.13385826771653 12.472440944881889 des
172.06299212598427 414.70866141732284 63.77952755905512 12.472440944881889 concerts
219.68503937007873 414.70866141732284 32.031496062992126 12.472440944881889 et
235.84251968503938 414.70866141732284 58.39370078740158 12.472440944881889 réalisé
272.9763779527559 414.70866141732284 26.64566929133858 12.472440944881889 des

38.83464566929134 425.76377952755905 47.90551181102362 12.188976377952756 films
70.86614173228347 425.76377952755905 42.51968503937008 12.188976377952756 pour
97.51181102362204 425.76377952755905 32.031496062992126 12.188976377952756 la
113.38582677165354 425.76377952755905 74.55118110236221 12.188976377952756 télévision
172.06299212598427 425.76377952755905 32.031496062992126 12.188976377952756 et
187.93700787401573 425.76377952755905 32.031496062992126 12.188976377952756 le
204.09448818897638 425.76377952755905 58.67716535433071 12.188976377952756 cinéma.
241.22834645669292 425.76377952755905 58.67716535433071 12.188976377952756 Plusieurs

38.83464566929134 437.1023622047244 34.01574803149607 12.755905511811024 de
55.84251968503937 437.1023622047244 39.68503937007874 12.755905511811024 ses
78.51968503937007 437.1023622047244 56.69291338582677 12.755905511811024 œuvres
118.20472440944881 437.1023622047244 39.68503937007874 12.755905511811024 ont
140.88188976377953 437.1023622047244 39.68503937007874 12.755905511811024 été
163.55905511811022 437.1023622047244 56.69291338582677 12.755905511811024 créées
203.24409448818898 437.1023622047244 34.01574803149607 12.755905511811024 en
214.58267716535434 437.1023622047244 85.03937007874016 12.755905511811024 collaboration

39.118110236220474 448.4409448818898 60.94488188976378 12.188976377952756 étroite
83.62204724409449 448.4409448818898 44.503937007874015 12.188976377952756 avec
111.4015748031496 448.4409448818898 38.83464566929134 12.188976377952756 des
133.51181102362204 448.4409448818898 88.7244094488189 12.188976377952756 compositeurs
205.51181102362204 448.4409448818898 33.16535433070866 12.188976377952756 et
222.23622047244095 448.4409448818898 38.83464566929134 12.188976377952756 des
238.96062992125985 448.4409448818898 60.94488188976378 12.188976377952756 danseurs.

54.99212598425197 463.18110236220474 31.46456692913386 14.456692913385826 Un
70.58267716535433 463.18110236220474 47.05511811023622 14.456692913385826 autre
102.04724409448819 463.18110236220474 62.645669291338585 14.456692913385826 artiste,
149.10236220472441 463.18110236220474 36.56692913385827 14.456692913385826 Jan
170.07874015748033 463.18110236220474 52.44094488188976 14.456692913385826 Horne,
206.64566929133858 463.18110236220474 47.05511811023622 14.456692913385826 s’est
238.11023622047244 463.18110236220474 41.95275590551181 14.456692913385826 fait
258.8031496062992 463.18110236220474 41.95275590551181 14.456692913385826 remar-

39.40157480314961 473.1023622047244 44.503937007874015 16.724409448818896 quer
67.18110236220473 473.1023622047244 38.83464566929134 16.724409448818896 ces
89.5748031496063 473.1023622047244 72.0 16.724409448818896 dernières
144.8503937007874 473.1023622047244 55.55905511811024 16.724409448818896 années
183.68503937007873 473.1023622047244 27.77952755905512 16.724409448818896 à
194.74015748031496 473.1023622047244 33.16535433070866 16.724409448818896 la
211.46456692913387 473.1023622047244 83.05511811023622 16.724409448818896 télévision.
272.40944881889766 473.1023622047244 27.77952755905512 16.724409448818896 Son

39.968503937007874 485.00787401574803 74.83464566929133 16.15748031496063 programme,
98.64566929133858 485.00787401574803 64.06299212598425 16.15748031496063 intitulé
146.83464566929135 485.00787401574803 69.44881889763779 16.15748031496063 Plym-Plym
200.1259842519685 485.00787401574803 58.67716535433071 16.15748031496063 résulte
242.9291338582677 485.00787401574803 48.188976377952756 16.15748031496063 d’une
269.5748031496063 485.00787401574803 32.031496062992126 16.15748031496063 col-

40.818897637795274 499.46456692913387 72.85039370078741 12.755905511811024 laboration
97.79527559055119 499.46456692913387 41.669291338582674 12.755905511811024 avec
123.8740157480315 499.46456692913387 31.181102362204726 12.755905511811024 le
139.46456692913387 499.46456692913387 46.77165354330709 12.755905511811024 jeune
170.64566929133858 499.46456692913387 77.95275590551181 12.755905511811024 compositeur
233.00787401574803 499.46456692913387 41.669291338582674 12.755905511811024 Kâre
253.98425196850394 499.46456692913387 46.77165354330709 12.755905511811024 Kolberg

40.25196850393701 510.5196850393701 39.68503937007874 12.188976377952756 qui
62.92913385826772 510.5196850393701 51.023622047244096 12.188976377952756 s’est
96.94488188976378 510.5196850393701 68.03149606299213 12.188976377952756 inspiré,
147.96850393700788 510.5196850393701 45.354330708661415 12.188976377952756 pour
176.03149606299212 510.5196850393701 39.68503937007874 12.188976377952756 son
198.70866141732284 510.5196850393701 51.023622047244096 12.188976377952756 œuvre
232.7244094488189 510.5196850393701 45.354330708661415 12.188976377952756 pour
255.4015748031496 510.5196850393701 45.354330708661415 12.188976377952756 chœur,

39.68503937007874 521.2913385826772 49.889763779527556 15.023622047244094 d’un
70.86614173228347 521.2913385826772 56.125984251968504 15.023622047244094 poème
108.28346456692914 521.2913385826772 37.41732283464567 15.023622047244094 de
126.99212598425197 521.2913385826772 56.125984251968504 15.023622047244094 Stein
164.40944881889763 521.2913385826772 68.5984251968504 15.023622047244094 Mehren,
214.01574803149606 521.2913385826772 37.41732283464567 15.023622047244094 un
232.7244094488189 521.2913385826772 43.653543307086615 15.023622047244094 des
251.43307086614172 521.2913385826772 49.889763779527556 15.023622047244094 jeunes

40.53543307086614 533.7637795275591 54.99212598425197 15.307086614173228 poètes
78.80314960629921 533.7637795275591 76.81889763779527 15.307086614173228 norvégiens
139.1811023622047 533.7637795275591 38.55118110236221 15.307086614173228 les
161.29133858267716 533.7637795275591 43.93700787401575 15.307086614173228 plus
183.11811023622047 533.7637795275591 60.37795275590551 15.307086614173228 éminents.

54.99212598425197 545.3858267716536 48.188976377952756 16.440944881889763 Arild
87.30708661417323 545.3858267716536 53.574803149606296 16.440944881889763 Boman,
124.7244094488189 545.3858267716536 85.88976377952756 16.440944881889763 compositeur,
194.45669291338584 545.3858267716536 26.929133858267715 16.440944881889763 a
205.22834645669292 545.3858267716536 48.188976377952756 16.440944881889763 écrit
237.54330708661416 545.3858267716536 32.31496062992126 16.440944881889763 de
253.70078740157481 545.3858267716536 32.31496062992126 16.440944881889763 la
264.18897637795277 545.3858267716536 37.7007874015748 16.440944881889763 musi-

41.38582677165354 559.5590551181102 37.13385826771653 13.32283464566929 que
62.645669291338585 559.5590551181102 42.51968503937008 13.32283464566929 pour
89.29133858267717 559.5590551181102 63.77952755905512 13.32283464566929 théâtre,
137.1968503937008 559.5590551181102 47.90551181102362 13.32283464566929 film,
169.22834645669292 559.5590551181102 79.93700787401575 13.32283464566929 télévision,
233.00787401574803 559.5590551181102 47.90551181102362 13.32283464566929 ainsi
265.03937007874015 559.5590551181102 37.13385826771653 13.32283464566929 que
280.9133858267717 559.5590551181102 21.25984251968504 13.32283464566929 de

41.38582677165354 571.4645669291339 34.86614173228347 14.173228346456693 la
58.67716535433071 571.4645669291339 64.06299212598425 14.173228346456693 musique
105.16535433070867 571.4645669291339 64.06299212598425 14.173228346456693 sacrée.
151.6535433070866 571.4645669291339 75.68503937007874 14.173228346456693 Certaines
209.76377952755905 571.4645669291339 34.86614173228347 14.173228346456693 de
227.33858267716536 571.4645669291339 40.818897637795274 14.173228346456693 ses
244.62992125984252 571.4645669291339 58.110236220472444 14.173228346456693 composi-

40.818897637795274 583.0866141732283 48.188976377952756 12.472440944881889 tions
72.85039370078741 583.0866141732283 37.41732283464567 12.472440944881889 ont
94.39370078740157 583.0866141732283 37.41732283464567 12.472440944881889 été
115.65354330708661 583.0866141732283 80.22047244094489 12.472440944881889 développées
179.71653543307087 583.0866141732283 26.64566929133858 12.472440944881889 à
190.48818897637796 583.0866141732283 53.29133858267716 12.472440944881889 l’aide
222.51968503937007 583.0866141732283 80.22047244094489 12.472440944881889 d’ordinateurs

41.38582677165354 595.2755905511812 96.37795275590551 12.188976377952756 électroniques
120.75590551181102 595.2755905511812 39.68503937007874 12.188976377952756 qui
143.43307086614172 595.2755905511812 39.68503937007874 12.188976377952756 les
166.11023622047244 595.2755905511812 62.36220472440945 12.188976377952756 rendent
211.748031496063 595.2755905511812 90.70866141732283 12.188976377952756 susceptibles
279.7795275590551 595.2755905511812 22.677165354330707 12.188976377952756 de

41.669291338582674 606.6141732283464 53.29133858267716 14.173228346456693 servir
79.08661417322834 606.6141732283464 32.031496062992126 14.173228346456693 la
94.96062992125984 606.6141732283464 69.16535433070867 14.173228346456693 recherche
148.251968503937 606.6141732283464 90.4251968503937 14.173228346456693 expérimentale
222.8031496062992 606.6141732283464 32.031496062992126 14.173228346456693 en
233.5748031496063 606.6141732283464 69.16535433070867 14.173228346456693 sociologie.

42.23622047244095 618.2362204724409 42.51968503937008 14.740157480314961 Dans
68.88188976377953 618.2362204724409 58.39370078740158 14.740157480314961 l’œuvre
111.4015748031496 618.2362204724409 69.16535433070867 14.740157480314961 présentée
164.69291338582678 618.2362204724409 42.51968503937008 14.740157480314961 ici,
191.33858267716536 618.2362204724409 32.031496062992126 14.740157480314961 il
207.21259842519686 618.2362204724409 63.77952755905512 14.740157480314961 s’occupe
249.73228346456693 618.2362204724409 53.29133858267716 14.740157480314961 particu

280.06299212598424 645.4488188976378 23.244094488188978 12.188976377952756 93
