308.6929133858268 676.0629921259842
187.08661417322836 22.11023622047244 101.76377952755905 19.275590551181104 ARGENTINE

47.05511811023622 130.6771653543307 72.0 17.5748031496063 Commissaire
104.5984251968504 130.6771653543307 52.724409448818896 17.5748031496063 général
143.1496062992126 130.6771653543307 24.094488188976378 17.5748031496063 :
152.78740157480314 130.6771653543307 52.724409448818896 17.5748031496063 Hugo
186.51968503937007 130.6771653543307 72.0 17.5748031496063 Caballero

44.22047244094488 148.8188976377953 43.653543307086615 15.023622047244094 Peintre.

36.28346456692913 183.4015748031496 27.496062992125985 17.858267716535433 A
47.05511811023622 183.4015748031496 65.76377952755905 17.858267716535433 l’instar
96.37795275590551 183.4015748031496 32.881889763779526 17.858267716535433 de
112.81889763779527 183.4015748031496 32.881889763779526 17.858267716535433 ce
129.25984251968504 183.4015748031496 38.267716535433074 17.858267716535433 qui
151.37007874015748 183.4015748031496 54.70866141732284 17.858267716535433 arrive
189.63779527559055 183.4015748031496 43.93700787401575 17.858267716535433 dans
217.13385826771653 183.4015748031496 32.881889763779526 17.858267716535433 le
233.5748031496063 183.4015748031496 49.32283464566929 17.858267716535433 reste
261.07086614173227 183.4015748031496 21.826771653543307 17.858267716535433 du

20.976377952755904 196.15748031496062 56.976377952755904 17.858267716535433 monde,
60.94488188976378 196.15748031496062 39.968503937007874 17.858267716535433 les
83.62204724409449 196.15748031496062 45.63779527559055 17.858267716535433 arts
112.25196850393701 196.15748031496062 79.93700787401575 17.858267716535433 plastiques
174.89763779527559 196.15748031496062 39.968503937007874 17.858267716535433 ont
197.85826771653544 196.15748031496062 51.30708661417323 17.858267716535433 connu
232.15748031496062 196.15748031496062 34.2992125984252 17.858267716535433 au
243.49606299212599 196.15748031496062 39.968503937007874 17.858267716535433 cours

21.25984251968504 206.9291338582677 39.118110236220474 20.409448818897637 des
43.653543307086615 206.9291338582677 72.56692913385827 20.409448818897637 dernières
99.49606299212599 206.9291338582677 55.84251968503937 20.409448818897637 années
138.33070866141733 206.9291338582677 33.44881889763779 20.409448818897637 en
155.33858267716536 206.9291338582677 72.56692913385827 20.409448818897637 Argentine
210.89763779527559 206.9291338582677 39.118110236220474 20.409448818897637 une
227.6220472440945 206.9291338582677 55.84251968503937 20.409448818897637 activité

21.543307086614174 218.5511811023622 92.97637795275591 17.858267716535433 expérimentale
98.07874015748031 218.5511811023622 43.653543307086615 17.858267716535433 très
125.29133858267717 218.5511811023622 65.76377952755905 17.858267716535433 intense,
174.61417322834646 218.5511811023622 71.14960629921259 17.858267716535433 notamment
229.3228346456693 218.5511811023622 49.32283464566929 17.858267716535433 parmi
256.81889763779526 218.5511811023622 27.212598425196852 17.858267716535433 les

20.976377952755904 231.0236220472441 58.39370078740158 20.409448818897637 jeunes
62.07874015748032 231.0236220472441 75.96850393700787 20.409448818897637 artistes.
120.4724409448819 231.0236220472441 40.818897637795274 20.409448818897637 Ces
144.0 231.0236220472441 70.2992125984252 20.409448818897637 derniers
196.44094488188978 231.0236220472441 35.1496062992126 20.409448818897637 se
214.01574803149606 231.0236220472441 46.77165354330709 20.409448818897637 sont
237.54330708661416 231.0236220472441 46.77165354330709 20.409448818897637 lancés

21.826771653543307 243.21259842519686 42.803149606299215 17.007874015748033 dans
48.75590551181102 243.21259842519686 37.41732283464567 17.007874015748033 une
70.01574803149606 243.21259842519686 42.803149606299215 17.007874015748033 très
96.94488188976378 243.21259842519686 48.188976377952756 17.007874015748033 large
128.9763779527559 243.21259842519686 75.11811023622047 17.007874015748033 proportion
188.2204724409449 243.21259842519686 32.31496062992126 17.007874015748033 et
204.09448818897638 243.21259842519686 42.803149606299215 17.007874015748033 avec
231.0236220472441 243.21259842519686 37.41732283464567 17.007874015748033 une
247.1811023622047 243.21259842519686 37.41732283464567 17.007874015748033 véri-

21.543307086614174 256.53543307086613 47.338582677165356 15.874015748031496 table
53.29133858267716 256.53543307086613 57.826771653543304 15.874015748031496 avidité
95.24409448818898 256.53543307086613 41.95275590551181 15.874015748031496 dans
121.32283464566929 256.53543307086613 36.8503937007874 15.874015748031496 les
142.29921259842519 256.53543307086613 73.41732283464567 15.874015748031496 recherches
200.1259842519685 256.53543307086613 36.8503937007874 15.874015748031496 les
221.10236220472441 256.53543307086613 41.95275590551181 15.874015748031496 plus
242.07874015748033 256.53543307086613 41.95275590551181 15.874015748031496 diver-

22.11023622047244 266.45669291338584 43.653543307086615 18.4251968503937 ses,
49.32283464566929 266.45669291338584 43.653543307086615 18.4251968503937 sans
76.53543307086615 266.45669291338584 54.70866141732284 18.4251968503937 éviter
114.80314960629921 266.45669291338584 71.14960629921259 18.4251968503937 l’extrême
169.51181102362204 266.45669291338584 60.09448818897638 18.4251968503937 audace,
213.16535433070865 266.45669291338584 43.653543307086615 18.4251968503937 même
235.2755905511811 266.45669291338584 49.039370078740156 18.4251968503937 lorsque

22.393700787401574 279.21259842519686 65.48031496062993 17.5748031496063 celle-ci
71.43307086614173 279.21259842519686 60.09448818897638 17.5748031496063 pouvait
115.08661417322834 279.21259842519686 65.48031496062993 17.5748031496063 conduire
164.40944881889763 279.21259842519686 27.212598425196852 17.5748031496063 à
175.1811023622047 279.21259842519686 109.41732283464567 17.5748031496063 l’anéantissement
262.7716535433071 279.21259842519686 21.826771653543307 17.5748031496063 de

18.708661417322833 295.37007874015745 50.45669291338583 15.023622047244094 l’œuvre.

39.118110236220474 306.4251968503937 32.881889763779526 18.4251968503937 Un
55.55905511811024 306.4251968503937 54.70866141732284 18.4251968503937 besoin
93.54330708661418 306.4251968503937 71.14960629921259 18.4251968503937 permanent
148.251968503937 306.4251968503937 76.53543307086615 18.4251968503937 d’explorer
208.3464566929134 306.4251968503937 38.267716535433074 18.4251968503937 les
224.78740157480314 306.4251968503937 60.09448818897638 18.4251968503937 nouvelles

22.96062992125984 320.31496062992125 76.53543307086615 16.724409448818896 techniques
83.05511811023622 320.31496062992125 32.881889763779526 16.724409448818896 et
99.21259842519684 320.31496062992125 38.267716535433074 16.724409448818896 les
121.03937007874016 320.31496062992125 70.86614173228347 16.724409448818896 nouvelles
175.748031496063 320.31496062992125 54.70866141732284 16.724409448818896 formes
208.3464566929134 320.31496062992125 76.53543307086615 16.724409448818896 d’expression

23.52755905511811 333.6377952755906 47.90551181102362 18.141732283464567 nous
53.29133858267716 333.6377952755906 59.811023622047244 18.141732283464567 révèle
95.24409448818898 333.6377952755906 71.71653543307086 18.141732283464567 l’esprit
148.8188976377953 333.6377952755906 41.669291338582674 18.141732283464567 qui
172.91338582677164 333.6377952755906 53.85826771653543 18.141732283464567 anime
208.62992125984252 333.6377952755906 41.669291338582674 18.141732283464567 les
226.48818897637796 333.6377952755906 59.811023622047244 18.141732283464567 nouveaux

23.811023622047244 344.6929133858268 53.574803149606296 17.007874015748033 venus.
61.22834645669291 344.6929133858268 32.031496062992126 17.007874015748033 Ce
77.38582677165354 344.6929133858268 53.574803149606296 17.007874015748033 besoin
114.80314960629921 344.6929133858268 37.41732283464567 17.007874015748033 est
136.3464566929134 344.6929133858268 58.960629921259844 17.007874015748033 orienté
179.1496062992126 344.6929133858268 42.803149606299215 17.007874015748033 dans
205.79527559055117 344.6929133858268 37.41732283464567 17.007874015748033 les
221.95275590551182 344.6929133858268 64.34645669291339 17.007874015748033 directions

24.661417322834644 355.18110236220474 40.818897637795274 17.5748031496063 les
47.90551181102362 355.18110236220474 46.488188976377955 17.5748031496063 plus
76.81889763779527 355.18110236220474 69.73228346456693 17.5748031496063 variées,
129.25984251968504 355.18110236220474 58.110236220472444 17.5748031496063 depuis
169.79527559055117 355.18110236220474 34.86614173228347 17.5748031496063 la
187.37007874015748 355.18110236220474 98.92913385826772 17.5748031496063 prépondérance
262.7716535433071 355.18110236220474 23.244094488188978 17.5748031496063 de

25.228346456692915 367.65354330708664 89.00787401574803 17.291338582677167 l’imagination
98.36220472440945 367.65354330708664 41.95275590551181 17.291338582677167 pure
124.44094488188976 367.65354330708664 47.05511811023622 17.291338582677167 (avec
155.90551181102362 367.65354330708664 73.41732283464567 17.291338582677167 projection
213.4488188976378 367.65354330708664 62.92913385826772 17.291338582677167 d’images
255.4015748031496 367.65354330708664 31.46456692913386 17.291338582677167 sub-

24.661417322834644 380.9763779527559 65.48031496062993 17.007874015748033 jectives
73.7007874015748 380.9763779527559 32.59842519685039 17.007874015748033 ou
90.14173228346456 380.9763779527559 70.86614173228347 17.007874015748033 provenant
144.56692913385828 380.9763779527559 32.59842519685039 17.007874015748033 de
161.00787401574803 380.9763779527559 70.86614173228347 17.007874015748033 l’univers
215.43307086614172 380.9763779527559 70.86614173228347 17.007874015748033 onirique,
264.4724409448819 380.9763779527559 21.826771653543307 17.007874015748033 ou

24.661417322834644 394.5826771653543 47.62204724409449 14.740157480314961 bien
54.425196850393704 394.5826771653543 71.43307086614173 14.740157480314961 l’emploi
108.0 394.5826771653543 35.71653543307087 14.740157480314961 de
125.85826771653544 394.5826771653543 35.71653543307087 14.740157480314961 la
143.71653543307087 394.5826771653543 77.38582677165354 14.740157480314961 mécanique
203.5275590551181 394.5826771653543 41.669291338582674 14.740157480314961 qui
227.33858267716536 394.5826771653543 53.574803149606296 14.740157480314961 opère
257.1023622047244 394.5826771653543 29.763779527559056 14.740157480314961 une

24.37795275590551 405.9212598425197 106.58267716535433 12.755905511811024 transfiguration
114.23622047244095 405.9212598425197 33.732283464566926 12.755905511811024 de
130.96062992125985 405.9212598425197 78.51968503937007 12.755905511811024 l’humour),
192.75590551181102 405.9212598425197 61.79527559055118 12.755905511811024 jusqu’à
237.54330708661416 405.9212598425197 33.732283464566926 12.755905511811024 la
248.88188976377953 405.9212598425197 39.118110236220474 12.755905511811024 péné-

24.944881889763778 417.54330708661416 61.511811023622045 13.606299212598426 tration
69.73228346456693 417.54330708661416 44.78740157480315 13.606299212598426 dans
97.79527559055119 417.54330708661416 33.44881889763779 13.606299212598426 le
114.51968503937007 417.54330708661416 50.173228346456696 13.606299212598426 monde
147.96850393700788 417.54330708661416 94.96062992125984 13.606299212598426 technologique
226.20472440944883 417.54330708661416 44.78740157480315 13.606299212598426 pour
248.5984251968504 417.54330708661416 39.118110236220474 13.606299212598426 aller

25.228346456692915 430.86614173228344 29.763779527559056 12.472440944881889 à
37.13385826771653 430.86614173228344 35.71653543307087 12.472440944881889 la
54.99212598425197 430.86614173228344 83.62204724409449 12.472440944881889 découverte
120.75590551181102 430.86614173228344 41.669291338582674 12.472440944881889 des
144.56692913385828 430.86614173228344 71.71653543307086 12.472440944881889 nouveaux
198.14173228346456 430.86614173228344 83.62204724409449 12.472440944881889 matériaux,
257.9527559055118 430.86614173228344 29.763779527559056 12.472440944881889 des

25.79527559055118 439.37007874015745 71.43307086614173 18.141732283464567 nouveaux
79.37007874015748 439.37007874015745 59.52755905511811 18.141732283464567 thèmes
121.03937007874016 439.37007874015745 35.71653543307087 18.141732283464567 de
138.89763779527559 439.37007874015745 71.43307086614173 18.141732283464567 création
192.75590551181102 439.37007874015745 71.43307086614173 18.141732283464567 proposés
246.33070866141733 439.37007874015745 41.669291338582674 18.141732283464567 par
264.18897637795277 439.37007874015745 23.811023622047244 18.141732283464567 le

25.79527559055118 452.9763779527559 51.30708661417323 14.173228346456693 monde
59.811023622047244 452.9763779527559 96.94488188976378 14.173228346456693 contemporain,
139.748031496063 452.9763779527559 96.94488188976378 14.173228346456693 s’incorporant
219.4015748031496 452.9763779527559 34.2992125984252 14.173228346456693 de
236.40944881889763 452.9763779527559 34.2992125984252 14.173228346456693 la
247.748031496063 452.9763779527559 39.968503937007874 14.173228346456693 sorte

26.64566929133858 466.5826771653543 26.64566929133858 12.472440944881889 à
37.41732283464567 466.5826771653543 32.031496062992126 12.472440944881889 la
53.29133858267716 466.5826771653543 58.67716535433071 12.472440944881889 réalité
96.09448818897638 466.5826771653543 64.06299212598425 12.472440944881889 concrète
144.0 466.5826771653543 42.803149606299215 12.472440944881889 dans
170.64566929133858 466.5826771653543 64.06299212598425 12.472440944881889 laquelle
218.5511811023622 466.5826771653543 42.803149606299215 12.472440944881889 nous
240.09448818897638 466.5826771653543 47.90551181102362 12.472440944881889 vivons.

43.37007874015748 483.3070866141732 45.92125984251968 13.039370078740157 Entre
73.98425196850394 483.3070866141732 35.71653543307087 13.039370078740157 ces
94.39370078740157 483.3070866141732 45.92125984251968 13.039370078740157 pôles
125.29133858267717 483.3070866141732 30.614173228346456 13.039370078740157 de
140.5984251968504 483.3070866141732 87.02362204724409 13.039370078740157 l’imagination
212.03149606299212 483.3070866141732 30.614173228346456 13.039370078740157 et
227.33858267716536 483.3070866141732 30.614173228346456 13.039370078740157 de
237.82677165354332 483.3070866141732 51.023622047244096 13.039370078740157 l’inven-

26.64566929133858 494.3622047244094 45.63779527559055 14.740157480314961 tion
54.99212598425197 494.3622047244094 34.2992125984252 14.740157480314961 le
72.28346456692914 494.3622047244094 56.976377952755904 14.740157480314961 nouvel
111.96850393700787 494.3622047244094 39.968503937007874 14.740157480314961 art
134.9291338582677 494.3622047244094 68.31496062992126 14.740157480314961 argentin
185.95275590551182 494.3622047244094 34.2992125984252 14.740157480314961 se
203.24409448818898 494.3622047244094 73.98425196850394 14.740157480314961 développe
254.26771653543307 494.3622047244094 34.2992125984252 14.740157480314961 avec

27.496062992125985 506.5511811023622 40.818897637795274 13.039370078740157 une
50.74015748031496 506.5511811023622 52.44094488188976 13.039370078740157 force
85.60629921259843 506.5511811023622 110.55118110236221 13.039370078740157 extraordinaire,
178.58267716535434 506.5511811023622 29.19685039370079 13.039370078740157 à
190.20472440944883 506.5511811023622 34.86614173228347 13.039370078740157 la
207.49606299212599 506.5511811023622 58.110236220472444 13.039370078740157 faveur
248.31496062992127 506.5511811023622 34.86614173228347 13.039370078740157 de
259.93700787401576 506.5511811023622 29.19685039370079 13.039370078740157 cet

27.496062992125985 517.6062992125984 44.503937007874015 13.88976377952756 élan
55.55905511811024 517.6062992125984 38.83464566929134 13.88976377952756 qui
77.66929133858268 517.6062992125984 33.44881889763779 13.88976377952756 le
94.39370078740157 517.6062992125984 61.22834645669291 13.88976377952756 conduit
138.89763779527559 517.6062992125984 27.77952755905512 13.88976377952756 à
149.95275590551182 517.6062992125984 66.89763779527559 13.88976377952756 pénétrer
200.1259842519685 517.6062992125984 33.44881889763779 13.88976377952756 de
216.8503937007874 517.6062992125984 44.503937007874015 13.88976377952756 plus
244.62992125984252 517.6062992125984 33.44881889763779 13.88976377952756 en
255.68503937007873 517.6062992125984 33.44881889763779 13.88976377952756 plus

28.062992125984252 531.496062992126 41.95275590551181 12.755905511811024 dans
54.14173228346457 531.496062992126 73.41732283464567 12.755905511811024 l’inconnu:
111.68503937007874 531.496062992126 31.46456692913386 12.755905511811024 la
127.55905511811024 531.496062992126 57.54330708661417 12.755905511811024 liberté
169.51181102362204 531.496062992126 31.46456692913386 12.755905511811024 de
180.0 531.496062992126 57.54330708661417 12.755905511811024 création.

205.51181102362204 618.2362204724409 40.25196850393701 21.25984251968504 Aldo
225.63779527559055 618.2362204724409 65.48031496062993 21.25984251968504 Pelligrini.

267.3070866141732 649.1338582677165 24.944881889763778 13.606299212598426 25
