301.03937007874015 669.2598425196851
-0.8503937007874016 17.007874015748033 116.78740157480316 21.826771653543307 <b>ETATS

54.425196850393704 123.02362204724409 68.31496062992126 20.125984251968504 Commissaire
109.13385826771653 123.02362204724409 50.173228346456696 20.125984251968504 général
145.70078740157481 123.02362204724409 22.677165354330707 20.125984251968504 :
154.77165354330708 123.02362204724409 54.70866141732284 20.125984251968504 <b>Billy
191.33858267716536 123.02362204724409 54.70866141732284 20.125984251968504 Kluver</b>

55.275590551181104 141.4488188976378 53.574803149606296 15.023622047244094 Président
96.66141732283465 141.4488188976378 82.20472440944881 15.023622047244094 d’<b>Experiments
166.39370078740157 141.4488188976378 24.661417322834644 15.023622047244094 in
178.86614173228347 141.4488188976378 28.913385826771652 15.023622047244094 Art
195.30708661417322 141.4488188976378 28.913385826771652 15.023622047244094 and
207.7795275590551 141.4488188976378 65.76377952755905 15.023622047244094 Technology</b>

42.803149606299215 164.1259842519685 86.45669291338582 17.858267716535433 <b>Experiments
114.80314960629921 164.1259842519685 28.913385826771652 17.858267716535433 in
129.25984251968504 164.1259842519685 33.732283464566926 17.858267716535433 Art
148.53543307086613 164.1259842519685 33.732283464566926 17.858267716535433 and
167.81102362204723 164.1259842519685 86.45669291338582 17.858267716535433 Technology</b>
239.81102362204723 164.1259842519685 33.732283464566926 17.858267716535433 est
254.26771653543307 164.1259842519685 19.275590551181104 17.858267716535433 in

26.078740157480315 177.4488188976378 51.59055118110236 15.590551181102363 réseau
62.07874015748032 177.4488188976378 87.8740157480315 15.590551181102363 international
134.64566929133858 177.4488188976378 77.66929133858268 15.590551181102363 d’activités
196.44094488188978 177.4488188976378 30.89763779527559 15.590551181102363 et
212.03149606299212 177.4488188976378 30.89763779527559 15.590551181102363 de
222.51968503937007 177.4488188976378 51.59055118110236 15.590551181102363 services

25.511811023622048 191.33858267716536 91.84251968503936 14.740157480314961 expérimentaux
101.19685039370079 191.33858267716536 64.91338582677166 14.740157480314961 destinés
149.66929133858267 191.33858267716536 26.929133858267715 14.740157480314961 à
160.44094488188978 191.33858267716536 70.2992125984252 14.740157480314961 catalyser
214.58267716535434 191.33858267716536 37.7007874015748 14.740157480314961 les
230.74015748031496 191.33858267716536 43.08661417322835 14.740157480314961 condie

25.511811023622048 201.82677165354332 46.488188976377955 13.606299212598426 tions
56.40944881889764 201.82677165354332 72.56692913385827 13.606299212598426 physiques,
113.38582677165354 201.82677165354332 77.66929133858268 13.606299212598426 économiques
175.748031496063 201.82677165354332 31.181102362204726 13.606299212598426 et
191.33858267716536 201.82677165354332 62.07874015748032 13.606299212598426 sociales
232.7244094488189 201.82677165354332 41.38582677165354 13.606299212598426 néces-

25.228346456692915 216.56692913385828 49.60629921259842 13.606299212598426 saires
60.09448818897638 216.56692913385828 24.944881889763778 13.606299212598426 à
70.01574803149606 216.56692913385828 29.763779527559056 13.606299212598426 la
85.03937007874016 216.56692913385828 74.55118110236221 13.606299212598426 coopération
144.56692913385828 216.56692913385828 69.44881889763779 13.606299212598426 inévitable
199.2755905511811 216.56692913385828 44.78740157480315 13.606299212598426 entre
224.2204724409449 216.56692913385828 49.60629921259842 13.606299212598426 artistes

24.944881889763778 225.63779527559055 89.00787401574803 15.874015748031496 ingénieurs,
96.09448818897638 225.63779527559055 59.24409448818898 15.874015748031496 hommes
137.76377952755905 225.63779527559055 35.71653543307087 15.874015748031496 de
155.33858267716536 225.63779527559055 71.14960629921259 15.874015748031496 science,
208.91338582677164 225.63779527559055 65.19685039370079 15.874015748031496 membres
250.29921259842519 225.63779527559055 23.811023622047244 15.874015748031496 de

26.078740157480315 236.9763779527559 80.78740157480316 15.023622047244094 l’industrie
90.70866141732283 236.9763779527559 32.31496062992126 15.023622047244094 et
106.86614173228347 236.9763779527559 32.31496062992126 15.023622047244094 du
123.02362204724409 236.9763779527559 48.47244094488189 15.023622047244094 monde
155.0551181102362 236.9763779527559 32.31496062992126 15.023622047244094 du
165.82677165354332 236.9763779527559 53.85826771653543 15.023622047244094 travail.

41.95275590551181 253.41732283464566 44.22047244094488 15.874015748031496 Nous
69.73228346456693 253.41732283464566 60.94488188976378 15.874015748031496 mettons
113.95275590551181 253.41732283464566 38.83464566929134 15.874015748031496 sur
136.06299212598427 253.41732283464566 44.22047244094488 15.874015748031496 pied
163.84251968503938 253.41732283464566 38.83464566929134 15.874015748031496 des
185.95275590551182 253.41732283464566 66.33070866141732 15.874015748031496 services
235.55905511811022 253.41732283464566 33.16535433070866 15.874015748031496 et
246.61417322834646 253.41732283464566 27.77952755905512 15.874015748031496 des

24.944881889763778 266.74015748031496 75.96850393700787 13.32283464566929 programmes
84.4724409448819 266.74015748031496 37.98425196850393 13.32283464566929 qui
106.2992125984252 266.74015748031496 75.96850393700787 13.32283464566929 permettent
165.82677165354332 266.74015748031496 27.212598425196852 13.32283464566929 à
176.88188976377953 266.74015748031496 70.58267716535433 13.32283464566929 l’artiste
225.63779527559055 266.74015748031496 48.75590551181102 13.32283464566929 contems

25.79527559055118 279.496062992126 51.874015748031496 11.905511811023622 porain
62.07874015748032 279.496062992126 31.181102362204726 11.905511811023622 de
77.38582677165354 279.496062992126 72.56692913385827 11.905511811023622 collaborer
134.36220472440945 279.496062992126 41.38582677165354 11.905511811023622 avec
160.15748031496062 279.496062992126 36.28346456692913 11.905511811023622 les
180.8503937007874 279.496062992126 72.56692913385827 11.905511811023622 ingénieurs
237.82677165354332 279.496062992126 31.181102362204726 11.905511811023622 et
248.31496062992127 279.496062992126 25.79527559055118 11.905511811023622 les

25.228346456692915 290.8346456692913 54.14173228346457 13.32283464566929 hommes
63.21259842519685 290.8346456692913 32.59842519685039 13.32283464566929 de
79.37007874015748 290.8346456692913 59.52755905511811 13.32283464566929 science
122.74015748031496 290.8346456692913 43.37007874015748 13.32283464566929 dans
149.95275590551182 290.8346456692913 103.18110236220473 13.32283464566929 l’environnement
231.30708661417322 290.8346456692913 43.37007874015748 13.32283464566929 indus-

25.228346456692915 302.45669291338584 46.77165354330709 12.755905511811024 triel
56.40944881889764 302.45669291338584 31.181102362204726 12.755905511811024 et
72.0 302.45669291338584 57.25984251968504 12.755905511811024 d’avoir
113.38582677165354 302.45669291338584 46.77165354330709 12.755905511811024 accès
144.56692913385828 302.45669291338584 36.28346456692913 12.755905511811024 aux
165.25984251968504 302.45669291338584 67.46456692913385 12.755905511811024 matériaux
217.13385826771653 302.45669291338584 31.181102362204726 12.755905511811024 et
232.7244094488189 302.45669291338584 36.28346456692913 12.755905511811024 aux
248.31496062992127 302.45669291338584 26.078740157480315 12.755905511811024 pie

24.094488188976378 314.0787401574803 61.22834645669291 14.456692913385826 cessus
66.89763779527559 314.0787401574803 91.55905511811024 14.456692913385826 techniques.
140.31496062992127 314.0787401574803 48.75590551181102 14.456692913385826 Nous
170.9291338582677 314.0787401574803 97.79527559055119 14.456692913385826 entreprenons
244.06299212598427 314.0787401574803 30.614173228346456 14.456692913385826 des

24.661417322834644 326.8346456692913 79.65354330708661 11.622047244094489 programmes
87.30708661417323 326.8346456692913 28.346456692913385 11.622047244094489 à
98.64566929133858 326.8346456692913 56.976377952755904 11.622047244094489 grande
138.33070866141733 326.8346456692913 62.645669291338585 11.622047244094489 échelle
183.96850393700788 326.8346456692913 39.68503937007874 11.622047244094489 qui
206.64566929133858 326.8346456692913 73.98425196850394 11.622047244094489 utilisent
257.9527559055118 326.8346456692913 17.007874015748033 11.622047244094489 à

25.228346456692915 338.74015748031496 29.480314960629922 11.905511811023622 de
39.968503937007874 338.74015748031496 63.496062992125985 11.905511811023622 nouvelles
88.7244094488189 338.74015748031496 39.118110236220474 11.905511811023622 fins
113.10236220472441 338.74015748031496 88.15748031496064 11.905511811023622 l’intelligence
186.51968503937007 338.74015748031496 29.480314960629922 11.905511811023622 et
201.25984251968504 338.74015748031496 34.2992125984252 11.905511811023622 les
216.0 338.74015748031496 58.67716535433071 11.905511811023622 ressources

25.228346456692915 350.0787401574803 77.95275590551181 12.472440944881889 matérielles
87.59055118110236 350.0787401574803 77.95275590551181 12.472440944881889 existantes,
149.95275590551182 350.0787401574803 72.85039370078741 12.472440944881889 favorisent
202.11023622047244 350.0787401574803 72.85039370078741 12.472440944881889 l’engagement

25.79527559055118 361.4173228346457 65.76377952755905 15.307086614173228 individuel
77.66929133858268 361.4173228346457 28.346456692913385 15.307086614173228 de
91.84251968503936 361.4173228346457 65.76377952755905 15.307086614173228 l’artiste,
143.43307086614172 361.4173228346457 28.346456692913385 15.307086614173228 de
157.60629921259843 361.4173228346457 70.58267716535433 15.307086614173228 l’ingénieur
214.01574803149606 361.4173228346457 28.346456692913385 15.307086614173228 et
228.18897637795277 361.4173228346457 28.346456692913385 15.307086614173228 du
237.54330708661416 361.4173228346457 37.7007874015748 15.307086614173228 savant

24.661417322834644 373.6062992125984 39.968503937007874 13.32283464566929 dans
49.889763779527556 373.6062992125984 39.968503937007874 13.32283464566929 tous
74.83464566929133 373.6062992125984 35.1496062992126 13.32283464566929 les
94.96062992125984 373.6062992125984 60.09448818897638 13.32283464566929 secteurs
140.03149606299212 373.6062992125984 30.04724409448819 13.32283464566929 de
155.0551181102362 373.6062992125984 30.04724409448819 13.32283464566929 la
170.07874015748033 373.6062992125984 60.09448818897638 13.32283464566929 société.
215.1496062992126 373.6062992125984 35.1496062992126 13.32283464566929 Nos
230.17322834645668 373.6062992125984 45.07086614173228 13.32283464566929 efforts

23.811023622047244 385.79527559055117 94.96062992125984 13.606299212598426 d’information
102.04724409448819 385.79527559055117 33.44881889763779 13.606299212598426 et
119.05511811023622 385.79527559055117 33.44881889763779 13.606299212598426 de
135.7795275590551 385.79527559055117 94.96062992125984 13.606299212598426 communication
214.01574803149606 385.79527559055117 61.511811023622045 13.606299212598426 amènent
253.13385826771653 385.79527559055117 22.393700787401574 13.606299212598426 le

24.37795275590551 397.7007874015748 54.70866141732284 16.440944881889763 public
62.645669291338585 397.7007874015748 27.212598425196852 16.440944881889763 à
73.41732283464567 397.7007874015748 65.48031496062993 16.440944881889763 pénétrer
122.74015748031496 397.7007874015748 32.881889763779526 16.440944881889763 et
138.89763779527559 397.7007874015748 27.212598425196852 16.440944881889763 à
149.95275590551182 397.7007874015748 76.53543307086615 16.440944881889763 comprendre
210.04724409448818 397.7007874015748 43.653543307086615 16.440944881889763 plus
231.8740157480315 397.7007874015748 43.653543307086615 16.440944881889763 intie.

24.661417322834644 409.6062992125984 51.023622047244096 12.755905511811024 mement
60.37795275590551 409.6062992125984 35.71653543307087 12.755905511811024 les
80.78740157480316 409.6062992125984 66.61417322834646 12.755905511811024 activités
132.09448818897638 409.6062992125984 30.614173228346456 12.755905511811024 de
147.4015748031496 409.6062992125984 66.61417322834646 12.755905511811024 l’artiste
198.4251968503937 409.6062992125984 30.614173228346456 12.755905511811024 et
214.01574803149606 409.6062992125984 30.614173228346456 12.755905511811024 la
224.2204724409449 409.6062992125984 51.023622047244096 12.755905511811024 collabo-

24.094488188976378 421.51181102362204 53.574803149606296 15.023622047244094 ration
61.511811023622045 421.51181102362204 48.188976377952756 15.023622047244094 entre
93.54330708661418 421.51181102362204 69.44881889763779 15.023622047244094 artistes,
147.11811023622047 421.51181102362204 74.83464566929133 15.023622047244094 ingénieurs
206.07874015748033 421.51181102362204 32.031496062992126 15.023622047244094 et
221.95275590551182 421.51181102362204 53.574803149606296 15.023622047244094 hommes
254.26771653543307 421.51181102362204 21.25984251968504 15.023622047244094 de

18.4251968503937 432.56692913385825 53.85826771653543 15.307086614173228 science.

40.53543307086614 448.7244094488189 54.70866141732284 13.88976377952756 Fondée
78.80314960629921 448.7244094488189 32.881889763779526 13.88976377952756 en
95.24409448818898 448.7244094488189 49.32283464566929 13.88976377952756 1966,
128.1259842519685 448.7244094488189 65.76377952755905 13.88976377952756 l’E.AT.,
177.16535433070865 448.7244094488189 38.267716535433074 13.88976377952756 qui
199.2755905511811 448.7244094488189 38.267716535433074 13.88976377952756 est
221.10236220472441 448.7244094488189 38.267716535433074 13.88976377952756 une
237.54330708661416 448.7244094488189 38.267716535433074 13.88976377952756 orgæ-

24.37795275590551 463.18110236220474 61.511811023622045 11.905511811023622 nisation
70.58267716535433 463.18110236220474 41.10236220472441 11.905511811023622 sans
96.09448818897638 463.18110236220474 36.0 11.905511811023622 but
116.50393700787401 463.18110236220474 66.61417322834646 11.905511811023622 lucratif,
167.81102362204723 463.18110236220474 25.511811023622048 11.905511811023622 a
178.01574803149606 463.18110236220474 36.0 11.905511811023622 été
198.70866141732284 463.18110236220474 66.61417322834646 11.905511811023622 organisée
244.91338582677164 463.18110236220474 30.89763779527559 11.905511811023622 pout

24.37795275590551 473.1023622047244 61.511811023622045 12.472440944881889 répondre
70.58267716535433 473.1023622047244 30.89763779527559 12.472440944881889 au
85.88976377952756 473.1023622047244 46.20472440944882 12.472440944881889 désir
116.78740157480316 473.1023622047244 66.61417322834646 12.472440944881889 explicite
168.09448818897638 473.1023622047244 30.89763779527559 12.472440944881889 de
183.4015748031496 473.1023622047244 66.61417322834646 12.472440944881889 l’artiste
229.60629921259843 473.1023622047244 46.20472440944882 12.472440944881889 contems

23.52755905511811 485.29133858267716 56.125984251968504 15.023622047244094 porain
62.92913385826772 485.29133858267716 39.40157480314961 15.023622047244094 qui
85.32283464566929 485.29133858267716 67.46456692913385 15.023622047244094 souhaite
135.7795275590551 485.29133858267716 50.45669291338583 15.023622047244094 jouer
169.51181102362204 485.29133858267716 33.732283464566926 15.023622047244094 un
186.23622047244095 485.29133858267716 44.78740157480315 15.023622047244094 rôle
214.29921259842519 485.29133858267716 61.79527559055118 15.023622047244094 nouveau
253.70078740157481 485.29133858267716 22.393700787401574 15.023622047244094 et

23.52755905511811 497.4803149606299 57.25984251968504 13.039370078740157 viable
63.496062992125985 497.4803149606299 45.92125984251968 13.039370078740157 dans
92.40944881889764 497.4803149606299 34.2992125984252 13.039370078740157 la
109.41732283464567 497.4803149606299 68.88188976377953 13.039370078740157 société.
161.00787401574803 497.4803149606299 45.92125984251968 13.039370078740157 Nous
189.92125984251967 497.4803149606299 85.88976377952756 13.039370078740157 considérons
252.8503937007874 497.4803149606299 22.96062992125984 13.039370078740157 le

23.244094488188978 508.251968503937 57.25984251968504 14.173228346456693 réseau
63.21259842519685 508.251968503937 34.2992125984252 14.173228346456693 de
80.50393700787401 508.251968503937 68.88188976377953 14.173228346456693 l’E.A.T.
132.09448818897638 508.251968503937 51.59055118110236 14.173228346456693 comme
166.6771653543307 508.251968503937 40.25196850393701 14.173228346456693 une
189.63779527559055 508.251968503937 68.88188976377953 14.173228346456693 nouvelle
235.2755905511811 508.251968503937 40.25196850393701 14.173228346456693 forme

23.244094488188978 521.5748031496063 82.48818897637796 11.622047244094489 d’université
90.14173228346456 521.5748031496063 30.89763779527559 11.622047244094489 et
105.73228346456693 521.5748031496063 30.89763779527559 11.622047244094489 de
121.03937007874016 521.5748031496063 77.38582677165354 11.622047244094489 laboratoire
183.11811023622047 521.5748031496063 30.89763779527559 11.622047244094489 où
198.4251968503937 521.5748031496063 41.38582677165354 11.622047244094489 tout
219.11811023622047 521.5748031496063 56.69291338582677 11.622047244094489 individui

22.677165354330707 533.4803149606299 27.496062992125985 11.338582677165354 a
33.44881889763779 533.4803149606299 49.60629921259842 11.338582677165354 accès
66.61417322834646 533.4803149606299 44.22047244094488 11.338582677165354 pour
94.11023622047244 533.4803149606299 66.04724409448819 11.338582677165354 procéder
143.71653543307087 533.4803149606299 27.496062992125985 11.338582677165354 à
154.77165354330708 533.4803149606299 38.55118110236221 11.338582677165354 des
176.88188976377953 533.4803149606299 88.15748031496064 11.338582677165354 expériences.
242.9291338582677 533.4803149606299 33.16535433070866 11.338582677165354 Dans

24.094488188976378 544.8188976377953 30.89763779527559 14.456692913385826 la
39.40157480314961 544.8188976377953 61.79527559055118 14.456692913385826 société,
85.88976377952756 544.8188976377953 66.89763779527559 14.456692913385826 l’artiste
137.1968503937008 544.8188976377953 36.0 14.456692913385826 est
157.88976377952756 544.8188976377953 36.0 14.456692913385826 une
178.29921259842519 544.8188976377953 46.20472440944882 14.456692913385826 force
209.1968503937008 544.8188976377953 61.79527559055118 14.456692913385826 positive
250.29921259842519 544.8188976377953 25.79527559055118 14.456692913385826 qui

23.244094488188978 556.7244094488188 30.330708661417322 15.307086614173228 se
38.55118110236221 556.7244094488188 65.76377952755905 15.307086614173228 préoccupe
89.00787401574803 556.7244094488188 30.330708661417322 15.307086614173228 de
104.31496062992126 556.7244094488188 75.96850393700787 15.307086614173228 l’individu.
164.9763779527559 556.7244094488188 30.330708661417322 15.307086614173228 Il
180.28346456692913 556.7244094488188 65.76377952755905 15.307086614173228 influence
230.74015748031496 556.7244094488188 30.330708661417322 15.307086614173228 la
240.9448818897638 556.7244094488188 35.43307086614173 15.307086614173228 façon

21.543307086614174 569.4803149606299 47.338582677165356 12.188976377952756 dont
51.023622047244096 569.4803149606299 47.338582677165356 12.188976377952756 nous
80.78740157480316 569.4803149606299 76.81889763779527 12.188976377952756 percevons
139.748031496063 569.4803149606299 53.29133858267716 12.188976377952756 notre
169.51181102362204 569.4803149606299 106.2992125984252 12.188976377952756 individualité.Il

23.244094488188978 580.2519685039371 55.55905511811024 12.188976377952756 affirme
63.77952755905512 580.2519685039371 35.43307086614173 12.188976377952756 les
83.90551181102362 580.2519685039371 55.55905511811024 12.188976377952756 aspects
124.44094488188976 580.2519685039371 60.661417322834644 12.188976377952756 positifs
170.07874015748033 580.2519685039371 30.330708661417322 12.188976377952756 de
185.38582677165354 580.2519685039371 30.330708661417322 12.188976377952756 la
200.40944881889763 580.2519685039371 40.53543307086614 12.188976377952756 vie.
220.8188976377953 580.2519685039371 55.55905511811024 12.188976377952756 L’artiste

22.677165354330707 592.4409448818898 39.68503937007874 18.141732283464567 doit
47.62204724409449 592.4409448818898 54.70866141732284 18.141732283464567 pouvoir
87.30708661417323 592.4409448818898 69.73228346456693 18.141732283464567 travailler
142.01574803149606 592.4409448818898 34.86614173228347 18.141732283464567 sur
162.14173228346456 592.4409448818898 34.86614173228347 18.141732283464567 les
181.98425196850394 592.4409448818898 64.62992125984252 18.141732283464567 matériaux
231.59055118110237 592.4409448818898 29.763779527559056 18.141732283464567 de
241.51181102362204 592.4409448818898 34.86614173228347 18.141732283464567 notre

17.858267716535433 604.3464566929134 50.74015748031496 13.606299212598426 société.

39.968503937007874 619.3700787401575 44.78740157480315 16.724409448818896 L’EAT.
71.43307086614173 619.3700787401575 22.393700787401574 16.724409448818896 a
80.22047244094489 619.3700787401575 53.574803149606296 16.724409448818896 accepté,
120.4724409448819 619.3700787401575 40.25196850393701 16.724409448818896 comme
147.4015748031496 619.3700787401575 31.181102362204726 16.724409448818896 l’y
165.25984251968504 619.3700787401575 53.574803149606296 16.724409448818896 invitait
200.9763779527559 619.3700787401575 75.96850393700787 16.724409448818896 l’<b>Inter

15.307086614173228 645.7322834645669 23.811023622047244 12.188976377952756 56
