301.03937007874015 659.0551181102362
2.267716535433071 15.590551181102363 176.5984251968504 26.078740157480315 <b>MANIFESTATIONS
145.13385826771653 15.590551181102363 109.41732283464567 26.078740157480315 ANNEXES</b>

102.33070866141732 181.70078740157481 59.52755905511811 14.740157480314961 <b>GALERIE
149.10236220472441 181.70078740157481 25.511811023622048 14.740157480314961 DE
157.60629921259843 181.70078740157481 51.023622047244096 14.740157480314961 FRANCE</b>

46.77165354330709 196.15748031496062 30.330708661417322 18.141732283464567 b3,
64.06299212598425 196.15748031496062 52.15748031496063 18.141732283464567 Faubourg
103.18110236220473 196.15748031496062 73.7007874015748 18.141732283464567 Saint-Honoré,
163.84251968503938 196.15748031496062 39.118110236220474 18.141732283464567 Paris
189.92125984251967 196.15748031496062 34.86614173228347 18.141732283464567 (8e)
211.748031496063 196.15748031496062 21.826771653543307 18.141732283464567 —
216.0 196.15748031496062 43.37007874015748 18.141732283464567 265.6937

41.38582677165354 209.76377952755905 69.16535433070867 15.590551181102363 Exposition
95.81102362204724 209.76377952755905 29.763779527559056 15.590551181102363 du
110.55118110236221 209.76377952755905 34.58267716535433 15.590551181102363 1er
130.39370078740157 209.76377952755905 54.425196850393704 15.590551181102363 octobre
169.79527559055117 209.76377952755905 29.763779527559056 15.590551181102363 au
184.8188976377953 209.76377952755905 24.661417322834644 15.590551181102363 8
194.74015748031496 209.76377952755905 59.24409448818898 15.590551181102363 novembre
234.14173228346456 209.76377952755905 29.763779527559056 15.590551181102363 1969

40.53543307086614 223.08661417322836 35.71653543307087 14.740157480314961 Tous
62.92913385826772 223.08661417322836 31.181102362204726 14.740157480314961 les
80.78740157480316 223.08661417322836 44.78740157480315 14.740157480314961 jours,
111.96850393700787 223.08661417322836 35.71653543307087 14.740157480314961 sauf
134.36220472440945 223.08661417322836 26.929133858267715 14.740157480314961 le
147.68503937007873 223.08661417322836 58.110236220472444 14.740157480314961 dimanche,
192.4724409448819 223.08661417322836 26.929133858267715 14.740157480314961 de
205.79527559055117 223.08661417322836 26.929133858267715 14.740157480314961 10
219.11811023622047 223.08661417322836 22.393700787401574 14.740157480314961 h
228.18897637795277 223.08661417322836 22.393700787401574 14.740157480314961 à
236.9763779527559 223.08661417322836 26.929133858267715 14.740157480314961 13
246.04724409448818 223.08661417322836 17.858267716535433 14.740157480314961 h.

111.68503937007874 234.14173228346456 28.62992125984252 12.188976377952756 et
126.14173228346456 234.14173228346456 28.62992125984252 12.188976377952756 de
140.31496062992127 234.14173228346456 28.62992125984252 12.188976377952756 14
154.48818897637796 234.14173228346456 23.811023622047244 12.188976377952756 h
164.1259842519685 234.14173228346456 23.811023622047244 12.188976377952756 à
173.48031496062993 234.14173228346456 28.62992125984252 12.188976377952756 19
183.11811023622047 234.14173228346456 14.173228346456693 12.188976377952756 h

31.181102362204726 244.62992125984252 67.18110236220473 15.307086614173228 Vernissage
83.90551181102362 244.62992125984252 28.62992125984252 15.307086614173228 le
98.36220472440945 244.62992125984252 57.54330708661417 15.307086614173228 mercredi
141.4488188976378 244.62992125984252 33.44881889763779 15.307086614173228 1er
160.44094488188978 244.62992125984252 52.724409448818896 15.307086614173228 octobre
198.99212598425197 244.62992125984252 28.62992125984252 15.307086614173228 de
213.16535433070865 244.62992125984252 28.62992125984252 15.307086614173228 16
227.6220472440945 244.62992125984252 23.811023622047244 15.307086614173228 h
237.25984251968504 244.62992125984252 23.811023622047244 15.307086614173228 à
246.89763779527559 244.62992125984252 28.62992125984252 15.307086614173228 19
256.251968503937 244.62992125984252 14.456692913385826 15.307086614173228 h

89.85826771653544 254.26771653543307 39.68503937007874 13.039370078740157 sous
114.51968503937007 254.26771653543307 29.763779527559056 13.039370078740157 le
129.25984251968504 254.26771653543307 89.29133858267717 13.039370078740157 Haut-Patronage
198.70866141732284 254.26771653543307 19.84251968503937 13.039370078740157 de

22.11023622047244 262.20472440944883 39.968503937007874 15.023622047244094 S.E.
47.338582677165356 262.20472440944883 60.09448818897638 15.023622047244094 Monsieur
92.40944881889764 262.20472440944883 39.968503937007874 15.023622047244094 Paul
117.35433070866142 262.20472440944883 65.19685039370079 15.023622047244094 Beaulieu,
167.24409448818898 262.20472440944883 75.11811023622047 15.023622047244094 Ambassadeur
227.33858267716536 262.20472440944883 30.04724409448819 15.023622047244094 du
237.54330708661416 262.20472440944883 39.968503937007874 15.023622047244094 Canada

123.59055118110236 285.73228346456693 52.44094488188976 15.590551181102363 CANADA

92.1259842519685 299.0551181102362 78.51968503937007 16.15748031496063 TENDANCES
146.5511811023622 299.0551181102362 66.33070866141732 16.15748031496063 ACTUELLES

21.25984251968504 315.7795275590551 81.92125984251969 12.188976377952756 Parallèlement
88.7244094488189 315.7795275590551 24.094488188976378 12.188976377952756 à
98.36220472440945 315.7795275590551 28.913385826771652 12.188976377952756 la
112.81889763779527 315.7795275590551 57.826771653543304 12.188976377952756 Biennale
156.4724409448819 315.7795275590551 28.913385826771652 12.188976377952756 de
170.9291338582677 315.7795275590551 48.188976377952756 12.188976377952756 Paris,
204.66141732283464 315.7795275590551 33.732283464566926 12.188976377952756 les
223.93700787401573 315.7795275590551 48.188976377952756 12.188976377952756 œuvres
252.8503937007874 315.7795275590551 24.094488188976378 12.188976377952756 des

20.69291338582677 326.5511811023622 59.24409448818898 11.338582677165354 artistes
64.91338582677166 326.5511811023622 64.06299212598425 11.338582677165354 canadiens
114.23622047244095 326.5511811023622 34.58267716535433 11.338582677165354 que
134.07874015748033 326.5511811023622 39.40157480314961 11.338582677165354 nous
158.74015748031496 326.5511811023622 68.88188976377953 11.338582677165354 présentons
212.88188976377953 326.5511811023622 34.58267716535433 11.338582677165354 ont
232.44094488188978 326.5511811023622 39.40157480314961 11.338582677165354 pour
252.28346456692913 326.5511811023622 24.661417322834644 11.338582677165354 but

20.976377952755904 336.18897637795277 27.496062992125985 11.622047244094489 de
34.58267716535433 336.18897637795277 45.63779527559055 11.622047244094489 donner
66.61417322834646 336.18897637795277 27.496062992125985 11.622047244094489 au
80.50393700787401 336.18897637795277 45.63779527559055 11.622047244094489 public
112.53543307086615 336.18897637795277 54.99212598425197 11.622047244094489 parisien
153.63779527559055 336.18897637795277 27.496062992125985 11.622047244094489 un
167.5275590551181 336.18897637795277 36.56692913385827 11.622047244094489 bref
190.20472440944883 336.18897637795277 45.63779527559055 11.622047244094489 aperçu
222.23622047244095 336.18897637795277 41.10236220472441 11.622047244094489 d’une
245.1968503937008 336.18897637795277 32.031496062992126 11.622047244094489 autre

20.409448818897637 346.3937007874016 50.74015748031496 10.204724409448819 facette
57.25984251968504 346.3937007874016 27.77952755905512 10.204724409448819 de
71.14960629921259 346.3937007874016 27.77952755905512 10.204724409448819 la
85.03937007874016 346.3937007874016 64.62992125984252 10.204724409448819 production
135.7795275590551 346.3937007874016 64.62992125984252 10.204724409448819 artistique
186.51968503937007 346.3937007874016 27.77952755905512 10.204724409448819 au
195.59055118110237 346.3937007874016 41.669291338582674 10.204724409448819 Canada.

20.125984251968504 355.748031496063 30.89763779527559 14.173228346456693 Si
35.43307086614173 355.748031496063 41.10236220472441 14.173228346456693 l’on
61.22834645669291 355.748031496063 41.10236220472441 14.173228346456693 veut
86.74015748031496 355.748031496063 56.40944881889764 14.173228346456693 trouver
127.84251968503936 355.748031496063 36.0 14.173228346456693 des
148.53543307086613 355.748031496063 51.30708661417323 14.173228346456693 points
184.53543307086613 355.748031496063 56.40944881889764 14.173228346456693 communs
225.63779527559055 355.748031496063 25.79527559055118 14.173228346456693 à
235.84251968503938 355.748031496063 36.0 14.173228346456693 ces
251.1496062992126 355.748031496063 25.79527559055118 14.173228346456693 six

20.409448818897637 367.93700787401576 58.39370078740158 10.488188976377952 artistes,
65.48031496062993 367.93700787401576 36.0 10.488188976377952 dont
87.8740157480315 367.93700787401576 31.46456692913386 10.488188976377952 les
106.01574803149606 367.93700787401576 67.46456692913385 10.488188976377952 différences
159.8740157480315 367.93700787401576 26.929133858267715 10.488188976377952 de
173.48031496062993 367.93700787401576 67.46456692913385 10.488188976377952 tempérament
227.33858267716536 367.93700787401576 26.929133858267715 10.488188976377952 et
236.40944881889763 367.93700787401576 40.53543307086614 10.488188976377952 l’indi-

20.125984251968504 376.15748031496065 61.79527559055118 13.32283464566929 vidualité
67.74803149606299 376.15748031496065 37.98425196850393 13.32283464566929 nous
91.55905511811024 376.15748031496065 57.25984251968504 13.32283464566929 semblent
134.36220472440945 376.15748031496065 37.98425196850393 13.32283464566929 être
158.17322834645668 376.15748031496065 33.44881889763779 13.32283464566929 des
177.16535433070865 376.15748031496065 37.98425196850393 13.32283464566929 plus
200.9763779527559 376.15748031496065 61.79527559055118 13.32283464566929 marquées,
243.7795275590551 376.15748031496065 33.44881889763779 13.32283464566929 c’est

20.125984251968504 386.6456692913386 57.54330708661417 11.338582677165354 peut-être
64.62992125984252 386.6456692913386 35.43307086614173 11.338582677165354 dans
86.74015748031496 386.6456692913386 26.64566929133858 11.338582677165354 la
100.06299212598425 386.6456692913386 57.54330708661417 11.338582677165354 recherche
144.28346456692913 386.6456692913386 26.64566929133858 11.338582677165354 et
157.60629921259843 386.6456692913386 92.97637795275591 11.338582677165354 l’expérimentation
237.25984251968504 386.6456692913386 26.64566929133858 11.338582677165354 de
246.33070866141733 386.6456692913386 30.89763779527559 11.338582677165354 maté-

19.84251968503937 396.56692913385825 41.38582677165354 11.338582677165354 riaux
47.338582677165356 396.56692913385825 59.811023622047244 11.338582677165354 nouveaux,
93.25984251968504 396.56692913385825 50.74015748031496 11.338582677165354 souvent
130.11023622047244 396.56692913385825 59.811023622047244 11.338582677165354 empruntés
176.31496062992127 396.56692913385825 22.96062992125984 11.338582677165354 à
180.8503937007874 396.56692913385825 64.34645669291339 11.338582677165354 l’industrie.

19.84251968503937 407.0551181102362 27.496062992125985 12.755905511811024 Si
33.44881889763779 407.0551181102362 50.45669291338583 12.755905511811024 Michael
70.2992125984252 407.0551181102362 50.45669291338583 12.755905511811024 Morris,
106.86614173228347 407.0551181102362 27.496062992125985 12.755905511811024 de
120.75590551181102 407.0551181102362 59.52755905511811 12.755905511811024 Vancouver
161.85826771653544 407.0551181102362 114.80314960629921 12.755905511811024 (Colombie

18.708661417322833 415.84251968503935 41.10236220472441 10.771653543307087 fait
44.503937007874015 415.84251968503935 36.0 10.771653543307087 une
64.91338582677166 415.84251968503935 61.79527559055118 10.771653543307087 peinture
111.11811023622047 415.84251968503935 41.10236220472441 10.771653543307087 avec
136.91338582677164 415.84251968503935 36.0 10.771653543307087 des
157.60629921259843 415.84251968503935 66.89763779527559 10.771653543307087 matériaux
203.81102362204723 415.84251968503935 72.0 10.771653543307087 «ordinaires»

19.559055118110237 425.76377952755905 48.75590551181102 11.05511811023622 (toile,
54.99212598425197 425.76377952755905 84.18897637795276 11.05511811023622 acryliques...),
125.85826771653544 425.76377952755905 26.64566929133858 11.05511811023622 il
139.1811023622047 425.76377952755905 48.75590551181102 11.05511811023622 intègre
174.61417322834646 425.76377952755905 57.54330708661417 11.05511811023622 cependant
218.83464566929135 425.76377952755905 22.11023622047244 11.05511811023622 à
227.6220472440945 425.76377952755905 30.89763779527559 11.05511811023622 ces
240.9448818897638 425.76377952755905 35.43307086614173 11.05511811023622 toiles

19.559055118110237 436.81889763779526 28.062992125984252 10.488188976377952 du
33.44881889763779 436.81889763779526 60.661417322834644 10.488188976377952 plexiglas
80.22047244094489 436.81889763779526 28.062992125984252 10.488188976377952 et
94.11023622047244 436.81889763779526 32.59842519685039 10.488188976377952 des
112.81889763779527 436.81889763779526 56.125984251968504 10.488188976377952 miroirs;
154.77165354330708 436.81889763779526 32.59842519685039 10.488188976377952 ces
173.48031496062993 436.81889763779526 56.125984251968504 10.488188976377952 derniers
215.43307086614172 436.81889763779526 60.661417322834644 10.488188976377952 reflètent
257.38582677165357 436.81889763779526 18.708661417322833 10.488188976377952 au

19.275590551181104 445.3228346456693 63.21259842519685 9.921259842519685 spectateur
68.88188976377953 445.3228346456693 26.929133858267715 9.921259842519685 sa
82.48818897637796 445.3228346456693 45.07086614173228 9.921259842519685 propre
113.95275590551181 445.3228346456693 40.53543307086614 9.921259842519685 image
141.16535433070865 445.3228346456693 26.929133858267715 9.921259842519685 et
154.48818897637796 445.3228346456693 67.74803149606299 9.921259842519685 l’intègrent
208.62992125984252 445.3228346456693 36.0 9.921259842519685 dans
231.30708661417322 445.3228346456693 26.929133858267715 9.921259842519685 la
240.3779527559055 445.3228346456693 36.0 9.921259842519685 compo-

18.992125984251967 456.09448818897636 48.75590551181102 10.771653543307087 sition.
54.425196850393704 456.09448818897636 39.968503937007874 10.771653543307087 C’est
81.07086614173228 456.09448818897636 26.64566929133858 10.771653543307087 là
94.39370078740157 456.09448818897636 30.89763779527559 10.771653543307087 une
112.25196850393701 456.09448818897636 39.968503937007874 10.771653543307087 façon
138.61417322834646 456.09448818897636 39.968503937007874 10.771653543307087 neuve
165.25984251968504 456.09448818897636 26.64566929133858 10.771653543307087 de
178.58267716535434 456.09448818897636 66.33070866141732 10.771653543307087 re-examiner
231.8740157480315 456.09448818897636 26.64566929133858 10.771653543307087 la
240.66141732283464 456.09448818897636 35.43307086614173 10.771653543307087 nature

18.141732283464567 464.59842519685037 28.62992125984252 10.204724409448819 du
32.59842519685039 464.59842519685037 52.44094488188976 10.204724409448819 tableau
70.58267716535433 464.59842519685037 42.803149606299215 10.204724409448819 comme
99.21259842519684 464.59842519685037 42.803149606299215 10.204724409448819 objet
127.84251968503936 464.59842519685037 33.44881889763779 10.204724409448819 qui
146.83464566929135 464.59842519685037 28.62992125984252 10.204724409448819 ne
161.29133858267716 464.59842519685037 37.98425196850393 10.204724409448819 peut
185.10236220472441 464.59842519685037 57.25984251968504 10.204724409448819 répondre
227.90551181102362 464.59842519685037 28.62992125984252 10.204724409448819 au
237.54330708661416 464.59842519685037 37.98425196850393 10.204724409448819 regard

18.992125984251967 473.9527559055118 41.95275590551181 10.771653543307087 qu’on
46.77165354330709 473.9527559055118 32.59842519685039 10.771653543307087 lui
65.48031496062993 473.9527559055118 46.77165354330709 10.771653543307087 porte.
98.07874015748031 473.9527559055118 37.41732283464567 10.771653543307087 Karl
121.60629921259843 473.9527559055118 65.19685039370079 10.771653543307087 Beveridge,
172.91338582677164 473.9527559055118 28.062992125984252 10.771653543307087 de
186.8031496062992 473.9527559055118 51.30708661417323 10.771653543307087 Toronto
219.4015748031496 473.9527559055118 56.125984251968504 10.771653543307087 (Ontario),

18.708661417322833 484.15748031496065 50.45669291338583 9.070866141732283 utilise
55.55905511811024 484.15748031496065 27.496062992125985 9.070866141732283 le
69.16535433070867 484.15748031496065 59.811023622047244 9.070866141732283 plexiglas
115.08661417322834 484.15748031496065 27.496062992125985 9.070866141732283 et
128.9763779527559 484.15748031496065 27.496062992125985 9.070866141732283 le
142.86614173228347 484.15748031496065 45.92125984251968 9.070866141732283 vinyl;
174.89763779527559 484.15748031496065 32.31496062992126 9.070866141732283 ces
193.3228346456693 484.15748031496065 73.41732283464567 9.070866141732283 «sculptures»
248.5984251968504 484.15748031496065 27.496062992125985 9.070866141732283 sont

17.858267716535433 492.09448818897636 38.267716535433074 10.204724409448819 sans
41.669291338582674 492.09448818897636 47.62204724409449 10.204724409448819 volume
75.11811023622047 492.09448818897636 43.08661417322835 10.204724409448819 comme
103.74803149606299 492.09448818897636 28.62992125984252 10.204724409448819 si
118.20472440944881 492.09448818897636 43.08661417322835 10.204724409448819 elles
146.83464566929135 492.09448818897636 52.44094488188976 10.204724409448819 étaient
185.10236220472441 492.09448818897636 33.44881889763779 10.204724409448819 des
204.09448818897638 492.09448818897636 57.25984251968504 10.204724409448819 tableaux
242.36220472440945 492.09448818897636 33.44881889763779 10.204724409448819 posés

18.4251968503937 502.01574803149606 26.078740157480315 11.905511811023622 au
31.46456692913386 502.01574803149606 34.86614173228347 11.905511811023622 sol.
53.29133858267716 502.01574803149606 43.653543307086615 11.905511811023622 Walter
83.62204724409449 502.01574803149606 56.69291338582677 11.905511811023622 Redinger,
127.2755905511811 502.01574803149606 26.078740157480315 11.905511811023622 de
140.31496062992127 502.01574803149606 26.078740157480315 11.905511811023622 la
153.35433070866142 502.01574803149606 43.653543307086615 11.905511811023622 région
183.96850393700788 502.01574803149606 26.078740157480315 11.905511811023622 de
197.00787401574803 502.01574803149606 43.653543307086615 11.905511811023622 London
223.08661417322836 502.01574803149606 52.44094488188976 11.905511811023622 (Ontario),

18.4251968503937 511.65354330708664 48.75590551181102 10.488188976377952 utilise
53.85826771653543 511.65354330708664 26.64566929133858 10.488188976377952 la
67.18110236220473 511.65354330708664 39.968503937007874 10.488188976377952 fibre
93.8267716535433 511.65354330708664 26.64566929133858 10.488188976377952 de
107.14960629921259 511.65354330708664 39.968503937007874 10.488188976377952 verre
133.79527559055117 511.65354330708664 35.43307086614173 10.488188976377952 pour
155.90551181102362 511.65354330708664 39.968503937007874 10.488188976377952 créer
182.5511811023622 511.65354330708664 30.89763779527559 10.488188976377952 ses
195.8740157480315 511.65354330708664 79.65354330708661 10.488188976377952 Circonvolutions,

17.5748031496063 519.5905511811023 24.661417322834644 11.905511811023622 à
27.212598425196852 519.5905511811023 64.34645669291339 11.905511811023622 mi-chemin
76.81889763779527 519.5905511811023 44.503937007874015 11.905511811023622 entre
106.58267716535433 519.5905511811023 74.26771653543307 11.905511811023622 l’organique
165.82677165354332 519.5905511811023 29.763779527559056 11.905511811023622 et
180.56692913385828 519.5905511811023 29.763779527559056 11.905511811023622 le
195.59055118110237 519.5905511811023 79.08661417322834 11.905511811023622 géométrique.
254.83464566929135 519.5905511811023 19.84251968503937 11.905511811023622 De

18.141732283464567 530.3622047244095 58.110236220472444 10.488188976377952 Montréal
61.79527559055118 530.3622047244095 62.92913385826772 10.488188976377952 (Québec),
110.26771653543307 530.3622047244095 43.653543307086615 10.488188976377952 Serge
139.1811023622047 530.3622047244095 67.74803149606299 10.488188976377952 Tousignant
192.4724409448819 530.3622047244095 53.29133858267716 10.488188976377952 propose
231.30708661417322 530.3622047244095 34.01574803149607 10.488188976377952 des
245.76377952755905 530.3622047244095 29.19685039370079 10.488188976377952 jeux

17.5748031496063 539.4330708661417 27.496062992125985 11.622047244094489 de
31.181102362204726 539.4330708661417 50.45669291338583 11.622047244094489 miroirs
68.03149606299213 539.4330708661417 27.496062992125985 11.622047244094489 et
81.63779527559055 539.4330708661417 50.45669291338583 11.622047244094489 d’acier
118.48818897637796 539.4330708661417 41.38582677165354 11.622047244094489 peint
145.98425196850394 539.4330708661417 32.031496062992126 11.622047244094489 qui
164.40944881889763 539.4330708661417 45.92125984251968 11.622047244094489 jouent
196.44094488188978 539.4330708661417 41.38582677165354 11.622047244094489 entre
219.4015748031496 539.4330708661417 54.99212598425197 11.622047244094489 l’illusion

17.5748031496063 549.0708661417323 29.19685039370079 12.472440944881889 et
32.031496062992126 549.0708661417323 29.19685039370079 12.472440944881889 la
46.77165354330709 549.0708661417323 53.29133858267716 12.472440944881889 réalité
85.32283464566929 549.0708661417323 34.01574803149607 12.472440944881889 des
104.88188976377953 549.0708661417323 48.47244094488189 12.472440944881889 formes
138.89763779527559 549.0708661417323 82.48818897637796 12.472440944881889 géométriques.
206.64566929133858 549.0708661417323 38.83464566929134 12.472440944881889 Jean
231.0236220472441 549.0708661417323 43.653543307086615 12.472440944881889 Noël,
255.4015748031496 549.0708661417323 19.275590551181104 12.472440944881889 de

18.141732283464567 558.4251968503937 57.54330708661417 11.622047244094489 Montréal,
62.645669291338585 558.4251968503937 57.54330708661417 11.622047244094489 travaille
106.86614173228347 558.4251968503937 35.43307086614173 11.622047244094489 dans
128.9763779527559 558.4251968503937 30.89763779527559 11.622047244094489 une
146.83464566929135 558.4251968503937 57.54330708661417 11.622047244094489 industrie
191.0551181102362 558.4251968503937 26.64566929133858 11.622047244094489 de
204.3779527559055 558.4251968503937 62.07874015748032 11.622047244094489 plastiques
248.5984251968504 558.4251968503937 26.64566929133858 11.622047244094489 pour

17.007874015748033 568.3464566929134 39.118110236220474 11.05511811023622 créer
43.08661417322835 568.3464566929134 30.614173228346456 11.05511811023622 des
60.37795275590551 568.3464566929134 47.90551181102362 11.05511811023622 reliefs
90.99212598425197 568.3464566929134 43.653543307086615 11.05511811023622 colorés.

16.440944881889763 578.5511811023622 49.60629921259842 10.771653543307087 Chaque
51.30708661417323 578.5511811023622 54.70866141732284 10.771653543307087 artiste
90.99212598425197 578.5511811023622 24.944881889763778 10.771653543307087 a
100.91338582677166 578.5511811023622 34.86614173228347 10.771653543307087 son
121.03937007874016 578.5511811023622 44.78740157480315 10.771653543307087 style
150.8031496062992 578.5511811023622 49.60629921259842 10.771653543307087 propre
185.38582677165354 578.5511811023622 29.763779527559056 10.771653543307087 et
200.40944881889763 578.5511811023622 49.60629921259842 10.771653543307087 chacun
230.17322834645668 578.5511811023622 44.78740157480315 10.771653543307087 propose

16.724409448818896 589.0393700787401 31.748031496062993 10.771653543307087 des
34.86614173228347 589.0393700787401 45.354330708661415 10.771653543307087 objets
66.61417322834646 589.0393700787401 72.56692913385827 10.771653543307087 particuliers
125.5748031496063 589.0393700787401 31.748031496062993 10.771653543307087 qui
143.71653543307087 589.0393700787401 45.354330708661415 10.771653543307087 créent
175.46456692913387 589.0393700787401 31.748031496062993 10.771653543307087 des
193.60629921259843 589.0393700787401 63.496062992125985 10.771653543307087 situations
238.96062992125985 589.0393700787401 36.28346456692913 10.771653543307087 parti

12.472440944881889 596.9763779527559 47.05511811023622 13.88976377952756 culières.

16.15748031496063 607.1811023622047 29.19685039370079 14.456692913385826 Ce
30.614173228346456 607.1811023622047 34.2992125984252 14.456692913385826 que
50.173228346456696 607.1811023622047 39.118110236220474 14.456692913385826 nous
74.83464566929133 607.1811023622047 68.31496062992126 14.456692913385826 présentons
128.40944881889763 607.1811023622047 34.2992125984252 14.456692913385826 ici
147.96850393700788 607.1811023622047 29.19685039370079 14.456692913385826 ne
162.70866141732284 607.1811023622047 39.118110236220474 14.456692913385826 sont
187.08661417322836 607.1811023622047 34.2992125984252 14.456692913385826 que
206.64566929133858 607.1811023622047 34.2992125984252 14.456692913385826 des
221.10236220472441 607.1811023622047 53.85826771653543 14.456692913385826 fragments

16.440944881889763 619.9370078740158 40.25196850393701 13.88976377952756 d’une
43.37007874015748 619.9370078740158 49.039370078740156 13.88976377952756 réalité
79.08661417322834 619.9370078740158 62.645669291338585 13.88976377952756 artistique
128.1259842519685 619.9370078740158 26.929133858267715 13.88976377952756 en
141.4488188976378 619.9370078740158 44.78740157480315 13.88976377952756 pleine
168.3779527559055 619.9370078740158 71.43307086614173 13.88976377952756 effervescence.
