1062 2361
-15 79 406 61 <b>VENEZUELA</b>

184 468 251 58 Commissaire
385 468 184 58 général
519 468 84 58 :
553 468 218 58 <b>Carlos
720 468 134 58 Cruz
787 468 168 58 Diez</b>

170 515 156 51 Peintre.

140 644 165 74 Trois
249 644 183 74 jeunes
377 644 256 74 chercheurs
579 644 91 74 :
615 644 110 74 un
670 644 219 74 cinéaste
835 644 110 74 et
871 644 110 74 deux

82 702 275 54 cinétistes,
302 702 238 54 composent
485 702 110 54 la
540 702 330 54 représentation
815 702 110 54 du
852 702 128 54 Vene-

78 748 176 48 zuela
196 748 98 48 à
235 748 176 48 cette
352 748 215 48 Sixième
509 748 235 48 Biennale
685 748 117 48 de
724 748 156 48 Paris.

140 781 156 66 Ivan
238 781 195 66 Croce,
375 781 254 66 intéressé
570 781 137 66 par
648 781 176 66 l’art
746 781 234 66 cinétique,

81 830 192 44 montre
215 830 134 44 ses
292 830 153 44 deux
387 830 230 44 premiers
560 830 192 44 films:
694 830 115 44 le
751 830 211 44 premier
885 830 96 44 sur

81 863 172 59 Soto,
196 863 115 59 le
253 863 230 59 deuxième
425 863 134 59 sur
502 863 191 59 Ravelo
636 863 115 59 et
693 863 249 59 Martinez.
865 863 115 59 Dans

79 905 140 65 les
159 905 160 65 deux
259 905 160 65 cas,
359 905 120 65 il
419 905 200 65 essaie
558 905 120 65 de
618 905 200 65 donner
758 905 140 65 une
818 905 160 65 vision

77 956 412 54 cinématographique
430 956 137 54 des
509 956 196 54 œuvres
646 956 118 54 de
705 956 137 54 ces
763 956 216 54 artistes,

77 1002 157 46 dans
175 1002 137 46 des
254 1002 275 46 situations
470 1002 137 46 que
548 1002 118 46 le
607 1002 275 46 spectateur
823 1002 118 46 ne
862 1002 118 46 peut

78 1034 184 49 capter
207 1034 92 49 à
244 1034 166 49 l’œil
336 1034 92 49 nu.

134 1077 188 57 Rafael
266 1077 226 57 Martinez
435 1077 113 57 et
491 1077 207 57 Juvenal
642 1077 188 57 Ravelo
773 1077 132 57 ont
830 1077 150 57 décidé

75 1114 123 64 de
137 1114 246 64 réaliser
322 1114 267 64 ensemble,
527 1114 164 64 avec
630 1114 185 64 leurs
753 1114 226 64 œuvres,
897 1114 82 64 un

74 1169 308 52 environnement
328 1169 290 52 d’activation
563 1169 109 52 où
618 1169 109 52 le
672 1169 254 52 spectateur
853 1169 127 52 passe

75 1204 154 52 d’un
171 1204 250 52 spectacle
363 1204 288 52 chromatique
594 1204 327 52 déambulatoire
863 1204 96 52 à
882 1204 96 52 une

75 1250 237 55 situation
257 1250 109 55 de
311 1250 182 55 formes
439 1250 109 55 et
493 1250 109 55 de
548 1250 218 55 couleurs
693 1250 237 55 virtuelles.

131 1288 186 51 Comme
255 1288 124 51 le
317 1288 207 51 cinéma
462 1288 124 51 et
524 1288 124 51 le
586 1288 269 51 cinétisme
793 1288 165 51 sont
876 1288 103 51 des

71 1332 189 42 œuvres
203 1332 340 42 «d’évidences»,
486 1332 113 42 je
543 1332 208 42 préfère
694 1332 94 42 à
732 1332 170 42 toute
826 1332 151 42 élucu-

75 1371 199 57 bration
220 1371 217 57 critique
382 1371 127 57 que
455 1371 108 57 ce
509 1371 181 57 soient
635 1371 127 57 ces
708 1371 163 57 mêmes
798 1371 181 57 artistes

74 1420 129 43 qui
147 1420 259 43 expliquent
351 1420 166 43 leurs
462 1420 185 43 propos
591 1420 111 43 et
646 1420 129 43 que
720 1420 111 43 le
757 1420 222 43 spectateur

72 1454 144 68 soit
162 1454 144 68 seul
234 1454 126 68 juge.

655 1496 178 65 Carlos
762 1496 213 65 Cruz

129 1678 116 59 De
187 1678 135 59 ces
264 1678 154 59 deux
360 1678 232 59 premiers
534 1678 193 59 films,
669 1678 154 59 Soto
766 1678 116 59 et
804 1678 174 59 Ravelo-

71 1726 338 44 <b>Martinez</b>
356 1726 142 44 deux
445 1726 213 44 éléments
605 1726 107 44 se
658 1726 231 44 dégagent.
836 1726 107 44 Le
871 1726 107 44 pre-

68 1769 155 40 mier
165 1769 214 40 d’ordre
320 1769 330 40 documentaire:
592 1769 116 40 le
650 1769 214 40 peintre
805 1769 136 40 est
864 1769 116 40 pré-

64 1809 192 45 senté
192 1809 170 45 dans
298 1809 149 45 des
383 1809 298 45 situations
618 1809 128 45 et
682 1809 149 45 des
746 1809 234 45 activités

67 1854 274 47 différentes
286 1854 146 47 (les
377 1854 237 47 séquences
560 1854 110 47 de
615 1854 256 47 l’atelier,
797 1854 183 47 l’inter-

65 1898 158 47 view,
171 1898 176 47 etc.).
294 1898 141 47 Dans
382 1898 158 47 cette
488 1898 193 47 partie,
628 1898 211 47 j’essaie
769 1898 211 47 d’éliminer

64 1936 168 46 toute
176 1936 318 46 mystification
438 1936 224 46 possible
606 1936 112 46 du
662 1936 168 46 sujet
774 1936 112 46 et
831 1936 112 46 du
868 1936 112 46 film

66 1976 179 54 même.
185 1976 119 54 Le
245 1976 238 54 deuxième
424 1976 219 54 élément
583 1976 139 54 est
662 1976 219 54 d’ordre
801 1976 179 54 expéri-

64 2019 204 44 mental
206 2019 122 44 et
267 2019 244 44 présente
451 2019 122 44 un
512 2019 204 44 double
654 2019 224 44 aspect.
797 2019 183 44 Prenons

66 2060 258 44 l’exemple
265 2060 139 44 des
344 2060 179 44 Cubes
463 2060 238 44 virtuels
642 2060 119 44 de
702 2060 258 44 Martinez.
881 2060 99 44 Ces

64 2103 191 44 objets
198 2103 153 44 sont
293 2103 153 44 tout
388 2103 210 44 d’abord
541 2103 210 44 montrés
694 2103 153 44 tels
789 2103 134 44 que
846 2103 134 44 l’œil

64 2147 156 52 peut
161 2147 136 52 les
239 2147 253 52 percevoir
434 2147 292 52 directement
667 2147 136 52 sur
745 2147 136 52 les
823 2147 156 52 murs
901 2147 78 52 de

62 2189 134 43 son
138 2189 229 43 atelier;
310 2189 134 43 ils
387 2189 153 43 sont
482 2189 210 43 ensuite
635 2189 134 43 vus
712 2189 96 43 à
750 2189 210 43 travers
883 2189 96 43 mon

42 2279 95 46 130
