303.87401574803147 659.0551181102362
225.35433070866142 15.023622047244094 61.511811023622045 18.4251968503937 <b>BRESIL</b>

44.78740157480315 124.44094488188976 70.86614173228347 15.874015748031496 Commissaire
101.48031496062993 124.44094488188976 51.874015748031496 15.874015748031496 général
139.1811023622047 124.44094488188976 23.52755905511811 15.874015748031496 :
148.8188976377953 124.44094488188976 70.86614173228347 15.874015748031496 <b>Mauricio
200.69291338582678 124.44094488188976 61.22834645669291 15.874015748031496 Roberto</b>

45.07086614173228 141.16535433070865 70.58267716535433 14.173228346456693 Directeur
99.49606299212599 141.16535433070865 32.59842519685039 14.173228346456693 du
115.65354330708661 141.16535433070865 49.039370078740156 14.173228346456693 Musée
148.251968503937 141.16535433070865 49.039370078740156 14.173228346456693 d’Art
180.8503937007874 141.16535433070865 59.811023622047244 14.173228346456693 Moderne
224.2204724409449 141.16535433070865 32.59842519685039 14.173228346456693 de
240.66141732283464 141.16535433070865 37.98425196850393 14.173228346456693 Rio
256.81889763779526 141.16535433070865 21.826771653543307 14.173228346456693 de

41.10236220472441 152.50393700787401 45.07086614173228 13.32283464566929 Janeiro.

33.16535433070866 188.2204724409449 102.89763779527559 15.307086614173228 L’architecture
118.77165354330708 188.2204724409449 96.94488188976378 15.307086614173228 contemporaine
198.70866141732284 188.2204724409449 85.60629921259843 15.307086614173228 brésilienne
261.6377952755906 188.2204724409449 17.007874015748033 15.307086614173228 a

17.291338582677167 199.84251968503938 60.09448818897638 15.874015748031496 jusqu’à
60.94488188976378 199.84251968503938 76.25196850393701 15.874015748031496 maintenant
120.75590551181102 199.84251968503938 43.653543307086615 15.874015748031496 joui
147.96850393700788 199.84251968503938 49.039370078740156 15.874015748031496 d’une
180.8503937007874 199.84251968503938 54.425196850393704 15.874015748031496 solide
213.4488188976378 199.84251968503938 65.48031496062993 15.874015748031496 réputation

17.291338582677167 211.748031496063 44.503937007874015 16.440944881889763 dans
45.354330708661415 211.748031496063 33.44881889763779 16.440944881889763 le
62.07874015748032 211.748031496063 61.22834645669291 16.440944881889763 domaine
106.58267716535433 211.748031496063 100.34645669291339 16.440944881889763 international.
190.20472440944883 211.748031496063 44.503937007874015 16.440944881889763 Mais
217.98425196850394 211.748031496063 33.44881889763779 16.440944881889763 il
234.70866141732284 211.748031496063 27.77952755905512 16.440944881889763 y
245.76377952755905 211.748031496063 27.77952755905512 16.440944881889763 a
251.43307086614172 211.748031496063 27.77952755905512 16.440944881889763 eu,

17.007874015748033 223.08661417322836 33.44881889763779 14.456692913385826 au
33.732283464566926 223.08661417322836 50.173228346456696 14.456692913385826 cours
67.46456692913385 223.08661417322836 39.118110236220474 14.456692913385826 des
89.85826771653544 223.08661417322836 72.56692913385827 14.456692913385826 dernières
145.70078740157481 223.08661417322836 61.511811023622045 14.456692913385826 années,
190.48818897637796 223.08661417322836 39.118110236220474 14.456692913385826 une
212.5984251968504 223.08661417322836 55.84251968503937 14.456692913385826 réelle
246.33070866141733 223.08661417322836 33.44881889763779 14.456692913385826 pro-

17.291338582677167 233.85826771653544 65.76377952755905 18.4251968503937 gression
66.61417322834646 233.85826771653544 32.881889763779526 18.4251968503937 de
83.05511811023622 233.85826771653544 82.20472440944881 18.4251968503937 l’expansion
148.53543307086613 233.85826771653544 76.53543307086615 18.4251968503937 naturelle,
208.91338582677164 233.85826771653544 43.93700787401575 18.4251968503937 dont
236.1259842519685 233.85826771653544 32.881889763779526 18.4251968503937 on
247.1811023622047 233.85826771653544 32.881889763779526 18.4251968503937 peut

17.858267716535433 246.33070866141733 65.48031496062993 15.590551181102363 chercher
66.89763779527559 246.33070866141733 38.267716535433074 15.590551181102363 les
88.7244094488189 246.33070866141733 81.92125984251969 15.590551181102363 principales
154.48818897637796 246.33070866141733 60.09448818897638 15.590551181102363 raisons
198.14173228346456 246.33070866141733 27.212598425196852 15.590551181102363 à
208.91338582677164 246.33070866141733 32.881889763779526 15.590551181102363 la
225.35433070866142 246.33070866141733 43.653543307086615 15.590551181102363 fois
247.1811023622047 246.33070866141733 32.881889763779526 15.590551181102363 dans

18.141732283464567 259.37007874015745 35.71653543307087 13.32283464566929 le
36.0 259.37007874015745 83.05511811023622 13.32283464566929 changement
101.19685039370079 259.37007874015745 35.71653543307087 13.32283464566929 de
119.05511811023622 259.37007874015745 35.71653543307087 13.32283464566929 la
136.91338582677164 259.37007874015745 71.14960629921259 13.32283464566929 capitale
190.20472440944883 259.37007874015745 47.338582677165356 13.32283464566929 pour
214.01574803149606 259.37007874015745 65.19685039370079 13.32283464566929 Brasilia,

17.291338582677167 269.29133858267716 54.99212598425197 15.307086614173228 comme
54.14173228346457 269.29133858267716 48.75590551181102 15.307086614173228 dans
84.4724409448819 269.29133858267716 67.18110236220473 15.307086614173228 l’essor
133.51181102362204 269.29133858267716 85.60629921259843 15.307086614173228 économique
200.69291338582678 269.29133858267716 36.56692913385827 15.307086614173228 de
212.88188976377953 269.29133858267716 67.18110236220473 15.307086614173228 certaines

18.708661417322833 282.0472440944882 58.67716535433071 14.740157480314961 régions
61.511811023622045 282.0472440944882 32.031496062992126 14.740157480314961 et
77.38582677165354 282.0472440944882 42.803149606299215 14.740157480314961 dans
104.03149606299213 282.0472440944882 32.031496062992126 14.740157480314961 la
120.18897637795276 282.0472440944882 64.06299212598425 14.740157480314961 création
168.09448818897638 282.0472440944882 90.70866141732283 14.740157480314961 d’excellentes
237.54330708661416 282.0472440944882 42.803149606299215 14.740157480314961 écoles

18.141732283464567 293.1023622047244 98.36220472440945 14.456692913385826 d’architecture
100.06299212598425 293.1023622047244 43.653543307086615 14.456692913385826 dans
127.2755905511811 293.1023622047244 32.881889763779526 14.456692913385826 la
143.71653543307087 293.1023622047244 65.48031496062993 14.456692913385826 majorité
192.75590551181102 293.1023622047244 38.267716535433074 14.456692913385826 des
214.58267716535434 293.1023622047244 49.039370078740156 14.456692913385826 Etats
247.1811023622047 293.1023622047244 32.881889763779526 14.456692913385826 de
258.23622047244095 293.1023622047244 21.826771653543307 14.456692913385826 la

13.88976377952756 307.5590551181102 68.5984251968504 14.173228346456693 Fédération.

34.58267716535433 317.1968503937008 54.70866141732284 16.440944881889763 Assad,
72.85039370078741 317.1968503937008 49.32283464566929 16.440944881889763 Forte
105.73228346456693 317.1968503937008 54.70866141732284 16.440944881889763 Netto,
144.0 317.1968503937008 71.14960629921259 16.440944881889763 Gandolfi,
198.99212598425197 317.1968503937008 54.70866141732284 16.440944881889763 Lerner
237.25984251968504 317.1968503937008 32.881889763779526 16.440944881889763 et
248.31496062992127 317.1968503937008 32.881889763779526 16.440944881889763 San-

18.992125984251967 328.53543307086613 65.48031496062993 18.141732283464567 chotene,
68.03149606299213 328.53543307086613 43.653543307086615 18.141732283464567 tous
95.5275590551181 328.53543307086613 81.92125984251969 18.141732283464567 originaires
161.00787401574803 328.53543307086613 32.881889763779526 18.141732283464567 du
177.4488188976378 328.53543307086613 60.09448818897638 18.141732283464567 Parana,
215.71653543307087 328.53543307086613 65.48031496062993 18.141732283464567 illustrent

18.708661417322833 342.4251968503937 37.41732283464567 14.173228346456693 ces
40.25196850393701 342.4251968503937 69.44881889763779 14.173228346456693 nouvelles
93.54330708661418 342.4251968503937 85.60629921259843 14.173228346456693 conjonctures
162.99212598425197 342.4251968503937 80.22047244094489 14.173228346456693 culturelles
227.0551181102362 342.4251968503937 32.031496062992126 14.173228346456693 et
237.82677165354332 342.4251968503937 42.803149606299215 14.173228346456693 socio-

18.992125984251967 354.3307086614173 91.2755905511811 14.456692913385826 économiques.
92.97637795275591 354.3307086614173 51.30708661417323 14.456692913385826 Dotés
127.2755905511811 354.3307086614173 45.63779527559055 14.456692913385826 d’un
155.90551181102362 354.3307086614173 56.976377952755904 14.456692913385826 talent
195.59055118110237 354.3307086614173 85.60629921259843 14.456692913385826 d’exception
258.5196850393701 354.3307086614173 22.677165354330707 14.456692913385826 et

19.275590551181104 363.40157480314963 47.05511811023622 16.440944881889763 d’une
50.45669291338583 363.40157480314963 41.95275590551181 16.440944881889763 rare
76.81889763779527 363.40157480314963 62.92913385826772 16.440944881889763 capacité
123.8740157480315 363.40157480314963 83.90551181102362 16.440944881889763 d’invention,
192.18897637795277 363.40157480314963 31.46456692913386 16.440944881889763 en
207.7795275590551 363.40157480314963 47.05511811023622 16.440944881889763 dépit
239.24409448818898 363.40157480314963 31.46456692913386 16.440944881889763 de
249.73228346456693 363.40157480314963 31.46456692913386 16.440944881889763 leur

18.992125984251967 375.59055118110234 69.44881889763779 18.4251968503937 jeunesse,
72.56692913385827 375.59055118110234 37.41732283464567 18.4251968503937 ils
93.8267716535433 375.59055118110234 42.803149606299215 18.4251968503937 sont
120.4724409448819 375.59055118110234 64.06299212598425 18.4251968503937 capables
168.66141732283464 375.59055118110234 85.60629921259843 18.4251968503937 d’harmoniser
232.7244094488189 375.59055118110234 48.188976377952756 18.4251968503937 parfai-

18.141732283464567 387.7795275590551 64.06299212598425 17.858267716535433 tement
63.21259842519685 387.7795275590551 38.55118110236221 17.858267716535433 la
82.20472440944881 387.7795275590551 51.30708661417323 17.858267716535433 plus
114.23622047244095 387.7795275590551 89.5748031496063 17.858267716535433 audacieuse
184.8188976377953 387.7795275590551 96.09448818897638 17.858267716535433 proposition
255.4015748031496 387.7795275590551 25.511811023622048 17.858267716535433 de

18.708661417322833 399.11811023622045 93.25984251968504 16.724409448818896 construction
94.67716535433071 399.11811023622045 46.77165354330709 16.724409448818896 avec
123.8740157480315 399.11811023622045 40.818897637795274 16.724409448818896 une
147.11811023622047 399.11811023622045 81.63779527559055 16.724409448818896 conception
211.46456692913387 399.11811023622045 70.01574803149606 16.724409448818896 spatiale
258.23622047244095 399.11811023622045 23.244094488188978 16.724409448818896 et

18.992125984251967 410.1732283464567 68.5984251968504 17.291338582677167 formelle
70.2992125984252 410.1732283464567 34.2992125984252 17.291338582677167 du
87.30708661417323 410.1732283464567 56.976377952755904 17.291338582677167 niveau
127.2755905511811 410.1732283464567 34.2992125984252 17.291338582677167 le
144.56692913385828 410.1732283464567 45.63779527559055 17.291338582677167 plus
172.91338582677164 410.1732283464567 56.976377952755904 17.291338582677167 élevé.
212.88188976377953 410.1732283464567 45.63779527559055 17.291338582677167 Leur
235.84251968503938 410.1732283464567 45.63779527559055 17.291338582677167 archi-

19.275590551181104 424.62992125984255 62.36220472440945 15.023622047244094 tecture
64.62992125984252 424.62992125984255 39.68503937007874 15.023622047244094 est
87.30708661417323 424.62992125984255 62.36220472440945 15.023622047244094 limpide
132.66141732283464 424.62992125984255 34.01574803149607 15.023622047244094 et
149.66929133858267 424.62992125984255 62.36220472440945 15.023622047244094 logique
195.30708661417322 424.62992125984255 45.354330708661415 15.023622047244094 sans
223.6535433070866 424.62992125984255 45.354330708661415 15.023622047244094 pour
246.33070866141733 424.62992125984255 34.01574803149607 15.023622047244094 cela

20.69291338582677 438.5196850393701 40.818897637795274 14.173228346456693 être
41.10236220472441 438.5196850393701 61.22834645669291 14.173228346456693 simpliste.

36.56692913385827 446.45669291338584 43.653543307086615 16.724409448818896 Pour
63.77952755905512 446.45669291338584 54.425196850393704 16.724409448818896 toutes
101.76377952755905 446.45669291338584 37.98425196850393 16.724409448818896 ces
123.59055118110236 446.45669291338584 65.19685039370079 16.724409448818896 raisons,
172.62992125984252 446.45669291338584 37.98425196850393 16.724409448818896 ils
194.45669291338584 446.45669291338584 65.19685039370079 16.724409448818896 méritent
237.82677165354332 446.45669291338584 43.653543307086615 16.724409448818896 d’être

20.409448818897637 458.0787401574803 37.13385826771653 16.15748031496063 les
41.669291338582674 458.0787401574803 69.16535433070867 16.15748031496063 légitimes
94.96062992125984 458.0787401574803 90.4251968503937 16.15748031496063 continuateurs
169.22834645669292 458.0787401574803 32.031496062992126 16.15748031496063 de
185.38582677165354 458.0787401574803 32.031496062992126 16.15748031496063 la
201.25984251968504 458.0787401574803 74.55118110236221 16.15748031496063 génération
254.26771653543307 458.0787401574803 26.64566929133858 16.15748031496063 qui

19.84251968503937 469.7007874015748 27.77952755905512 17.007874015748033 a
31.181102362204726 469.7007874015748 33.44881889763779 17.007874015748033 su
47.90551181102362 469.7007874015748 72.28346456692914 17.007874015748033 implanter
103.46456692913385 469.7007874015748 39.118110236220474 17.007874015748033 les
125.85826771653544 469.7007874015748 72.28346456692914 17.007874015748033 principes
181.41732283464566 469.7007874015748 33.44881889763779 17.007874015748033 de
192.75590551181102 469.7007874015748 89.00787401574803 17.007874015748033 l’architecture

20.69291338582677 481.6062992125984 59.811023622047244 18.4251968503937 moderne
64.06299212598425 481.6062992125984 87.02362204724409 18.4251968503937 brésilienne,
134.9291338582677 481.6062992125984 49.039370078740156 18.4251968503937 avec,
167.5275590551181 481.6062992125984 32.59842519685039 18.4251968503937 en
183.96850393700788 481.6062992125984 54.425196850393704 18.4251968503937 outre,
216.56692913385828 481.6062992125984 65.19685039370079 18.4251968503937 l’avantage

19.84251968503937 494.3622047244094 34.2992125984252 16.15748031496063 de
36.8503937007874 494.3622047244094 51.30708661417323 16.15748031496063 créer
71.14960629921259 494.3622047244094 39.968503937007874 16.15748031496063 une
93.8267716535433 494.3622047244094 91.2755905511811 16.15748031496063 architecture
168.09448818897638 494.3622047244094 45.63779527559055 16.15748031496063 qui,
196.44094488188978 494.3622047244094 45.63779527559055 16.15748031496063 sans
225.0708661417323 494.3622047244094 56.976377952755904 16.15748031496063 perdre
259.37007874015745 494.3622047244094 22.677165354330707 16.15748031496063 de

20.125984251968504 505.13385826771656 35.1496062992126 17.291338582677167 sa
37.7007874015748 505.13385826771656 75.96850393700787 17.291338582677167 substance
96.09448818897638 505.13385826771656 75.96850393700787 17.291338582677167 poétique,
154.48818897637796 505.13385826771656 35.1496062992126 17.291338582677167 se
172.06299212598427 505.13385826771656 52.44094488188976 17.291338582677167 fonde
206.9291338582677 505.13385826771656 46.77165354330709 17.291338582677167 plus
230.45669291338584 505.13385826771656 52.44094488188976 17.291338582677167 profon-

20.125984251968504 518.7401574803149 56.976377952755904 14.740157480314961 dément
60.09448818897638 518.7401574803149 39.968503937007874 14.740157480314961 sur
82.77165354330708 518.7401574803149 34.2992125984252 14.740157480314961 le
100.06299212598425 518.7401574803149 45.63779527559055 14.740157480314961 plan
128.40944881889763 518.7401574803149 34.2992125984252 14.740157480314961 de
145.70078740157481 518.7401574803149 34.2992125984252 14.740157480314961 la
162.70866141732284 518.7401574803149 91.2755905511811 14.740157480314961 connaissance
231.30708661417322 518.7401574803149 51.30708661417323 14.740157480314961 techno

16.724409448818896 533.4803149606299 51.30708661417323 15.590551181102363 logique.

37.98425196850393 540.0 32.031496062992126 18.141732283464567 Le
54.14173228346457 540.0 58.39370078740158 18.141732283464567 travail
96.66141732283465 540.0 53.29133858267716 18.141732283464567 qu’ils
133.79527559055117 540.0 74.55118110236221 18.141732283464567 présentent
192.18897637795277 540.0 26.64566929133858 18.141732283464567 à
202.96062992125985 540.0 32.031496062992126 18.141732283464567 la
218.83464566929135 540.0 63.77952755905512 18.141732283464567 Biennale
261.3543307086614 540.0 21.25984251968504 18.141732283464567 de

21.543307086614174 556.7244094488188 45.354330708661415 13.88976377952756 Paris
51.874015748031496 556.7244094488188 35.1496062992126 13.88976377952756 est
72.0 556.7244094488188 40.25196850393701 13.88976377952756 tout
96.94488188976378 556.7244094488188 25.228346456692915 13.88976377952756 à
107.14960629921259 556.7244094488188 40.25196850393701 13.88976377952756 fait
132.3779527559055 556.7244094488188 95.5275590551181 13.88976377952756 caractéristique
212.88188976377953 556.7244094488188 30.04724409448819 13.88976377952756 de
227.90551181102362 556.7244094488188 40.25196850393701 13.88976377952756 leur
248.03149606299212 556.7244094488188 35.1496062992126 13.88976377952756 puis-

20.976377952755904 565.2283464566929 49.039370078740156 16.440944881889763 sance
53.574803149606296 565.2283464566929 76.53543307086615 16.440944881889763 créatrice.
113.66929133858268 565.2283464566929 32.881889763779526 16.440944881889763 La
130.11023622047244 565.2283464566929 70.86614173228347 16.440944881889763 Cité-Pont
184.53543307086613 565.2283464566929 54.70866141732284 16.440944881889763 qu’ils
217.41732283464566 565.2283464566929 65.48031496062993 16.440944881889763 proposent,

20.976377952755904 578.8346456692914 43.93700787401575 14.740157480314961 face
48.188976377952756 578.8346456692914 38.267716535433074 14.740157480314961 aux
70.2992125984252 578.8346456692914 76.53543307086615 14.740157480314961 cataractes
130.39370078740157 578.8346456692914 71.14960629921259 14.740157480314961 d’Iguaçu,
185.10236220472441 578.8346456692914 71.14960629921259 14.740157480314961 cherchant
239.81102362204723 578.8346456692914 27.496062992125985 14.740157480314961 à
245.48031496062993 578.8346456692914 38.267716535433074 14.740157480314961 créer

21.25984251968504 590.4566929133858 32.031496062992126 14.456692913385826 un
37.41732283464567 590.4566929133858 53.574803149606296 14.456692913385826 centre
74.83464566929133 590.4566929133858 80.22047244094489 14.456692913385826 touristique
139.1811023622047 590.4566929133858 90.99212598425197 14.456692913385826 international
214.01574803149606 590.4566929133858 48.188976377952756 14.456692913385826 ainsi
240.9448818897638 590.4566929133858 42.803149606299215 14.456692913385826 qu’une

22.11023622047244 600.6614173228346 59.811023622047244 16.440944881889763 liaison
65.48031496062993 600.6614173228346 49.039370078740156 16.440944881889763 entre
98.36220472440945 600.6614173228346 32.59842519685039 16.440944881889763 le
114.51968503937007 600.6614173228346 54.425196850393704 16.440944881889763 Brésil
152.78740157480314 600.6614173228346 32.59842519685039 16.440944881889763 et
169.22834645669292 600.6614173228346 81.63779527559055 16.440944881889763 l’Argentine
234.4251968503937 600.6614173228346 32.59842519685039 16.440944881889763 au
245.48031496062993 600.6614173228346 37.98425196850393 16.440944881889763 moyen

20.976377952755904 612.5669291338583 52.44094488188976 17.5748031496063 d’une
56.125984251968504 612.5669291338583 75.96850393700787 17.5748031496063 structure
114.51968503937007 612.5669291338583 81.63779527559055 17.5748031496063 comportant
178.58267716535434 612.5669291338583 35.1496062992126 17.5748031496063 un
196.15748031496062 612.5669291338583 58.39370078740158 17.5748031496063 espace
236.9763779527559 612.5669291338583 46.77165354330709 17.5748031496063 vide
260.503937007874 612.5669291338583 23.244094488188978 17.5748031496063 de

260.503937007874 637.511811023622 24.37795275590551 11.905511811023622 31
