312.09448818897636 669.2598425196851
243.7795275590551 22.11023622047244 66.89763779527559 16.15748031496063 <b>SUEDE</b>

62.07874015748032 126.4251968503937 70.86614173228347 22.677165354330707 Commissaire
118.77165354330708 126.4251968503937 51.874015748031496 22.677165354330707 général
156.4724409448819 126.4251968503937 23.52755905511811 22.677165354330707 :
165.82677165354332 126.4251968503937 70.86614173228347 22.677165354330707 <b>Kristian
217.70078740157481 126.4251968503937 56.69291338582677 22.677165354330707 Romare</b>

62.92913385826772 148.8188976377953 50.173228346456696 17.291338582677167 Critique
96.37795275590551 148.8188976377953 33.44881889763779 17.291338582677167 d’art.

52.724409448818896 267.59055118110234 34.01574803149607 18.708661417322833 La
69.73228346456693 267.59055118110234 96.37795275590551 18.708661417322833 participation
149.10236220472441 267.59055118110234 68.03149606299213 18.708661417322833 suédoise
199.84251968503938 267.59055118110234 28.346456692913385 18.708661417322833 à
211.1811023622047 267.59055118110234 34.01574803149607 18.708661417322833 la
228.18897637795277 267.59055118110234 68.03149606299213 18.708661417322833 Biennale
273.54330708661416 267.59055118110234 22.677165354330707 18.708661417322833 de

38.267716535433074 281.4803149606299 51.59055118110236 17.291338582677167 Paris
72.56692913385827 281.4803149606299 28.62992125984252 17.291338582677167 a
83.90551181102362 281.4803149606299 39.968503937007874 17.291338582677167 été
106.86614173228347 281.4803149606299 74.55118110236221 17.291338582677167 organisée
164.1259842519685 281.4803149606299 39.968503937007874 17.291338582677167 par
187.08661417322836 281.4803149606299 34.2992125984252 17.291338582677167 le
204.3779527559055 281.4803149606299 57.25984251968504 17.291338582677167 Comité
238.6771653543307 281.4803149606299 57.25984251968504 17.291338582677167 national

38.267716535433074 293.6692913385827 43.08661417322835 18.708661417322833 pour
65.19685039370079 293.6692913385827 37.7007874015748 18.708661417322833 les
86.74015748031496 293.6692913385827 80.78740157480316 18.708661417322833 expositions
151.37007874015748 293.6692913385827 48.47244094488189 18.708661417322833 d’art
183.68503937007873 293.6692913385827 59.24409448818898 18.708661417322833 moderne
226.77165354330708 293.6692913385827 26.929133858267715 18.708661417322833 à
232.15748031496062 293.6692913385827 64.62992125984252 18.708661417322833 l’étranger

38.83464566929134 305.8582677165354 29.763779527559056 18.141732283464567 et
53.85826771653543 305.8582677165354 29.763779527559056 18.141732283464567 la
68.88188976377953 305.8582677165354 64.62992125984252 18.141732283464567 sélection
118.48818897637796 305.8582677165354 29.763779527559056 18.141732283464567 en
133.22834645669292 305.8582677165354 24.944881889763778 18.141732283464567 a
143.1496062992126 305.8582677165354 34.86614173228347 18.141732283464567 été
162.99212598425197 305.8582677165354 54.70866141732284 18.141732283464567 confiée
202.6771653543307 305.8582677165354 24.944881889763778 18.141732283464567 à
212.5984251968504 305.8582677165354 59.52755905511811 18.141732283464567 Kristian
252.28346456692913 305.8582677165354 44.78740157480315 18.141732283464567 Romare,

38.55118110236221 318.61417322834643 64.62992125984252 14.173228346456693 critique
87.02362204724409 318.61417322834643 53.85826771653543 14.173228346456693 d’art.
124.7244094488189 318.61417322834643 32.31496062992126 14.173228346456693 En
140.88188976377953 318.61417322834643 75.4015748031496 14.173228346456693 présentant
200.1259842519685 318.61417322834643 32.31496062992126 14.173228346456693 un
216.28346456692913 318.61417322834643 37.7007874015748 14.173228346456693 des
232.44094488188978 318.61417322834643 64.62992125984252 14.173228346456693 collectifs

38.55118110236221 331.65354330708664 82.48818897637796 12.472440944881889 artistiques
104.5984251968504 331.65354330708664 38.55118110236221 12.472440944881889 les
126.4251968503937 331.65354330708664 43.93700787401575 12.472440944881889 plus
153.92125984251967 331.65354330708664 104.5984251968504 12.472440944881889 représentatifs,
242.07874015748033 331.65354330708664 32.881889763779526 12.472440944881889 le
253.13385826771653 331.65354330708664 43.93700787401575 12.472440944881889 groupe

39.40157480314961 342.70866141732284 49.60629921259842 13.32283464566929 Puss,
72.28346456692914 342.70866141732284 38.55118110236221 13.32283464566929 les
94.39370078740157 342.70866141732284 88.15748031496064 13.32283464566929 responsables
166.11023622047244 342.70866141732284 38.55118110236221 13.32283464566929 ont
188.2204724409449 342.70866141732284 49.60629921259842 13.32283464566929 voulu
221.38582677165354 342.70866141732284 71.71653543307086 13.32283464566929 souligner
270.99212598425197 342.70866141732284 27.496062992125985 13.32283464566929 une

38.55118110236221 353.4803149606299 72.56692913385827 13.88976377952756 tendance
92.97637795275591 353.4803149606299 54.425196850393704 13.88976377952756 parmi
129.25984251968504 353.4803149606299 42.23622047244095 13.88976377952756 les
153.35433070866142 353.4803149606299 60.37795275590551 13.88976377952756 jeunes
195.59055118110237 353.4803149606299 36.28346456692913 13.88976377952756 en
213.73228346456693 353.4803149606299 54.425196850393704 13.88976377952756 Suède
250.01574803149606 353.4803149606299 48.47244094488189 13.88976377952756 vers
274.3937007874016 353.4803149606299 24.094488188976378 13.88976377952756 le

39.40157480314961 363.9685039370079 59.52755905511811 18.141732283464567 travail
82.48818897637796 363.9685039370079 70.2992125984252 18.141732283464567 d’équipe.
136.62992125984252 363.9685039370079 32.31496062992126 18.141732283464567 Il
152.78740157480314 363.9685039370079 32.31496062992126 18.141732283464567 ne
168.9448818897638 363.9685039370079 54.14173228346457 18.141732283464567 s’agit
206.9291338582677 363.9685039370079 48.75590551181102 18.141732283464567 plus,
233.85826771653544 363.9685039370079 64.91338582677166 18.141732283464567 cependant,

39.968503937007874 380.12598425196853 48.47244094488189 13.039370078740157 d’une
72.28346456692914 380.12598425196853 81.07086614173228 13.039370078740157 intégration
137.1968503937008 380.12598425196853 32.31496062992126 13.039370078740157 de
153.35433070866142 380.12598425196853 48.47244094488189 13.039370078740157 l’art
185.66929133858267 380.12598425196853 32.31496062992126 13.039370078740157 et
201.82677165354332 380.12598425196853 32.31496062992126 13.039370078740157 de
212.5984251968504 380.12598425196853 86.45669291338582 13.039370078740157 l’architecture

39.968503937007874 391.18110236220474 33.16535433070866 13.606299212598426 ou
56.40944881889764 391.18110236220474 49.60629921259842 13.606299212598426 d’une
89.5748031496063 391.18110236220474 66.33070866141732 13.606299212598426 synthèse
139.1811023622047 391.18110236220474 33.16535433070866 13.606299212598426 de
155.90551181102362 391.18110236220474 49.60629921259842 13.606299212598426 l’art
188.78740157480314 391.18110236220474 33.16535433070866 13.606299212598426 et
205.51181102362204 391.18110236220474 33.16535433070866 13.606299212598426 de
221.95275590551182 391.18110236220474 33.16535433070866 13.606299212598426 la
233.00787401574803 391.18110236220474 66.33070866141732 13.606299212598426 technique,

39.968503937007874 400.81889763779526 48.188976377952756 13.606299212598426 mais
70.01574803149606 400.81889763779526 54.425196850393704 13.606299212598426 d’une
106.2992125984252 400.81889763779526 72.56692913385827 13.606299212598426 démarche
160.7244094488189 400.81889763779526 60.37795275590551 13.606299212598426 fondée
202.96062992125985 400.81889763779526 42.23622047244095 13.606299212598426 sur
227.0551181102362 400.81889763779526 42.23622047244095 13.606299212598426 des
245.1968503937008 400.81889763779526 54.425196850393704 13.606299212598426 raisons

40.818897637795274 413.8582677165354 95.81102362204724 11.905511811023622 idéologiques.
119.62204724409449 413.8582677165354 28.062992125984252 11.905511811023622 A
130.96062992125985 413.8582677165354 56.40944881889764 11.905511811023622 partir
170.36220472440945 413.8582677165354 50.74015748031496 11.905511811023622 d’une
204.09448818897638 413.8582677165354 67.46456692913385 11.905511811023622 critique
254.83464566929135 413.8582677165354 33.732283464566926 11.905511811023622 du
266.1732283464567 413.8582677165354 33.732283464566926 11.905511811023622 rôle

41.10236220472441 424.06299212598424 30.614173228346456 14.740157480314961 de
56.40944881889764 424.06299212598424 66.04724409448819 14.740157480314961 l’artiste
107.14960629921259 424.06299212598424 76.25196850393701 14.740157480314961 individuel,
168.3779527559055 424.06299212598424 35.71653543307087 14.740157480314961 ces
188.50393700787401 424.06299212598424 50.74015748031496 14.740157480314961 jeunes
224.2204724409449 424.06299212598424 30.614173228346456 14.740157480314961 se
239.5275590551181 424.06299212598424 40.818897637795274 14.740157480314961 sont
259.65354330708664 424.06299212598424 40.818897637795274 14.740157480314961 orien-

40.818897637795274 438.23622047244095 39.40157480314961 12.472440944881889 tés
63.496062992125985 438.23622047244095 45.07086614173228 12.472440944881889 vers
91.55905511811024 438.23622047244095 39.40157480314961 12.472440944881889 une
113.95275590551181 438.23622047244095 67.46456692913385 12.472440944881889 activité
164.69291338582678 438.23622047244095 39.40157480314961 12.472440944881889 sur
187.37007874015748 438.23622047244095 73.13385826771653 12.472440944881889 l’opinion
237.82677165354332 438.23622047244095 62.07874015748032 12.472440944881889 publique,

41.10236220472441 450.1417322834646 36.0 12.472440944881889 les
61.511811023622045 450.1417322834646 72.0 12.472440944881889 collectifs
118.20472440944881 450.1417322834646 30.89763779527559 12.472440944881889 se
133.79527559055117 450.1417322834646 66.89763779527559 12.472440944881889 composant
185.10236220472441 450.1417322834646 56.69291338582677 12.472440944881889 souvent
226.48818897637796 450.1417322834646 30.89763779527559 12.472440944881889 de
241.79527559055117 450.1417322834646 61.79527559055118 12.472440944881889 «laïques
283.18110236220474 450.1417322834646 15.307086614173228 12.472440944881889 »

40.53543307086614 462.8976377952756 31.748031496062993 11.622047244094489 et
56.40944881889764 462.8976377952756 73.98425196850394 11.622047244094489 d’artistes
114.51968503937007 462.8976377952756 79.37007874015748 11.622047244094489 travaillant
178.01574803149606 462.8976377952756 68.5984251968504 11.622047244094489 ensemble.
231.0236220472441 462.8976377952756 31.748031496062993 11.622047244094489 Le
246.89763779527559 462.8976377952756 52.724409448818896 11.622047244094489 groupe
278.3622047244094 462.8976377952756 21.25984251968504 11.622047244094489 de

41.95275590551181 471.68503937007875 42.803149606299215 13.88976377952756 Puss
68.88188976377953 471.68503937007875 26.929133858267715 13.88976377952756 a
79.65354330708661 471.68503937007875 53.574803149606296 13.88976377952756 trouvé
117.07086614173228 471.68503937007875 32.31496062992126 13.88976377952756 la
133.22834645669292 471.68503937007875 58.960629921259844 13.88976377952756 formule
176.03149606299212 471.68503937007875 32.31496062992126 13.88976377952756 la
192.18897637795277 471.68503937007875 42.803149606299215 13.88976377952756 plus
213.73228346456693 471.68503937007875 85.88976377952756 13.88976377952756 traditionnelle

41.95275590551181 486.70866141732284 30.04724409448819 11.905511811023622 du
56.976377952755904 486.70866141732284 69.73228346456693 11.905511811023622 collectif,
111.96850393700787 486.70866141732284 44.78740157480315 11.905511811023622 celle
141.73228346456693 486.70866141732284 44.78740157480315 11.905511811023622 d’une
166.6771653543307 486.70866141732284 59.811023622047244 11.905511811023622 rédaction.

57.54330708661417 503.1496062992126 40.25196850393701 13.039370078740157 Hors
82.77165354330708 503.1496062992126 30.330708661417322 13.039370078740157 du
98.07874015748031 503.1496062992126 55.55905511811024 13.039370078740157 travail
138.33070866141733 503.1496062992126 85.88976377952756 13.039370078740157 rédactionnel,
208.91338582677164 503.1496062992126 40.25196850393701 13.039370078740157 Lars
229.3228346456693 503.1496062992126 70.58267716535433 13.039370078740157 Hillersberg,

42.23622047244095 515.0551181102362 39.118110236220474 13.039370078740157 Ulf
64.62992125984252 515.0551181102362 67.18110236220473 13.039370078740157 Rahmberg
115.08661417322834 515.0551181102362 33.732283464566926 13.039370078740157 et
132.09448818897638 515.0551181102362 44.78740157480315 13.039370078740157 Lena
160.15748031496062 515.0551181102362 67.18110236220473 13.039370078740157 Svedberg
210.61417322834646 515.0551181102362 39.118110236220474 13.039370078740157 ont
233.00787401574803 515.0551181102362 72.85039370078741 13.039370078740157 participé
283.46456692913387 515.0551181102362 16.724409448818896 13.039370078740157 à

42.803149606299215 525.5433070866142 91.84251968503936 13.32283464566929 l’exposition
117.35433070866142 525.5433070866142 74.55118110236221 13.32283464566929 politique
174.61417322834646 525.5433070866142 34.2992125984252 13.32283464566929 du
191.90551181102362 525.5433070866142 45.92125984251968 13.32283464566929 parc
214.86614173228347 525.5433070866142 85.88976377952756 13.32283464566929 d’attractions

43.37007874015748 538.5826771653543 25.79527559055118 13.32283464566929 «
53.574803149606296 538.5826771653543 51.59055118110236 13.32283464566929 Moment
89.85826771653544 538.5826771653543 30.89763779527559 13.32283464566929 de
105.16535433070867 538.5826771653543 56.69291338582677 13.32283464566929 plaisir
146.5511811023622 538.5826771653543 25.79527559055118 13.32283464566929 »
157.03937007874015 538.5826771653543 30.89763779527559 13.32283464566929 de
172.3464566929134 538.5826771653543 113.66929133858268 13.32283464566929 Riksutställningar,
265.3228346456693 538.5826771653543 36.28346456692913 13.32283464566929 expo-

42.803149606299215 548.7874015748032 52.724409448818896 13.039370078740157 sition
79.93700787401575 548.7874015748032 68.5984251968504 13.039370078740157 nationale
132.66141732283464 548.7874015748032 36.8503937007874 13.039370078740157 qui
153.92125984251967 548.7874015748032 52.724409448818896 13.039370078740157 tourne
190.77165354330708 548.7874015748032 31.748031496062993 13.039370078740157 en
206.64566929133858 548.7874015748032 52.724409448818896 13.039370078740157 Suède.
243.49606299212599 548.7874015748032 42.23622047244095 13.039370078740157 Lena
264.755905511811 548.7874015748032 36.8503937007874 13.039370078740157 Sved-

43.08661417322835 560.9763779527559 49.60629921259842 13.32283464566929 berg,
75.96850393700787 560.9763779527559 82.48818897637796 13.32283464566929 responsable
142.01574803149606 560.9763779527559 32.881889763779526 13.32283464566929 du
158.45669291338584 560.9763779527559 54.99212598425197 13.32283464566929 groupe
197.00787401574803 560.9763779527559 27.496062992125985 13.32283464566929 à
208.06299212598427 560.9763779527559 32.881889763779526 13.32283464566929 la
224.50393700787401 560.9763779527559 60.661417322834644 13.32283464566929 Sixième
263.0551181102362 560.9763779527559 38.55118110236221 13.32283464566929 Bien-

43.08661417322835 575.7165354330708 50.45669291338583 11.05511811023622 nale,
76.81889763779527 575.7165354330708 28.062992125984252 11.05511811023622 a
87.8740157480315 575.7165354330708 56.125984251968504 11.05511811023622 exposé
127.2755905511811 575.7165354330708 44.78740157480315 11.05511811023622 avec
155.33858267716536 575.7165354330708 28.062992125984252 11.05511811023622 «
166.39370078740157 575.7165354330708 39.118110236220474 11.05511811023622 Les
188.78740157480314 575.7165354330708 61.79527559055118 11.05511811023622 Vilains
233.85826771653544 575.7165354330708 28.062992125984252 11.05511811023622 »
244.91338582677164 575.7165354330708 28.062992125984252 11.05511811023622 à
256.251968503937 575.7165354330708 44.78740157480315 11.05511811023622 Lund
278.6456692913386 575.7165354330708 22.393700787401574 11.05511811023622 en

43.93700787401575 584.7874015748032 42.23622047244095 13.039370078740157 1968
70.2992125984252 584.7874015748032 31.748031496062993 13.039370078740157 et
86.1732283464567 584.7874015748032 26.362204724409448 13.039370078740157 à
96.66141732283465 584.7874015748032 26.362204724409448 13.039370078740157 «
107.14960629921259 584.7874015748032 79.08661417322834 13.039370078740157 Underground
170.36220472440945 584.7874015748032 26.362204724409448 13.039370078740157 »
181.13385826771653 584.7874015748032 31.748031496062993 13.039370078740157 en
196.7244094488189 584.7874015748032 47.338582677165356 13.039370078740157 1969.
228.4724409448819 584.7874015748032 52.724409448818896 13.039370078740157 Anders
259.93700787401576 584.7874015748032 42.23622047244095 13.039370078740157 Peter-

43.653543307086615 596.6929133858267 43.08661417322835 11.905511811023622 sen,
70.58267716535433 596.6929133858267 86.1732283464567 11.905511811023622 photographe,
140.5984251968504 596.6929133858267 26.929133858267715 11.905511811023622 a
151.37007874015748 596.6929133858267 70.01574803149606 11.905511811023622 collaboré
204.9448818897638 596.6929133858267 32.31496062992126 11.905511811023622 en
221.10236220472441 596.6929133858267 43.08661417322835 11.905511811023622 1969
248.03149606299212 596.6929133858267 26.929133858267715 11.905511811023622 à
253.41732283464566 596.6929133858267 48.47244094488189 11.905511811023622 l’expo-

44.22047244094488 607.7480314960629 51.59055118110236 13.88976377952756 sition
80.22047244094489 607.7480314960629 82.48818897637796 13.88976377952756 sociologique
147.11811023622047 607.7480314960629 36.0 13.88976377952756 «La
167.81102362204723 607.7480314960629 46.20472440944882 13.88976377952756 ville
198.70866141732284 607.7480314960629 61.79527559055118 13.88976377952756 renvoyée
244.91338582677164 607.7480314960629 25.79527559055118 13.88976377952756 »
255.4015748031496 607.7480314960629 30.89763779527559 13.88976377952756 au
265.6062992125984 607.7480314960629 36.0 13.88976377952756 Musée

44.78740157480315 619.9370078740158 71.71653543307086 14.456692913385826 municipal
99.77952755905511 619.9370078740158 33.16535433070866 14.456692913385826 de
110.83464566929133 619.9370078740158 66.33070866141732 14.456692913385826 Stockholm.
