1062 2361
14 57 240 71 <b>GRECE</b>

194 449 240 70 Commissaire
386 449 176 70 général
514 449 80 70 :
546 449 224 70 <b>Georges
706 449 256 70 Spyridakis</b>

194 500 234 70 Conseiller
378 500 201 70 Culturel
529 500 134 70 près
612 500 251 70 l’Ambassade
813 500 100 70 de
846 500 117 70 Grèce

192 535 81 46 à
208 535 130 46 Paris.

148 671 124 66 Les
219 671 159 66 trois
325 671 212 66 artistes
484 671 159 66 grecs
591 671 124 66 qui
661 671 265 66 participent
856 671 106 66 cete

87 723 175 53 année
203 723 97 53 à
242 723 117 53 la
300 723 233 53 Biennale
475 723 117 53 de
534 723 175 53 Paris
650 723 136 53 ont
728 723 136 53 été
786 723 175 53 choisis

85 761 152 61 pour
180 761 286 61 représenter
409 761 133 61 des
485 761 248 61 tendances
675 761 286 61 différentes
885 761 76 61 de

89 800 103 60 la
140 800 222 60 peinture,
311 800 103 60 de
363 800 103 60 la
414 800 222 60 sculpture
585 800 103 60 et
636 800 103 60 de
687 800 103 60 la
739 800 188 60 gravure
858 800 103 60 dans

87 847 161 59 notre
194 847 161 59 pays.
301 847 143 59 Tous
390 847 125 59 ont
462 847 143 59 fait
551 847 161 59 leurs
658 847 178 59 études
783 847 89 59 à
801 847 161 59 l’Ecole

82 882 137 58 des
161 882 274 58 Beaux-Arts
356 882 235 58 d’Athènes.

143 937 234 57 Lefteris
318 937 253 57 Canacakis
512 937 234 57 compléta
688 937 136 57 ses
765 937 195 57 études
882 937 78 57 de

83 986 224 60 peinture
251 986 93 60 à
289 986 205 60 l’Ecole
438 986 243 60 Nationale
625 986 131 60 des
700 986 261 60 Beaux-Arts
886 986 75 60 de

85 1023 183 63 Paris.
213 1023 110 63 Il
267 1023 237 63 participa
450 1023 91 63 à
486 1023 128 63 des
559 1023 329 63 manifestations
815 1023 146 63 colec.

80 1063 185 55 tives
203 1063 123 55 et
264 1063 205 55 exposa
408 1063 103 55 à
449 1063 226 55 Athènes
613 1063 123 55 en
674 1063 185 55 1969.
797 1063 123 55 La
838 1063 123 55 même

81 1109 161 61 année
189 1109 108 61 il
243 1109 126 61 fut
314 1109 161 61 nommé
422 1109 233 61 assistant
601 1109 90 61 à
637 1109 197 61 l’Ecole
781 1109 126 61 des
834 1109 126 61 Beaux

79 1149 150 56 Arts
173 1149 263 56 d’Athènes.
379 1149 113 56 En
436 1149 244 56 peinture,
623 1149 113 56 il
680 1149 113 56 se
736 1149 188 56 montre
848 1149 113 56 pas-

78 1193 188 51 sionné
210 1193 113 51 du
266 1193 225 51 concret,
435 1193 282 51 recherchant
660 1193 131 51 une
736 1193 225 51 évidence
886 1193 75 51 et

76 1238 140 53 une
156 1238 261 53 intensité
357 1238 281 53 proprement
578 1238 281 53 surréelles
798 1238 161 53 dans
879 1238 80 53 la

78 1275 341 56 représentation,
365 1275 126 56 les
419 1275 162 56 objets.

134 1326 198 63 Georges
278 1326 234 63 Calacalas
458 1326 144 63 prit
548 1326 144 63 part
637 1326 90 63 à
673 1326 126 63 des
727 1326 234 63 expositions

74 1380 266 50 collectives
287 1380 106 50 et
340 1380 213 50 présenta
499 1380 124 50 ses
570 1380 248 50 sculptures
765 1380 89 50 à
783 1380 177 50 Athènes.

74 1409 138 62 Son
153 1409 138 62 art
232 1409 138 62 est
310 1409 236 62 imprégné
487 1409 118 62 du
546 1409 256 62 sentiment
743 1409 216 62 moderne
880 1409 79 62 de

74 1449 235 65 l’espace.
255 1449 253 65 Repoussant
453 1449 108 65 la
507 1449 271 65 figuration,
724 1449 108 65 il
760 1449 199 65 recherche

73 1495 113 70 le
130 1495 245 70 dynamisme
318 1495 132 70 des
394 1495 188 70 formes
526 1495 170 70 pures
639 1495 113 70 et
695 1495 113 70 la
752 1495 207 70 qualité
884 1495 75 70 de

72 1533 112 60 la
128 1533 206 60 matière
260 1533 262 60 sculpturale.

131 1586 188 66 Hélène
263 1586 283 66 Papaïoannou
489 1586 151 66 est,
583 1586 188 66 depuis
715 1586 170 66 1969,
809 1586 151 66 assis-

68 1628 171 66 tante
182 1628 152 66 dans
277 1628 246 66 l’atelier
466 1628 114 66 de
523 1628 209 66 gravure
675 1628 114 66 de
732 1628 209 66 l’Ecole
864 1628 95 66 des

68 1671 254 57 Beaux-Arts
267 1671 254 57 d’Athènes.
467 1671 145 57 Dans
558 1671 127 57 ses
630 1671 236 57 gravures,
794 1671 163 57 qu’elle

67 1724 97 44 a
105 1724 233 44 exposées
280 1724 97 44 à
319 1724 252 44 plusieurs
512 1724 252 44 reprises,
706 1724 155 44 elle
803 1724 155 44 part
880 1724 78 44 de

68 1756 200 55 l’objet
213 1756 145 55 pour
304 1756 200 55 aboutir
449 1756 91 55 à
486 1756 127 55 une
558 1756 254 55 expression
740 1756 218 55 abstraite.

30 2275 82 48 66
