291.9685039370079 676.0629921259842
4.535433070866142 58.960629921259844 88.15748031496064 21.826771653543307 confrontation
77.10236220472441 58.960629921259844 72.56692913385827 21.826771653543307 d’artistes
134.07874015748033 58.960629921259844 62.36220472440945 21.826771653543307 résidant
180.8503937007874 58.960629921259844 26.078740157480315 21.826771653543307 à
191.33858267716536 58.960629921259844 51.874015748031496 21.826771653543307 Paris,
222.51968503937007 58.960629921259844 41.38582677165354 21.826771653543307 ouver-

4.535433070866142 71.43307086614173 39.68503937007874 20.69291338582677 ture
29.480314960629922 71.43307086614173 44.78740157480315 20.69291338582677 d’une
59.24409448818898 71.43307086614173 44.78740157480315 20.69291338582677 salle
89.29133858267717 71.43307086614173 29.763779527559056 20.69291338582677 de
104.03149606299213 71.43307086614173 59.811023622047244 20.69291338582677 création
148.8188976377953 71.43307086614173 24.944881889763778 20.69291338582677 à
158.74015748031496 71.43307086614173 59.811023622047244 20.69291338582677 laquelle
198.70866141732284 71.43307086614173 64.62992125984252 20.69291338582677 participera

5.102362204724409 82.77165354330708 34.58267716535433 21.25984251968504 le
22.393700787401574 82.77165354330708 63.496062992125985 21.25984251968504 public,
68.5984251968504 82.77165354330708 63.496062992125985 21.25984251968504 hommage
114.80314960629921 82.77165354330708 51.874015748031496 21.25984251968504 rendu
149.38582677165354 82.77165354330708 28.913385826771652 21.25984251968504 à
160.7244094488189 82.77165354330708 40.53543307086614 21.25984251968504 des
183.96850393700788 82.77165354330708 69.16535433070867 21.25984251968504 artistes
230.17322834645668 82.77165354330708 34.58267716535433 21.25984251968504 dis-

5.102362204724409 95.5275590551181 49.889763779527556 21.25984251968504 parus
38.267716535433074 95.5275590551181 33.16535433070866 21.25984251968504 ou
54.70866141732284 95.5275590551181 38.83464566929134 21.25984251968504 qui
76.81889763779527 95.5275590551181 33.16535433070866 21.25984251968504 ne
93.54330708661418 95.5275590551181 60.94488188976378 21.25984251968504 peuvent
137.76377952755905 95.5275590551181 44.22047244094488 21.25984251968504 être
165.25984251968504 95.5275590551181 66.33070866141732 21.25984251968504 présents
215.1496062992126 95.5275590551181 27.77952755905512 21.25984251968504 à
220.53543307086613 95.5275590551181 44.22047244094488 21.25984251968504 Paris.

5.952755905511811 110.26771653543307 35.71653543307087 17.007874015748033 Cet
26.362204724409448 110.26771653543307 51.023622047244096 17.007874015748033 effort
62.07874015748032 110.26771653543307 71.14960629921259 17.007874015748033 correspond
117.92125984251969 110.26771653543307 71.14960629921259 17.007874015748033 d’ailleurs
174.04724409448818 110.26771653543307 25.511811023622048 17.007874015748033 à
184.251968503937 110.26771653543307 45.92125984251968 17.007874015748033 celui
214.58267716535434 110.26771653543307 30.614173228346456 17.007874015748033 de
224.78740157480314 110.26771653543307 40.818897637795274 17.007874015748033 décen-

5.3858267716535435 121.03937007874016 79.65354330708661 17.291338582677167 tralisation
69.16535433070867 121.03937007874016 37.13385826771653 17.291338582677167 que
90.4251968503937 121.03937007874016 42.51968503937008 17.291338582677167 nous
117.07086614173228 121.03937007874016 79.65354330708661 17.291338582677167 poursuivons
180.56692913385828 121.03937007874016 42.51968503937008 17.291338582677167 dans
207.21259842519686 121.03937007874016 31.748031496062993 17.291338582677167 le
217.70078740157481 121.03937007874016 47.90551181102362 17.291338582677167 domaine

6.519685039370079 137.1968503937008 31.46456692913386 15.590551181102363 du
17.291338582677167 137.1968503937008 52.44094488188976 15.590551181102363 théâtre.

22.96062992125984 147.11811023622047 33.16535433070866 21.543307086614174 En
39.68503937007874 147.11811023622047 55.275590551181104 21.543307086614174 effet,
78.51968503937007 147.11811023622047 49.889763779527556 21.543307086614174 cette
111.68503937007874 147.11811023622047 55.275590551181104 21.543307086614174 année,
150.23622047244095 147.11811023622047 38.83464566929134 21.543307086614174 les
172.3464566929134 147.11811023622047 77.38582677165354 21.543307086614174 spectacles
233.29133858267716 147.11811023622047 33.16535433070866 21.543307086614174 de
244.3464566929134 147.11811023622047 22.11023622047244 21.543307086614174 la

6.803149606299213 160.15748031496062 72.85039370078741 20.976377952755904 Biennale
61.22834645669291 160.15748031496062 36.56692913385827 20.976377952755904 se
79.65354330708661 160.15748031496062 90.99212598425197 20.976377952755904 dérouleront
152.50393700787401 160.15748031496062 103.18110236220473 20.976377952755904 simultanément
231.30708661417322 160.15748031496062 36.56692913385827 20.976377952755904 dans

7.937007874015748 170.07874015748033 67.74803149606299 23.244094488188978 plusieurs
59.811023622047244 170.07874015748033 67.74803149606299 23.244094488188978 théâtres,
111.96850393700787 170.07874015748033 31.181102362204726 23.244094488188978 ce
127.55905511811024 170.07874015748033 36.56692913385827 23.244094488188978 qui
148.53543307086613 170.07874015748033 41.669291338582674 23.244094488188978 nous
174.33070866141733 170.07874015748033 67.74803149606299 23.244094488188978 permettra
221.38582677165354 170.07874015748033 46.77165354330709 23.244094488188978 d’assu-

7.937007874015748 181.98425196850394 39.68503937007874 20.69291338582677 rer
30.614173228346456 181.98425196850394 34.01574803149607 20.69291338582677 de
47.62204724409449 181.98425196850394 45.354330708661415 20.69291338582677 plus
75.96850393700787 181.98425196850394 79.37007874015748 20.69291338582677 nombreuses
138.33070866141733 181.98425196850394 107.71653543307086 20.69291338582677 représentations
228.75590551181102 181.98425196850394 28.346456692913385 20.69291338582677 à
234.4251968503937 181.98425196850394 34.01574803149607 20.69291338582677 cha-

8.503937007874017 196.15748031496062 45.354330708661415 20.409448818897637 cune
36.8503937007874 196.15748031496062 39.68503937007874 20.409448818897637 des
59.52755905511811 196.15748031496062 62.36220472440945 20.409448818897637 troupes
104.88188976377953 196.15748031496062 102.04724409448819 20.409448818897637 sélectionnées.
189.63779527559055 196.15748031496062 45.354330708661415 20.409448818897637 Nous
212.31496062992127 196.15748031496062 56.69291338582677 20.409448818897637 espérons

8.78740157480315 207.7795275590551 69.44881889763779 19.275590551181104 qu’elles
60.661417322834644 207.7795275590551 92.69291338582677 19.275590551181104 apporteront,
136.06299212598427 207.7795275590551 52.15748031496063 19.275590551181104 comme
170.64566929133858 207.7795275590551 34.58267716535433 19.275590551181104 il
187.93700787401573 207.7795275590551 28.913385826771652 19.275590551181104 y
199.55905511811022 207.7795275590551 28.913385826771652 19.275590551181104 a
211.1811023622047 207.7795275590551 46.20472440944882 19.275590551181104 deux
234.4251968503937 207.7795275590551 34.58267716535433 19.275590551181104 ans,

9.637795275590552 220.251968503937 35.43307086614173 18.4251968503937 un
27.496062992125985 220.251968503937 47.338582677165356 18.4251968503937 élan
56.976377952755904 220.251968503937 35.43307086614173 18.4251968503937 et
74.83464566929133 220.251968503937 41.38582677165354 18.4251968503937 une
98.36220472440945 220.251968503937 76.81889763779527 18.4251968503937 explosion
157.60629921259843 220.251968503937 76.81889763779527 18.4251968503937 d’apports
210.61417322834646 220.251968503937 59.24409448818898 18.4251968503937 nouveaux

10.204724409448819 231.59055118110237 25.228346456692915 19.559055118110237 à
20.409448818897637 231.59055118110237 75.96850393700787 19.559055118110237 l’ouverture
81.07086614173228 231.59055118110237 30.330708661417322 19.559055118110237 de
96.09448818897638 231.59055118110237 30.330708661417322 19.559055118110237 la
111.4015748031496 231.59055118110237 50.45669291338583 19.559055118110237 saison
141.73228346456693 231.59055118110237 60.661417322834644 19.559055118110237 théâtrale.

27.212598425196852 243.7795275590551 53.00787401574803 21.543307086614174 Enfin,
64.34645669291339 243.7795275590551 47.62204724409449 21.543307086614174 grâce
96.09448818897638 243.7795275590551 26.362204724409448 21.543307086614174 à
106.58267716535433 243.7795275590551 31.748031496062993 21.543307086614174 la
122.45669291338582 243.7795275590551 89.85826771653544 21.543307086614174 collaboration
196.7244094488189 243.7795275590551 31.748031496062993 21.543307086614174 de
207.21259842519686 243.7795275590551 63.496062992125985 21.543307086614174 l’O.RT.F.,

11.622047244094489 258.23622047244095 34.01574803149607 20.976377952755904 un
28.62992125984252 258.23622047244095 73.41732283464567 20.976377952755904 programme
85.03937007874016 258.23622047244095 62.07874015748032 20.976377952755904 musical
130.39370078740157 258.23622047244095 73.41732283464567 20.976377952755904 important
186.8031496062992 258.23622047244095 28.346456692913385 20.976377952755904 a
198.14173228346456 258.23622047244095 34.01574803149607 20.976377952755904 pu
215.1496062992126 258.23622047244095 45.07086614173228 20.976377952755904 être
237.54330708661416 258.23622047244095 34.01574803149607 20.976377952755904 éta-

11.905511811023622 269.29133858267716 44.503937007874015 21.543307086614174 bli;
39.68503937007874 269.29133858267716 33.16535433070866 21.543307086614174 il
56.40944881889764 269.29133858267716 66.61417322834646 21.543307086614174 comprend
106.2992125984252 269.29133858267716 38.83464566929134 21.543307086614174 des
128.40944881889763 269.29133858267716 55.55905511811024 21.543307086614174 œuvres
167.24409448818898 269.29133858267716 55.55905511811024 21.543307086614174 venues
206.07874015748033 269.29133858267716 33.16535433070866 21.543307086614174 de
217.13385826771653 269.29133858267716 55.55905511811024 21.543307086614174 nombreux

12.472440944881889 284.59842519685037 43.37007874015748 20.69291338582677 pays
39.68503937007874 284.59842519685037 32.59842519685039 20.69291338582677 et
55.84251968503937 284.59842519685037 70.58267716535433 20.69291338582677 plusieurs
109.98425196850394 284.59842519685037 70.58267716535433 20.69291338582677 créations
164.1259842519685 284.59842519685037 75.96850393700787 20.69291338582677 commandées
223.93700787401573 284.59842519685037 32.59842519685039 20.69291338582677 en
234.70866141732284 284.59842519685037 37.98425196850393 20.69291338582677 cette

13.039370078740157 294.5196850393701 70.58267716535433 20.409448818897637 occasion.
67.18110236220473 294.5196850393701 32.59842519685039 20.409448818897637 Il
83.62204724409449 294.5196850393701 43.37007874015748 20.409448818897637 sera
110.55118110236221 294.5196850393701 59.52755905511811 20.409448818897637 diffusé
153.92125984251967 294.5196850393701 43.37007874015748 20.409448818897637 dans
181.13385826771653 294.5196850393701 86.74015748031496 20.409448818897637 l’auditorium
246.04724409448818 294.5196850393701 27.212598425196852 20.409448818897637 que

13.039370078740157 304.4409448818898 45.354330708661415 22.11023622047244 nous
41.38582677165354 304.4409448818898 51.023622047244096 22.11023622047244 avons
75.4015748031496 304.4409448818898 62.36220472440945 22.11023622047244 aménagé
120.4724409448819 304.4409448818898 45.354330708661415 22.11023622047244 avec
148.8188976377953 304.4409448818898 73.41732283464567 22.11023622047244 l’aimable
205.51181102362204 304.4409448818898 67.74803149606299 22.11023622047244 concours
250.58267716535434 304.4409448818898 22.677165354330707 22.11023622047244 de

7.3700787401574805 324.56692913385825 49.60629921259842 15.874015748031496 l’ARC.

29.19685039370079 327.40157480314963 49.889763779527556 25.511811023622048 Telle
62.645669291338585 327.40157480314963 44.22047244094488 25.511811023622048 sera
90.4251968503937 327.40157480314963 49.889763779527556 25.511811023622048 notre
123.59055118110236 327.40157480314963 60.94488188976378 25.511811023622048 Sixième
167.81102362204723 327.40157480314963 66.61417322834646 25.511811023622048 Biennale
217.70078740157481 327.40157480314963 33.16535433070866 25.511811023622048 de
229.03937007874015 327.40157480314963 44.22047244094488 25.511811023622048 Paris.

14.740157480314961 345.25984251968504 46.20472440944882 21.543307086614174 Nous
43.653543307086615 345.25984251968504 69.44881889763779 21.543307086614174 espérons
95.5275590551181 345.25984251968504 40.53543307086614 21.543307086614174 que
118.77165354330708 345.25984251968504 40.53543307086614 21.543307086614174 les
141.73228346456693 345.25984251968504 63.496062992125985 21.543307086614174 efforts
187.93700787401573 345.25984251968504 80.78740157480316 21.543307086614174 passionnés
245.76377952755905 345.25984251968504 28.913385826771652 21.543307086614174 des

15.023622047244094 358.5826771653543 65.19685039370079 18.992125984251967 artistes
63.77952755905512 358.5826771653543 92.1259842519685 18.992125984251967 rencontreront
139.748031496063 358.5826771653543 75.96850393700787 18.992125984251967 l’adhésion
199.2755905511811 358.5826771653543 32.59842519685039 18.992125984251967 et
215.71653543307087 358.5826771653543 32.59842519685039 18.992125984251967 la
226.48818897637796 358.5826771653543 48.75590551181102 18.992125984251967 réponse

15.307086614173228 367.65354330708664 42.51968503937008 21.543307086614174 d’un
41.95275590551181 367.65354330708664 53.00787401574803 21.543307086614174 public
79.08661417322834 367.65354330708664 68.88188976377953 21.543307086614174 fraternel
132.09448818897638 367.65354330708664 31.748031496062993 21.543307086614174 et
147.96850393700788 367.65354330708664 37.13385826771653 21.543307086614174 que
169.22834645669292 367.65354330708664 47.62204724409449 21.543307086614174 cette
195.59055118110237 367.65354330708664 79.65354330708661 21.543307086614174 manifestation

15.307086614173228 379.5590551181102 72.56692913385827 20.976377952755904 marquera
69.73228346456693 379.5590551181102 36.28346456692913 20.976377952755904 un
87.8740157480315 379.5590551181102 54.425196850393704 20.976377952755904 jalon
124.15748031496064 379.5590551181102 66.61417322834646 20.976377952755904 nouveau
172.62992125984252 379.5590551181102 48.47244094488189 20.976377952755904 dans
202.96062992125985 379.5590551181102 36.28346456692913 20.976377952755904 la
214.86614173228347 379.5590551181102 60.661417322834644 20.976377952755904 création

16.440944881889763 396.2834645669291 47.338582677165356 20.69291338582677 d’une
48.188976377952756 396.2834645669291 63.21259842519685 20.69291338582677 nouvelle
90.4251968503937 396.2834645669291 52.724409448818896 20.69291338582677 société.

171.49606299212599 409.6062992125984 60.94488188976378 21.543307086614174 Jacques
210.33070866141733 409.6062992125984 66.61417322834646 21.543307086614174 Lassaigne.

263.62204724409446 642.0472440944882 22.677165354330707 11.338582677165354 13
