301.03937007874015 669.2598425196851
-2.8346456692913384 19.559055118110237 78.23622047244095 18.141732283464567 FRANCE

36.8503937007874 56.976377952755904 64.06299212598425 19.559055118110237 dynamiques
87.02362204724409 56.976377952755904 41.10236220472441 19.559055118110237 d’une
114.51968503937007 56.976377952755904 41.10236220472441 19.559055118110237 œuvre
142.01574803149606 56.976377952755904 41.10236220472441 19.559055118110237 d’art
169.22834645669292 56.976377952755904 27.496062992125985 19.559055118110237 et
183.11811023622047 56.976377952755904 64.06299212598425 19.559055118110237 finalement
228.75590551181102 56.976377952755904 45.63779527559055 19.559055118110237 éléments

37.13385826771653 67.74803149606299 79.37007874015748 14.740157480314961 indispensables
103.46456692913385 67.74803149606299 22.11023622047244 14.740157480314961 à
112.25196850393701 67.74803149606299 70.58267716535433 14.740157480314961 l’expression
169.79527559055117 67.74803149606299 26.362204724409448 14.740157480314961 de
178.58267716535434 67.74803149606299 48.47244094488189 14.740157480314961 celle

30.89763779527559 82.48818897637796 71.14960629921259 14.173228346456693 Responsable:

36.56692913385827 93.54330708661418 56.976377952755904 19.84251968503937 Roland
80.22047244094489 93.54330708661418 74.26771653543307 19.84251968503937 DEMURGER
141.4488188976378 93.54330708661418 26.362204724409448 19.84251968503937 né
154.48818897637796 93.54330708661418 26.362204724409448 19.84251968503937 en
167.81102362204723 93.54330708661418 34.86614173228347 19.84251968503937 1946
189.63779527559055 93.54330708661418 21.826771653543307 19.84251968503937 à
198.4251968503937 93.54330708661418 48.188976377952756 19.84251968503937 Riorges
229.03937007874015 93.54330708661418 43.653543307086615 19.84251968503937 (France)

35.43307086614173 107.71653543307086 63.21259842519685 11.905511811023622 Conception
85.03937007874016 107.71653543307086 58.67716535433071 11.905511811023622 générale.
130.11023622047244 107.71653543307086 63.21259842519685 11.905511811023622 Scénariste
175.1811023622047 107.71653543307086 67.74803149606299 11.905511811023622 audio

36.0 123.30708661417323 57.826771653543304 16.15748031496063 Solange
81.63779527559055 123.30708661417323 62.07874015748032 16.15748031496063 PERRET
131.24409448818898 123.30708661417323 28.913385826771652 16.15748031496063 née
147.68503937007873 123.30708661417323 24.944881889763778 16.15748031496063 en
160.15748031496062 123.30708661417323 33.16535433070866 16.15748031496063 1948
180.8503937007874 123.30708661417323 20.69291338582677 16.15748031496063 à
189.0708661417323 123.30708661417323 45.63779527559055 16.15748031496063 Grandis
217.98425196850394 123.30708661417323 45.63779527559055 16.15748031496063 (France).

35.1496062992126 133.22834645669292 72.85039370078741 14.456692913385826 Réalisation
93.54330708661418 133.22834645669292 29.19685039370079 14.456692913385826 de
108.0 133.22834645669292 29.19685039370079 14.456692913385826 la
117.63779527559055 133.22834645669292 53.574803149606296 14.456692913385826 maquette.

35.1496062992126 149.66929133858267 48.75590551181102 14.740157480314961 Yves
70.86614173228347 149.66929133858267 66.61417322834646 14.740157480314961 PERRET
124.15748031496064 149.66929133858267 26.64566929133858 14.740157480314961 né
137.48031496062993 149.66929133858267 26.64566929133858 14.740157480314961 en
150.8031496062992 149.66929133858267 35.43307086614173 14.740157480314961 1946
172.91338582677164 149.66929133858267 22.11023622047244 14.740157480314961 à
181.70078740157481 149.66929133858267 48.75590551181102 14.740157480314961 Grandis
212.88188976377953 149.66929133858267 48.75590551181102 14.740157480314961 (France).

30.330708661417322 158.45669291338584 113.38582677165354 16.15748031496063 Photographe

21.25984251968504 181.13385826771653 36.28346456692913 17.858267716535433 37
45.354330708661415 181.13385826771653 48.188976377952756 17.858267716535433 TUBALAIR
81.35433070866142 181.13385826771653 40.25196850393701 17.858267716535433 69
109.7007874015748 181.13385826771653 64.34645669291339 17.858267716535433 (réalisation
161.85826771653544 181.13385826771653 20.125984251968504 17.858267716535433 à
165.82677165354332 181.13385826771653 48.188976377952756 17.858267716535433 grandeur).

34.2992125984252 197.29133858267716 42.23622047244095 19.559055118110237 Etude
62.645669291338585 197.29133858267716 28.062992125984252 19.559055118110237 de
76.53543307086615 197.29133858267716 70.2992125984252 19.559055118110237 proposition
132.9448818897638 197.29133858267716 37.41732283464567 19.559055118110237 pour
156.4724409448819 197.29133858267716 32.881889763779526 19.559055118110237 les
175.1811023622047 197.29133858267716 51.59055118110236 19.559055118110237 futures
207.7795275590551 197.29133858267716 65.76377952755905 19.559055118110237 explorations

30.614173228346456 210.04724409448818 47.05511811023622 11.622047244094489 lunaires.

34.2992125984252 219.4015748031496 45.07086614173228 15.307086614173228 Module
66.04724409448819 219.4015748031496 49.60629921259842 15.307086614173228 lunaire
102.04724409448819 219.4015748031496 49.60629921259842 15.307086614173228 servant
138.04724409448818 219.4015748031496 27.212598425196852 15.307086614173228 de
151.6535433070866 219.4015748031496 45.07086614173228 15.307086614173228 signal
183.4015748031496 219.4015748031496 40.53543307086614 15.307086614173228 relai
210.33070866141733 219.4015748031496 36.0 15.307086614173228 pour
233.00787401574803 219.4015748031496 22.677165354330707 15.307086614173228 :
237.54330708661416 219.4015748031496 36.0 15.307086614173228 radar,

34.2992125984252 229.03937007874015 44.22047244094488 13.88976377952756 laser,
65.48031496062993 229.03937007874015 44.22047244094488 13.88976377952756 radio,
96.37795275590551 229.03937007874015 75.11811023622047 13.88976377952756 photo-imaging
158.17322834645668 229.03937007874015 26.64566929133858 13.88976377952756 et
171.49606299212599 229.03937007874015 39.68503937007874 13.88976377952756 outil
198.14173228346456 229.03937007874015 26.64566929133858 13.88976377952756 de
206.9291338582677 229.03937007874015 66.33070866141732 13.88976377952756 participation

34.01574803149607 239.5275590551181 34.86614173228347 12.188976377952756 pour
55.84251968503937 239.5275590551181 30.614173228346456 12.188976377952756 les
73.13385826771653 239.5275590551181 78.51968503937007 12.188976377952756 investigations
138.61417322834646 239.5275590551181 74.26771653543307 12.188976377952756 scientifiques
195.30708661417322 239.5275590551181 52.44094488188976 12.188976377952756 suivantes:

32.881889763779526 250.01574803149606 23.811023622047244 13.039370078740157 «
42.51968503937008 250.01574803149606 47.62204724409449 13.039370078740157 Etudes
70.86614173228347 250.01574803149606 80.78740157480316 13.039370078740157 topographiques,

32.881889763779526 260.503937007874 22.393700787401574 13.32283464566929 «
41.95275590551181 260.503937007874 44.503937007874015 13.32283464566929 Etudes
73.13385826771653 260.503937007874 71.14960629921259 13.32283464566929 géophysiques
130.96062992125985 260.503937007874 26.64566929133858 13.32283464566929 de
144.28346456692913 260.503937007874 26.64566929133858 13.32283464566929 la
157.60629921259843 260.503937007874 49.039370078740156 13.32283464566929 surface
193.3228346456693 260.503937007874 49.039370078740156 13.32283464566929 lunaire
229.03937007874015 260.503937007874 22.393700787401574 13.32283464566929 :
233.5748031496063 260.503937007874 39.968503937007874 13.32283464566929 mesures

41.669291338582674 270.99212598425197 27.212598425196852 14.740157480314961 au
55.275590551181104 270.99212598425197 68.31496062992126 14.740157480314961 gravimètre,
109.98425196850394 270.99212598425197 72.85039370078741 14.740157480314961 magnétomètre
168.9448818897638 270.99212598425197 45.354330708661415 14.740157480314961 sonore
200.69291338582678 270.99212598425197 36.28346456692913 14.740157480314961 pour
219.11811023622047 270.99212598425197 54.425196850393704 14.740157480314961 déterminer

41.669291338582674 278.92913385826773 35.43307086614173 15.023622047244094 les
62.07874015748032 278.92913385826773 50.74015748031496 15.023622047244094 champs
92.40944881889764 278.92913385826773 71.14960629921259 15.023622047244094 magnétiques,

32.031496062992126 287.7165354330709 24.094488188976378 13.039370078740157 —
41.669291338582674 287.7165354330709 48.47244094488189 13.039370078740157 Etudes
70.86614173228347 287.7165354330709 72.56692913385827 13.039370078740157 géochimiques,

32.59842519685039 297.6377952755906 22.677165354330707 13.039370078740157 «
41.669291338582674 297.6377952755906 72.85039370078741 13.039370078740157 Observations
96.09448818897638 297.6377952755906 77.38582677165354 13.039370078740157 astrophysiques,

32.31496062992126 310.3937007874016 23.244094488188978 11.338582677165354 «
41.38582677165354 310.3937007874016 70.01574803149606 11.338582677165354 Spectomètre
97.51181102362204 310.3937007874016 28.062992125984252 11.338582677165354 et
111.4015748031496 310.3937007874016 83.90551181102362 11.338582677165354 diffraciomètre
181.41732283464566 310.3937007874016 23.244094488188978 11.338582677165354 à
190.77165354330708 310.3937007874016 46.77165354330709 11.338582677165354 rayons
218.83464566929135 310.3937007874016 18.708661417322833 11.338582677165354 X.

32.031496062992126 318.0472440944882 61.511811023622045 15.590551181102363 Structure
79.37007874015748 318.0472440944882 28.346456692913385 15.590551181102363 en
93.54330708661418 318.0472440944882 56.69291338582677 15.590551181102363 «plastic
136.06299212598427 318.0472440944882 70.86614173228347 15.590551181102363 Honeycomb»:
192.75590551181102 318.0472440944882 61.511811023622045 15.590551181102363 structure
235.55905511811022 318.0472440944882 37.7007874015748 15.590551181102363 essaim

32.031496062992126 329.9527559055118 60.37795275590551 11.622047244094489 d’abeille
78.23622047244095 329.9527559055118 27.77952755905512 11.622047244094489 en
92.1259842519685 329.9527559055118 60.37795275590551 11.622047244094489 plastique
138.61417322834646 329.9527559055118 60.37795275590551 11.622047244094489 composite
185.10236220472441 329.9527559055118 55.55905511811024 11.622047244094489 renforcé
226.77165354330708 329.9527559055118 46.488188976377955 11.622047244094489 (boron
254.83464566929135 329.9527559055118 18.4251968503937 11.622047244094489 et

32.031496062992126 338.45669291338584 41.95275590551181 12.188976377952756 fibre
59.811023622047244 338.45669291338584 27.77952755905512 12.188976377952756 de
73.7007874015748 338.45669291338584 60.37795275590551 12.188976377952756 graphite)
120.18897637795276 338.45669291338584 64.91338582677166 12.188976377952756 permettant
171.21259842519686 338.45669291338584 79.08661417322834 12.188976377952756 l’emplacement
231.59055118110237 338.45669291338584 41.95275590551181 12.188976377952756 interne

31.748031496062993 348.9448818897638 32.881889763779526 11.622047244094489 des
50.45669291338583 348.9448818897638 60.94488188976378 11.622047244094489 multiples
97.22834645669292 348.9448818897638 60.94488188976378 11.622047244094489 appareils
144.0 348.9448818897638 28.062992125984252 11.622047244094489 et
153.35433070866142 348.9448818897638 51.59055118110236 11.622047244094489 conduits.

32.31496062992126 355.748031496063 32.31496062992126 13.039370078740157 Une
50.74015748031496 355.748031496063 23.244094488188978 13.039370078740157 «
60.09448818897638 355.748031496063 41.669291338582674 13.039370078740157 peau»
87.8740157480315 355.748031496063 27.77952755905512 13.039370078740157 de
101.76377952755905 355.748031496063 41.669291338582674 13.039370078740157 photo
129.54330708661416 355.748031496063 55.55905511811024 13.039370078740157 cellules
171.21259842519686 355.748031496063 74.26771653543307 13.039370078740157 génératrices
226.77165354330708 355.748031496063 46.488188976377955 13.039370078740157 solaires

31.748031496062993 367.93700787401576 53.574803149606296 11.905511811023622 couvrira
72.0 367.93700787401576 31.181102362204726 11.905511811023622 les
89.85826771653544 367.93700787401576 53.574803149606296 11.905511811023622 surfaces
130.11023622047244 367.93700787401576 53.574803149606296 11.905511811023622 exposées
170.36220472440945 367.93700787401576 26.929133858267715 11.905511811023622 au
183.96850393700788 367.93700787401576 49.32283464566929 11.905511811023622 soleil,
215.1496062992126 367.93700787401576 58.110236220472444 11.905511811023622 nourrissant

31.748031496062993 376.4409448818898 30.89763779527559 13.32283464566929 les
49.32283464566929 376.4409448818898 57.25984251968504 13.32283464566929 batteries
93.25984251968504 376.4409448818898 66.04724409448819 13.32283464566929 nécessaires
145.98425196850394 376.4409448818898 30.89763779527559 13.32283464566929 aux
163.55905511811022 376.4409448818898 57.25984251968504 13.32283464566929 appareils
202.96062992125985 376.4409448818898 70.2992125984252 13.32283464566929 électroniques.

30.614173228346456 386.3622047244094 34.01574803149607 12.188976377952756 Les
49.889763779527556 386.3622047244094 58.110236220472444 12.188976377952756 semelles
93.54330708661418 386.3622047244094 68.03149606299213 12.188976377952756 gonflables
147.11811023622047 386.3622047244094 63.21259842519685 12.188976377952756 isoleront
195.59055118110237 386.3622047244094 58.110236220472444 12.188976377952756 Tubalair
239.24409448818898 386.3622047244094 29.19685039370079 12.188976377952756 du
248.88188976377953 386.3622047244094 24.37795275590551 12.188976377952756 sol

31.46456692913386 396.0 53.574803149606296 10.771653543307087 lunaire,
71.71653543307086 396.0 31.181102362204726 10.771653543307087 des
89.5748031496063 396.0 58.110236220472444 10.771653543307087 activités
134.36220472440945 396.0 58.110236220472444 10.771653543307087 sismiques
179.1496062992126 396.0 26.929133858267715 10.771653543307087 et
192.4724409448819 396.0 31.181102362204726 10.771653543307087 des
205.79527559055117 396.0 67.18110236220473 10.771653543307087 considérables

29.763779527559056 406.7716535433071 30.330708661417322 9.637795275590552 et
45.07086614173228 406.7716535433071 60.661417322834644 9.637795275590552 brusques
90.70866141732283 406.7716535433071 75.96850393700787 9.637795275590552 changements
151.37007874015748 406.7716535433071 30.330708661417322 9.637795275590552 de
166.6771653543307 406.7716535433071 75.96850393700787 9.637795275590552 température
227.33858267716536 406.7716535433071 45.63779527559055 9.637795275590552 (jour
252.8503937007874 406.7716535433071 20.125984251968504 9.637795275590552 et

30.330708661417322 415.84251968503935 38.83464566929134 9.637795275590552 nuit
54.425196850393704 415.84251968503935 63.21259842519685 9.637795275590552 lunaires)
103.18110236220473 415.84251968503935 68.03149606299213 9.637795275590552 augmentant
156.4724409448819 415.84251968503935 43.653543307086615 9.637795275590552 ainsi
185.66929133858267 415.84251968503935 29.19685039370079 9.637795275590552 la
200.1259842519685 415.84251968503935 72.85039370078741 9.637795275590552 performance
253.70078740157481 415.84251968503935 19.275590551181104 9.637795275590552 et

30.614173228346456 423.496062992126 26.64566929133858 11.905511811023622 la
43.93700787401575 423.496062992126 61.79527559055118 11.905511811023622 résistance
92.69291338582677 423.496062992126 26.64566929133858 11.905511811023622 de
105.73228346456693 423.496062992126 53.00787401574803 11.905511811023622 Tubalair
145.70078740157481 423.496062992126 30.89763779527559 11.905511811023622 aux
163.2755905511811 423.496062992126 61.79527559055118 11.905511811023622 conditions
212.03149606299212 423.496062992126 26.64566929133858 11.905511811023622 de
220.8188976377953 423.496062992126 53.00787401574803 11.905511811023622 l’environ

23.811023622047244 433.7007874015748 46.77165354330709 12.472440944881889 nement.

29.763779527559056 448.4409448818898 73.13385826771653 15.023622047244094 Responsable
88.15748031496064 448.4409448818898 29.19685039370079 15.023622047244094 de
97.79527559055119 448.4409448818898 53.574803149606296 15.023622047244094 l’équipe:

29.480314960629922 462.8976377952756 53.85826771653543 13.039370078740157 Gilles
70.86614173228347 462.8976377952756 66.33070866141732 13.039370078740157 LARRAIN
124.7244094488189 462.8976377952756 24.944881889763778 13.039370078740157 né
137.1968503937008 462.8976377952756 24.944881889763778 13.039370078740157 en
149.66929133858267 462.8976377952756 33.16535433070866 13.039370078740157 1938
170.36220472440945 462.8976377952756 20.69291338582677 13.039370078740157 à
178.58267716535434 462.8976377952756 37.13385826771653 13.039370078740157 Dalat
199.2755905511811 462.8976377952756 49.60629921259842 13.039370078740157 (Vietnam).

24.661417322834644 473.1023622047244 100.62992125984252 13.32283464566929 Architecte

28.62992125984252 488.6929133858268 65.48031496062993 12.188976377952756 François
80.22047244094489 488.6929133858268 84.4724409448819 12.188976377952756 DALLEGRET
150.51968503937007 488.6929133858268 28.062992125984252 12.188976377952756 né
164.69291338582678 488.6929133858268 28.062992125984252 12.188976377952756 en
178.58267716535434 488.6929133858268 37.41732283464567 12.188976377952756 1937
202.11023622047244 488.6929133858268 23.52755905511811 12.188976377952756 à
206.9291338582677 488.6929133858268 65.48031496062993 12.188976377952756 Port

28.346456692913385 498.8976377952756 53.85826771653543 14.740157480314961 (Maroc).
64.34645669291339 498.8976377952756 98.36220472440945 14.740157480314961 Architecte

13.88976377952756 525.2598425196851 40.818897637795274 15.023622047244094 38
41.10236220472441 525.2598425196851 40.818897637795274 15.023622047244094 UNITE
68.31496062992126 525.2598425196851 27.212598425196852 15.023622047244094 DE
81.92125984251969 525.2598425196851 86.1732283464567 15.023622047244094 CONSUMATION
154.20472440944883 525.2598425196851 72.56692913385827 15.023622047244094 (réalisation
213.16535433070865 525.2598425196851 22.677165354330707 15.023622047244094 à
217.70078740157481 525.2598425196851 54.425196850393704 15.023622047244094 grandeur).

27.496062992125985 540.8503937007874 65.76377952755905 17.858267716535433 Réactivons
79.08661417322834 540.8503937007874 65.76377952755905 17.858267716535433 l’érotisme
130.96062992125985 540.8503937007874 65.76377952755905 17.858267716535433 prégénital
182.5511811023622 540.8503937007874 37.41732283464567 17.858267716535433 pour
205.79527559055117 540.8503937007874 42.23622047244095 17.858267716535433 faire
234.14173228346456 540.8503937007874 28.062992125984252 17.858267716535433 du
243.49606299212599 540.8503937007874 28.062992125984252 17.858267716535433 tra-

26.929133858267715 554.4566929133858 56.125984251968504 10.204724409448819 vailleur
68.88188976377953 554.4566929133858 28.062992125984252 10.204724409448819 un
82.77165354330708 554.4566929133858 51.30708661417323 10.204724409448819 ludique
115.65354330708661 554.4566929133858 60.661417322834644 10.204724409448819 polymorphe.

25.79527559055118 562.9606299212599 26.64566929133858 14.456692913385826 A
36.56692913385827 562.9606299212599 32.031496062992126 14.456692913385826 la
52.44094488188976 562.9606299212599 58.67716535433071 14.456692913385826 société
95.24409448818898 562.9606299212599 32.031496062992126 14.456692913385826 de
111.4015748031496 562.9606299212599 90.70866141732283 14.456692913385826 consommation,
185.95275590551182 562.9606299212599 80.22047244094489 14.456692913385826 substituons
244.91338582677164 562.9606299212599 26.64566929133858 14.456692913385826 une

26.362204724409448 572.3149606299213 54.14173228346457 10.488188976377952 société
65.76377952755905 572.3149606299213 29.480314960629922 10.488188976377952 de
75.68503937007874 572.3149606299213 68.88188976377953 10.488188976377952 consumation.

26.64566929133858 581.1023622047244 28.913385826771652 12.472440944881889 Ne
41.10236220472441 581.1023622047244 67.18110236220473 12.472440944881889 détournons
93.8267716535433 581.1023622047244 38.55118110236221 12.472440944881889 plus
117.92125984251969 581.1023622047244 62.36220472440945 12.472440944881889 l’énergie
165.82677165354332 581.1023622047244 67.18110236220473 12.472440944881889 libidinale
218.83464566929135 581.1023622047244 24.094488188976378 12.472440944881889 à
228.4724409448819 581.1023622047244 33.732283464566926 12.472440944881889 des
242.64566929133858 581.1023622047244 28.913385826771652 12.472440944881889 fins

26.362204724409448 590.7401574803149 73.7007874015748 11.05511811023622 productives
85.03937007874016 590.7401574803149 44.22047244094488 11.05511811023622 comme
114.51968503937007 590.7401574803149 34.2992125984252 11.05511811023622 des
134.07874015748033 590.7401574803149 53.85826771653543 11.05511811023622 leaders
173.48031496062993 590.7401574803149 29.480314960629922 11.05511811023622 de
188.2204724409449 590.7401574803149 53.85826771653543 11.05511811023622 groupes
222.51968503937007 590.7401574803149 49.039370078740156 11.05511811023622 sociaux,

26.64566929133858 600.9448818897638 76.81889763779527 10.204724409448819 persécuteurs
89.00787401574803 600.9448818897638 90.99212598425197 10.204724409448819 irresponsables.
165.82677165354332 600.9448818897638 72.0 10.204724409448819 Gigantesque
218.5511811023622 600.9448818897638 52.724409448818896 10.204724409448819 Rorschach

25.79527559055118 610.0157480314961 110.26771653543307 11.338582677165354 multidimensionnel,
121.03937007874016 610.0157480314961 70.01574803149606 11.338582677165354 l’ensemble
176.03149606299212 610.0157480314961 75.11811023622047 11.338582677165354 orgiastique
231.30708661417322 610.0157480314961 39.968503937007874 11.338582677165354 aidera

26.64566929133858 619.0866141732283 48.75590551181102 11.622047244094489 l’homme
62.36220472440945 619.0866141732283 22.11023622047244 11.622047244094489 à
71.14960629921259 619.0866141732283 53.29133858267716 11.622047244094489 projeter
111.11811023622047 619.0866141732283 26.64566929133858 11.622047244094489 et
124.44094488188976 619.0866141732283 22.11023622047244 11.622047244094489 à
133.22834645669292 619.0866141732283 26.64566929133858 11.622047244094489 se
146.5511811023622 619.0866141732283 48.75590551181102 11.622047244094489 libérer
182.26771653543307 619.0866141732283 26.64566929133858 11.622047244094489 de
195.59055118110237 619.0866141732283 31.181102362204726 11.622047244094489 ses
208.91338582677164 619.0866141732283 62.07874015748032 11.622047244094489 contraintes.

6.519685039370079 639.2125984251968 26.078740157480315 16.724409448818896 152
