1062 2361
2 64 350 64 <b>BULGARIE</b>

188 457 247 56 Commissaire
385 457 181 56 général
517 457 82 56 :
550 457 230 56 <b>Gantcho
714 457 247 56 Gueorguie</b>

146 590 190 62 Depuis
279 590 133 62 une
355 590 209 62 dizaine
507 590 247 62 d’années,
696 590 171 62 l’art
791 590 171 62 bulgare

86 639 93 56 à
124 639 242 56 l’unisson
310 639 112 56 du
366 639 187 56 rythme
497 639 112 56 de
553 639 112 56 la
609 639 131 56 vie
683 639 205 56 sociale
832 639 112 56 et
870 639 93 56 poi

83 686 176 40 tique
201 686 117 40 du
259 686 176 40 pays,
377 686 215 40 connaît
533 686 117 40 un
592 686 254 40 processus
787 686 117 40 de
826 686 137 40 renot

86 724 232 48 vellement
265 724 268 48 extrêmement
479 724 268 48 intéressant
694 724 89 48 :
730 724 125 48 les
783 724 179 48 formules

86 764 242 52 désuètes,
273 764 168 52 parce
384 764 130 52 que
459 764 261 52 dépassées,
664 764 149 52 sont
738 764 224 52 remplacées

86 812 134 45 par
162 812 115 45 de
220 812 248 45 nouvelles
410 812 134 45 qui
487 812 153 45 vont
582 812 248 45 au-devant
773 812 115 45 de
811 812 153 45 l’espi

85 851 112 50 de
141 851 224 50 l’époque
310 851 131 50 que
384 851 150 50 nous
478 851 206 50 vivons.
627 851 318 50 Parallèlement
871 851 93 50 aut

87 892 193 47 maîtres
228 892 263 47 chevronnés,
438 892 105 47 un
491 892 140 47 rôle
579 892 298 47 d’avant-garde
807 892 158 47 revient

85 936 144 42 tout
175 936 305 42 naturellement
426 936 126 42 aux
498 936 180 42 jeunes
624 936 233 42 créateurs
803 936 144 42 qui,
875 936 90 42 ave

89 977 112 54 la
145 977 242 54 hardiesse
332 977 168 54 qu’on
443 977 149 54 leur
537 977 224 54 connaît,
704 977 205 54 partent
853 977 93 54 à
872 977 93 54 lai

88 1020 238 50 recherche
271 1020 110 50 de
326 1020 220 50 nouveaux
490 1020 183 50 moyens
618 1020 311 50 d’expression,
856 1020 110 50 afin

81 1058 133 53 de
147 1058 332 53 communiquer
412 1058 155 53 une
501 1058 265 53 vitalité
700 1058 287 53 immédiate
899 1058 66 53 a

86 1105 206 46 contenu
236 1105 112 46 et
292 1105 131 46 une
367 1105 243 46 fraîcheur
554 1105 262 46 esthétique
760 1105 94 46 à
798 1105 112 46 la
835 1105 131 46 forme

85 1142 112 50 de
141 1142 205 50 l’œuvre
272 1142 149 50 d’art.

147 1188 328 46 L’enthousiasme
420 1188 146 46 avec
511 1188 182 46 lequel
639 1188 128 46 les
712 1188 182 46 jeunes
821 1188 146 46 recher

83 1233 189 46 chent
209 1233 126 46 le
272 1233 232 46 langage
441 1233 274 46 plastique
651 1233 232 46 moderne
820 1233 126 46 ne
862 1233 105 46 les

84 1274 216 41 enferme
241 1274 137 41 pas
320 1274 157 41 dans
418 1274 118 41 le
477 1274 196 41 cercle
614 1274 216 41 vicieux
771 1274 118 41 de
810 1274 157 41 l’expé

88 1319 264 42 rimentation
300 1319 211 42 stérile.
458 1319 106 42 Un
511 1319 141 42 élan
599 1319 123 42 les
670 1319 194 42 oriente
810 1319 141 42 vers
881 1319 88 42 les

87 1357 194 45 sources
229 1357 124 45 des
299 1357 247 45 traditions
493 1357 265 45 nationales,
705 1357 141 45 vers
793 1357 124 45 les
846 1357 124 45 prir-

87 1396 166 45 cipes
197 1396 129 45 qui
271 1396 239 45 guidaient
455 1396 129 45 les
528 1396 202 45 maîtres
676 1396 258 45 populaires
860 1396 110 45 ano.

83 1443 200 39 nymes
216 1443 177 39 dont
327 1443 177 39 nous
438 1443 266 39 admirons
637 1443 200 39 l’art
770 1443 177 39 dans
859 1443 111 39 les

85 1486 256 45 peintures
282 1486 216 45 murales
439 1486 118 45 et
498 1486 138 45 les
577 1486 197 45 icônes
714 1486 118 45 du
773 1486 177 45 Moyen
872 1486 98 45 Age

87 1527 131 44 les
162 1527 225 44 estampes
331 1527 113 44 de
388 1527 225 44 l’époque
557 1527 113 44 du
613 1527 94 44 «
651 1527 188 44 réveil
763 1527 207 44 national»

85 1570 109 38 et
139 1570 127 38 les
211 1570 307 38 chefs-d’œuvre
465 1570 127 38 des
537 1570 145 38 arts
627 1570 235 38 appliqués
790 1570 181 38 bulgares

86 1610 195 41 Certes,
228 1610 124 41 les
299 1610 230 41 benjamins
476 1610 106 41 de
529 1610 159 41 l’art
635 1610 195 41 bulgare
759 1610 212 41 respectent

84 1661 107 42 ce
138 1661 160 42 riche
244 1661 213 42 héritage
404 1661 107 42 et
458 1661 142 42 s’en
546 1661 249 42 inspirent,
742 1661 142 42 sans
813 1661 160 42 oublier

83 1693 158 49 pour
182 1693 198 49 autant
320 1693 138 49 les
399 1693 257 49 exigences
597 1693 119 49 de
656 1693 257 49 l’époque.
834 1693 138 49 Ainsi

82 1737 151 53 dans
177 1737 170 53 leurs
290 1737 208 53 œuvres,
442 1737 114 53 le
499 1737 265 53 laconisme,
688 1737 284 53 l’expressivié

82 1776 119 47 et
142 1776 119 47 la
201 1776 238 47 sobriété
379 1776 297 47 monumentale
617 1776 119 47 de
677 1776 119 47 la
736 1776 178 47 forme
835 1776 139 47 artis

84 1818 163 43 tique
193 1818 91 43 —
229 1818 181 43 telles
356 1818 127 43 les
429 1818 290 43 compositions
665 1818 109 43 du
719 1818 200 43 peintre
846 1818 127 43 Gatze

83 1864 107 47 et
137 1864 125 47 les
208 1864 249 47 sculptures
404 1864 107 47 de
457 1864 232 47 Damianov,
635 1864 107 47 ou
689 1864 107 47 le
725 1864 249 47 primitivisme

81 1903 119 58 du
141 1903 179 58 style
260 1903 119 58 de
319 1903 119 58 la
379 1903 219 58 chanson
538 1903 278 58 populaire,
757 1903 199 58 telles
876 1903 99 58 les

80 1943 186 43 œuvres
211 1943 261 43 graphiques
415 1943 112 43 de
471 1943 242 43 Grivichka
658 1943 93 43 —
695 1943 149 43 sont
769 1943 205 43 familiers

82 1987 93 52 à
120 1987 149 52 tout
213 1987 223 52 Bulgare.
380 1987 130 52 Ils
455 1987 112 52 le
511 1987 186 52 seront
641 1987 168 52 aussi
753 1987 93 52 à
790 1987 149 52 tous
864 1987 112 52 ceux

83 2029 137 49 pour
169 2029 120 49 qui
237 2029 154 49 l’art
340 2029 154 49 n’est
443 2029 223 49 nullement
615 2029 103 49 un
666 2029 120 49 jeu
735 2029 206 49 gratuit,
872 2029 103 49 mais

80 2070 128 49 un
144 2070 192 49 moyen
272 2070 128 49 de
336 2070 235 49 progrès
506 2070 256 49 culturel
699 2070 128 49 et
763 2070 128 49 de
805 2070 171 49 compré

80 2115 217 58 hension
238 2115 178 58 entre
357 2115 138 58 les
436 2115 198 58 hommes
574 2115 119 58 et
633 2115 138 58 les
693 2115 198 58 peuples.

671 2188 198 60 Dimitre
797 2188 180 60 Avramo).

52 2277 90 48 34
