1062 2361
-3 60 412 77 <b>ETATS

192 434 241 71 Commissaire
385 434 177 71 général
514 434 80 71 :
546 434 193 71 <b>Billy
675 434 193 71 Kluver</b>

195 499 189 53 Président
341 499 290 53 d’<b>Experiments
587 499 87 53 in
631 499 102 53 Art
689 499 102 53 and
733 499 232 53 Technology</b>

151 579 305 63 <b>Experiments
405 579 102 63 in
456 579 119 63 Art
524 579 119 63 and
592 579 305 63 Technology</b>
846 579 119 63 est
897 579 68 63 in

92 626 182 55 réseau
219 626 310 55 international
475 626 274 55 d’activités
693 626 109 55 et
748 626 109 55 de
785 626 182 55 services

90 675 324 52 expérimentaux
357 675 229 52 destinés
528 675 95 52 à
566 675 248 52 catalyser
757 675 133 52 les
814 675 152 52 condie

90 712 164 48 tions
199 712 256 48 physiques,
400 712 274 48 économiques
620 712 110 48 et
675 712 219 48 sociales
821 712 146 48 néces-

89 764 175 48 saires
212 764 88 48 à
247 764 105 48 la
300 764 263 48 coopération
510 764 245 48 inévitable
703 764 158 48 entre
791 764 175 48 artistes

88 796 314 56 ingénieurs,
339 796 209 56 hommes
486 796 126 56 de
548 796 251 56 science,
737 796 230 56 membres
883 796 84 56 de

92 836 285 53 l’industrie
320 836 114 53 et
377 836 114 53 du
434 836 171 53 monde
547 836 114 53 du
585 836 190 53 travail.

148 894 156 56 Nous
246 894 215 56 mettons
402 894 137 56 sur
480 894 156 56 pied
578 894 137 56 des
656 894 234 56 services
831 894 117 56 et
870 894 98 56 des

88 941 268 47 programmes
298 941 134 47 qui
375 941 268 47 permettent
585 941 96 47 à
624 941 249 47 l’artiste
796 941 172 47 contems

91 986 183 42 porain
219 986 110 42 de
273 986 256 42 collaborer
474 986 146 42 avec
565 986 128 42 les
638 986 256 42 ingénieurs
839 986 110 42 et
876 986 91 42 les

89 1026 191 47 hommes
223 1026 115 47 de
280 1026 210 47 science
433 1026 153 47 dans
529 1026 364 47 l’environnement
816 1026 153 47 indus-

89 1067 165 45 triel
199 1067 110 45 et
254 1067 202 45 d’avoir
400 1067 165 45 accès
510 1067 128 45 aux
583 1067 238 45 matériaux
766 1067 110 45 et
821 1067 128 45 aux
876 1067 92 45 pie

85 1108 216 51 cessus
236 1108 323 51 techniques.
495 1108 172 51 Nous
603 1108 345 51 entreprenons
861 1108 108 51 des

87 1153 281 41 programmes
308 1153 100 41 à
348 1153 201 41 grande
488 1153 221 41 échelle
649 1153 140 41 qui
729 1153 261 41 utilisent
910 1153 60 41 à

89 1195 104 42 de
141 1195 224 42 nouvelles
313 1195 138 42 fins
399 1195 311 42 l’intelligence
658 1195 104 42 et
710 1195 121 42 les
762 1195 207 42 ressources

89 1235 275 44 matérielles
309 1235 275 44 existantes,
529 1235 257 44 favorisent
713 1235 257 44 l’engagement

91 1275 232 54 individuel
274 1275 100 54 de
324 1275 232 54 l’artiste,
506 1275 100 54 de
556 1275 249 54 l’ingénieur
755 1275 100 54 et
805 1275 100 54 du
838 1275 133 54 savant

87 1318 141 47 dans
176 1318 141 47 tous
264 1318 124 47 les
335 1318 212 47 secteurs
494 1318 106 47 de
547 1318 106 47 la
600 1318 212 47 société.
759 1318 124 47 Nos
812 1318 159 47 efforts

84 1361 335 48 d’information
360 1361 118 48 et
420 1361 118 48 de
479 1361 335 48 communication
755 1361 217 48 amènent
893 1361 79 48 le

86 1403 193 58 public
221 1403 96 58 à
259 1403 231 58 pénétrer
433 1403 116 58 et
490 1403 96 58 à
529 1403 270 58 comprendre
741 1403 154 58 plus
818 1403 154 58 intie.

87 1445 180 45 mement
213 1445 126 45 les
285 1445 235 45 activités
466 1445 108 45 de
520 1445 235 45 l’artiste
700 1445 108 45 et
755 1445 108 45 la
791 1445 180 45 collabo-

85 1487 189 53 ration
217 1487 170 53 entre
330 1487 245 53 artistes,
519 1487 264 53 ingénieurs
727 1487 113 53 et
783 1487 189 53 hommes
897 1487 75 53 de

65 1526 190 54 science.

143 1583 193 49 Fondée
278 1583 116 49 en
336 1583 174 49 1966,
452 1583 232 49 l’E.AT.,
625 1583 135 49 qui
703 1583 135 49 est
780 1583 135 49 une
838 1583 135 49 orgæ-

86 1634 217 42 nisation
249 1634 145 42 sans
339 1634 127 42 but
411 1634 235 42 lucratif,
592 1634 90 42 a
628 1634 127 42 été
701 1634 235 42 organisée
864 1634 109 42 pout

86 1669 217 44 répondre
249 1669 109 44 au
303 1669 163 44 désir
412 1669 235 44 explicite
593 1669 109 44 de
647 1669 235 44 l’artiste
810 1669 163 44 contems

83 1712 198 53 porain
222 1712 139 53 qui
301 1712 238 53 souhaite
479 1712 178 53 jouer
598 1712 119 53 un
657 1712 158 53 rôle
756 1712 218 53 nouveau
895 1712 79 53 et

83 1755 202 46 viable
224 1755 162 46 dans
326 1755 121 46 la
386 1755 243 46 société.
568 1755 162 46 Nous
670 1755 303 46 considérons
892 1755 81 46 le

82 1793 202 50 réseau
223 1793 121 50 de
284 1793 243 50 l’E.A.T.
466 1793 182 50 comme
588 1793 142 50 une
669 1793 243 50 nouvelle
830 1793 142 50 forme

82 1840 291 41 d’université
318 1840 109 41 et
373 1840 109 41 de
427 1840 273 41 laboratoire
646 1840 109 41 où
700 1840 146 41 tout
773 1840 200 41 individui

80 1882 97 40 a
118 1882 175 40 accès
235 1882 156 40 pour
332 1882 233 40 procéder
507 1882 97 40 à
546 1882 136 40 des
624 1882 311 40 expériences.
857 1882 117 40 Dans

85 1922 109 51 la
139 1922 218 51 société,
303 1922 236 51 l’artiste
484 1922 127 51 est
557 1922 127 51 une
629 1922 163 51 force
738 1922 218 51 positive
883 1922 91 51 qui

82 1964 107 54 se
136 1964 232 54 préoccupe
314 1964 107 54 de
368 1964 268 54 l’individu.
582 1964 107 54 Il
636 1964 232 54 influence
814 1964 107 54 la
850 1964 125 54 façon

76 2009 167 43 dont
180 2009 167 43 nous
285 2009 271 43 percevons
493 2009 188 43 notre
598 2009 375 43 individualité.Il

82 2047 196 43 affirme
225 2047 125 43 les
296 2047 196 43 aspects
439 2047 214 43 positifs
600 2047 107 43 de
654 2047 107 43 la
707 2047 143 43 vie.
779 2047 196 43 L’artiste

80 2090 140 64 doit
168 2090 193 64 pouvoir
308 2090 246 64 travailler
501 2090 123 64 sur
572 2090 123 64 les
642 2090 228 64 matériaux
817 2090 105 64 de
852 2090 123 64 notre

63 2132 179 48 société.

141 2185 158 59 L’EAT.
252 2185 79 59 a
283 2185 189 59 accepté,
425 2185 142 59 comme
520 2185 110 59 l’y
583 2185 189 59 invitait
709 2185 268 59 l’<b>Inter

54 2278 84 43 56
