1062 2361
4 75 199 68 <b>CUBA</b>

189 469 258 50 Commissaire
395 469 189 50 général
533 469 86 50 :
568 469 241 50 <b>Eduardo
740 469 172 50 Muzio/b>

190 516 206 57 Président
349 516 95 57 du
396 516 175 57 Conseil
523 516 190 57 National
666 516 95 57 de
714 516 95 57 la
745 516 159 57 Culture.

145 651 219 59 Pendant
305 651 140 59 ces
384 651 140 59 dix
464 651 200 59 années
604 651 120 59 de
664 651 299 59 Révolution,
883 651 80 59 le

85 697 319 47 Gouvernement
344 697 120 47 de
404 697 120 47 la
464 697 279 47 République
684 697 120 47 de
744 697 160 47 Cuba
843 697 100 47 a
863 697 100 47 des

80 736 186 50 tiné
196 736 163 50 des
289 736 233 50 sommes
452 736 396 50 considérables
778 736 140 50 au
824 736 140 50 dêve

87 782 253 49 loppement
281 782 253 49 culturel,
476 782 136 49 qui
554 782 97 49 a
593 782 234 49 stimulé,
768 782 117 49 en
807 782 156 49 retoun

85 821 429 54 l’épanouissement
449 821 129 54 de
514 821 172 54 tous
621 821 150 54 les
707 821 193 54 arts.
814 821 150 54 Malgé

86 866 225 44 l’énorme
255 866 187 44 effort
386 866 243 44 collectif
573 866 112 44 de
629 866 318 44 développement
872 866 94 44 éce

87 910 220 40 nomique,
251 910 110 40 la
306 910 201 40 culture
453 910 128 40 n’a
526 910 183 40 jamais
654 910 165 40 cessé
764 910 110 40 de
800 910 165 40 progres

84 950 134 48 ser
161 950 96 48 à
199 950 173 48 Cuba.
314 950 115 48 Il
371 950 192 48 suffit
506 950 115 48 de
563 950 249 48 connaître
755 950 173 48 qu’en
851 950 115 48 1966

85 993 100 46 se
135 993 133 46 sont
218 993 216 46 produites
384 993 116 46 101
451 993 116 46 886
517 993 216 46 activités
683 993 249 46 culturelles
865 993 100 46 avec

85 1033 131 45 une
160 1033 263 45 assistance
367 1033 113 45 de
423 1033 113 45 31
479 1033 131 45 497
554 1033 131 45 056
629 1033 244 45 personnes
798 1033 169 45 unique-

86 1077 141 48 ment
174 1077 141 48 pour
263 1077 106 48 ce
315 1077 123 48 qui
386 1077 211 48 concerne
544 1077 106 48 le
597 1077 211 48 théâtre,
756 1077 106 48 la
791 1077 176 48 musique,

87 1116 121 44 les
156 1116 138 44 arts
242 1116 259 44 plastiques,
449 1116 104 44 la
501 1116 276 44 littérature,
725 1116 121 44 les
794 1116 173 44 musées
898 1116 69 44 et

86 1156 128 57 les
159 1156 330 57 bibliothèques.
434 1156 165 57 C’est
544 1156 147 57 dire
636 1156 128 57 que
709 1156 183 57 chaque
819 1156 147 57 Cubain

82 1202 96 42 a
120 1202 135 42 été
197 1202 212 42 présent
351 1202 96 42 à
390 1202 212 42 environ
544 1202 193 42 quatre
660 1202 308 42 manifestations

84 1248 102 47 de
135 1248 102 47 la
186 1248 204 47 culture.
339 1248 119 47 Ces
407 1248 221 47 résultats
577 1248 153 47 n’ont
679 1248 102 47 pu
730 1248 136 47 être
798 1248 170 47 atteints

84 1285 142 43 qu’à
173 1285 177 43 partir
297 1285 106 43 de
350 1285 106 43 la
403 1285 213 43 garantie
563 1285 159 43 d’une
669 1285 195 43 liberté
793 1285 177 43 d’expres

80 1329 148 44 sion
173 1329 204 44 absolue
322 1329 148 44 pour
414 1329 130 44 nos
489 1329 241 44 artistes,
674 1329 167 44 comme
785 1329 111 44 en
823 1329 148 44 témoi-

80 1366 130 52 gne
155 1366 167 52 notre
266 1366 315 52 participation
525 1366 93 52 à
562 1366 111 52 la
618 1366 222 52 Biennale
785 1366 111 52 de
822 1366 148 52 Paris.

143 1418 264 51 L’exposition
358 1418 149 51 <b>Du
458 1418 149 51 Tiers
557 1418 215 51 Monde</b>
722 1418 83 51 a
755 1418 116 51 été
805 1418 165 51 réalisée

83 1473 124 43 par
154 1473 124 43 une
225 1473 177 43 équipe
349 1473 106 43 de
402 1473 301 43 dessinateurs,
651 1473 142 43 sous
739 1473 106 43 la
775 1473 195 43 direction

79 1512 119 48 de
139 1512 238 48 Fernando
317 1512 258 48 O’Reilly.
516 1512 159 48 Elle
615 1512 139 48 fut
694 1512 258 48 présentée
873 1512 99 48 aux

80 1549 130 49 644
155 1549 223 49 délégués
322 1549 111 49 et
377 1549 297 49 journalistes
618 1549 130 49 des
693 1549 111 49 67
748 1549 148 49 pays
841 1549 130 49 qui
897 1549 74 49 se

80 1600 149 49 sont
173 1600 260 49 rencontrés
378 1600 93 49 à
415 1600 112 49 La
471 1600 205 49 Havane,
620 1600 112 49 au
675 1600 149 49 mois
768 1600 112 49 de
806 1600 167 49 janvier

80 1635 167 51 1968,
192 1635 149 51 pour
285 1635 111 51 le
340 1635 204 51 Congrès
489 1635 241 51 Culturel.
675 1635 149 51 Dans
768 1635 167 51 cette
861 1635 111 51 œuve

77 1677 122 45 se
138 1677 203 45 mêlent
280 1677 142 45 les
362 1677 265 45 tendances
565 1677 122 45 du
626 1677 142 45 pop
707 1677 122 45 et
769 1677 122 45 du
830 1677 142 45 op,
891 1677 81 45 le

78 1722 168 49 culte
190 1722 130 49 des
265 1722 186 49 objets
395 1722 112 49 de
451 1722 298 49 consommation
693 1722 112 49 et
749 1722 130 49 les
805 1722 168 49 preuves

77 1770 306 38 matérielles
321 1770 143 38 des
403 1770 244 38 pénuries
586 1770 122 38 du
647 1770 183 38 Tiers
769 1770 204 38 Monde.
892 1770 81 38 Le

77 1803 193 44 cinéma,
218 1803 105 44 le
271 1803 246 44 graphisme,
464 1803 105 44 la
516 1803 246 44 sculpture,
692 1803 281 44 l’architecture

77 1842 108 39 et
131 1842 126 39 les
203 1842 251 39 techniques
400 1842 108 39 de
454 1842 108 39 la
508 1842 233 39 publicité
687 1842 197 39 moderne
813 1842 161 39 concou-

77 1886 163 46 rent
179 1886 102 46 à
219 1886 122 46 la
281 1886 265 46 naissance
485 1886 245 46 d’images
668 1886 122 46 et
729 1886 122 46 de
790 1886 163 46 sons
872 1886 102 46 qui

76 1926 230 50 plongent
248 1926 115 50 le
306 1926 192 50 public
440 1926 153 50 dans
536 1926 134 50 une
612 1926 306 50 dénonciation
842 1926 134 50 poli-

74 1971 205 48 tique.
217 1971 164 48 Nous
319 1971 287 48 présentons
545 1971 123 48 la
606 1971 246 48 maquette
791 1971 123 48 de
832 1971 143 48 cette

75 2013 280 47 exposition
295 2013 140 47 qui
375 2013 100 47 a
415 2013 180 47 connu
536 2013 120 47 un
596 2013 200 47 succès
736 2013 240 47 fabuleux
896 2013 80 47 et

72 2057 221 41 suscité
233 2057 362 41 d’innombrables
534 2057 241 41 articles
715 2057 121 41 de
775 2057 121 41 la
815 2057 161 41 presse

54 2095 221 51 mondiale.

134 2155 115 57 La
191 2155 211 57 musique
345 2155 230 57 conjugue
517 2155 134 57 les
594 2155 211 57 audaces
747 2155 115 57 de
785 2155 192 57 l’avant-

71 2201 170 52 garde
184 2201 113 52 et
241 2201 132 52 les
316 2201 245 52 sonorités
505 2201 264 52 nationales
713 2201 170 52 comme
826 2201 113 52 on
864 2201 113 52 peut

47 2291 86 42 46
