1062 2361
-4 68 265 69 <b>SUISSE</b>

84 211 188 68 encore
216 211 169 68 avoir
328 211 113 68 un
385 211 169 68 sens,
497 211 113 68 ne
554 211 150 68 peut
648 211 150 68 être
742 211 207 68 compris
873 211 94 68 que

82 253 169 64 comme
195 253 339 64 identification
478 253 169 64 d’une
590 253 264 64 communauté
779 253 188 64 urbaine.

85 289 113 71 De
142 289 188 71 l’avis
273 289 113 71 de
330 289 132 71 ses
405 289 226 71 auteurs,
574 289 113 71 le
631 289 169 71 musée
743 289 150 71 doit
819 289 150 71 servir

78 332 296 67 d’appareil
310 332 127 67 de
374 332 359 67 communication
670 332 106 67 à
712 332 233 67 l’homme
860 332 106 67 qui

80 377 207 71 cherche
231 377 94 71 à
269 377 113 71 se
325 377 170 71 mieux
438 377 264 71 comprendre
646 377 132 71 par
721 377 207 71 rapport
872 377 94 71 à
891 377 75 71 la

54 416 298 52 communauté.

140 482 158 66 Dans
239 482 138 66 ses
318 482 99 66 «
357 482 236 66 tableaux
534 482 118 66 ou
594 482 335 66 constructions
850 482 118 66 sous

81 528 170 50 régie
194 528 113 50 »,
251 528 151 50 Marc
345 528 151 50 Kuhn
439 528 207 50 reprend
590 528 113 50 un
647 528 151 50 très
741 528 170 50 vieux
835 528 132 50 prin-

78 568 152 56 cipe
173 568 114 56 de
230 568 171 56 l’art
343 568 265 56 collectif.
552 568 114 56 La
609 568 171 56 tâche
723 568 114 56 du
760 568 209 56 régisseur

78 608 227 60 consiste
248 608 95 60 à
286 608 208 60 choisir
437 608 132 60 les
513 608 340 60 collaborateurs
797 608 113 60 de
835 608 132 60 telle

74 650 196 66 façon
205 650 152 66 que
292 650 131 66 la
357 650 196 66 seule
488 650 131 66 et
553 650 174 66 même
662 650 196 66 œuvre
792 650 174 66 crée
879 650 87 66 un

77 693 228 61 rapport
243 693 186 61 entre
367 693 207 61 divers
512 693 186 61 plans
637 693 124 61 de
678 693 290 61 l’expérience

78 732 242 65 humaine.
259 732 121 65 De
320 732 121 65 ce
381 732 182 65 fait,
502 732 242 65 l’œuvre,
683 732 182 65 outre
784 732 182 65 qu’elle

77 779 167 54 prend
189 779 130 54 des
263 779 259 54 dimensions
467 779 371 54 supplémentaires,
782 779 185 54 oblige
893 779 74 54 le

76 819 316 58 contemplateur
337 819 93 58 à
374 819 298 58 s’identifier
616 819 112 58 ou
671 819 93 58 à
709 819 242 58 s’opposer
876 819 93 58 aux

75 865 183 55 plans
197 865 122 55 de
257 865 325 55 l’expérience
521 865 203 55 réunis
663 865 162 55 dans
765 865 122 55 la
806 865 162 55 compo-

75 909 193 48 sition.
216 909 123 48 Les
286 909 193 48 auteurs
426 909 140 48 d’un
513 909 175 48 projet
636 909 105 48 de
689 909 105 48 ce
741 909 158 48 genre
829 909 140 48 consi-

74 944 190 59 dèrent
207 944 171 59 cette
322 944 171 59 forme
436 944 114 59 de
493 944 324 59 collaboration
760 944 171 59 comme
855 944 114 59 pré-

74 989 186 57 cieuse
205 989 167 57 parce
316 989 205 57 qu’elle
465 989 223 57 implique
632 989 130 57 une
688 989 279 57 confrontation

74 1034 234 42 critique
249 1034 117 42 et
307 1034 117 42 le
366 1034 214 42 respect
521 1034 156 42 pour
619 1034 117 42 la
677 1034 273 42 prestation
872 1034 97 42 des

75 1073 286 48 partenaires,
307 1073 214 48 celle-ci
468 1073 214 48 exigeant
629 1073 321 48 impérieusement
879 1073 89 48 une

76 1115 210 44 réponse.
233 1115 140 44 Pour
321 1115 123 44 les
391 1115 210 44 auteurs,
548 1115 350 44 l’enrichissement
828 1115 140 44 réside

71 1151 163 58 dans
172 1151 122 58 le
234 1151 265 58 processus
437 1151 346 58 d’élaboration
723 1151 143 58 et,
804 1151 163 58 pour
886 1151 81 58 le

70 1193 375 51 contemplateur,
383 1193 167 51 dans
487 1193 271 51 l’analyse
696 1193 146 51 des
758 1193 209 51 éléments

75 1242 278 48 constitutifs
301 1242 104 48 du
353 1242 209 48 résultat
509 1242 104 48 de
562 1242 139 48 leur
631 1242 174 48 travail.

131 1298 114 47 Le
188 1298 190 47 projet
321 1298 343 47 scénographique
607 1298 114 47 de
664 1298 190 47 Pierre
798 1298 114 47 et
836 1298 133 47 Anne-

73 1340 175 48 Marie
189 1340 195 48 Simond
326 1340 214 48 résulte
482 1340 117 48 de
540 1340 175 48 leurs
657 1340 195 48 études
794 1340 136 48 des
852 1340 117 48 rap-

72 1391 158 56 ports
178 1391 158 56 entre
284 1391 106 56 le
336 1391 246 56 spectateur
530 1391 106 56 et
583 1391 106 56 le
636 1391 246 56 spectacle.
812 1391 158 56 L’iden-

68 1430 263 46 tification
275 1430 207 46 passive
425 1430 150 46 avec
519 1430 282 46 l’événement
745 1430 225 46 scénique
895 1430 75 46 et

70 1467 360 47 l’intervention
370 1467 200 47 active
510 1467 160 47 dans
611 1467 120 47 ce
671 1467 160 47 même
751 1467 220 47 événement

70 1512 270 48 constituent
286 1512 126 48 les
358 1512 144 48 deux
448 1512 234 48 extrêmes.
627 1512 144 48 Leur
717 1512 198 48 analyse
843 1512 126 48 indi-

68 1558 140 38 que
148 1558 140 38 les
228 1558 200 38 moyens
368 1558 180 38 qu’il
488 1558 160 38 faut
589 1558 240 38 utiliser
769 1558 160 38 pour
849 1558 120 38 per-

66 1600 201 52 mettre
206 1600 120 52 au
267 1600 281 52 spectateur
487 1600 140 52 une
568 1600 341 52 compréhension
829 1600 140 52 aussi

64 1635 226 57 directe
229 1635 123 57 et
291 1635 247 57 complète
476 1635 144 57 que
558 1635 247 57 possible
744 1635 123 57 de
785 1635 185 57 l’œuvre

65 1676 256 53 scénique.
262 1676 138 53 Les
341 1676 216 53 auteurs
498 1676 118 53 du
557 1676 197 53 projet
695 1676 236 53 arrivent
872 1676 98 53 à
891 1676 79 53 la

63 1719 302 51 conclusion
301 1719 151 51 que
387 1719 151 51 les
474 1719 216 51 moyens
625 1719 130 51 de
668 1719 302 51 scénographie

64 1765 221 45 doivent
225 1765 121 45 se
285 1765 302 45 transformer
527 1765 121 45 et
587 1765 121 45 se
647 1765 282 45 développer
848 1765 121 45 dans

63 1803 123 52 la
125 1803 164 52 même
228 1803 206 52 mesure
372 1803 144 52 que
454 1803 123 52 le
516 1803 308 52 déroulement
762 1803 123 52 du
804 1803 164 52 drame.

67 1841 111 54 Le
122 1841 240 54 processus
306 1841 258 54 dramatique
509 1841 148 54 doit
601 1841 111 54 se
657 1841 221 54 refléter
823 1841 148 54 dans
896 1841 74 54 la

41 1890 295 47 scénographie.

120 1937 159 54 Outre
227 1937 124 54 ces
297 1937 195 54 travaux
439 1937 266 54 collectifs,
651 1937 124 54 qui
722 1937 230 54 soulèvent
881 1937 89 54 des

61 1985 263 45 problèmes
263 1985 324 45 fondamentaux
527 1985 284 45 concernant
729 1985 243 45 l’environ-

60 2027 198 46 nement
199 2027 119 46 de
258 2027 218 46 l’homme
416 2027 356 46 d’aujourd’hui,
693 2027 277 46 l’exposition

59 2071 238 36 comprend
237 2071 139 36 des
317 2071 198 36 œuvres
455 2071 356 36 individuelles.
752 2071 119 36 Le
792 2071 178 36 peintre

60 2105 227 50 Philippe
231 2105 284 50 Grosclaude,
458 2105 114 50 le
515 2105 246 50 sculpteur
705 2105 190 50 Walter
818 2105 152 50 Kretz,

58 2151 124 56 le
120 2151 228 56 graveur
286 2151 166 56 Hans
390 2151 270 56 Eigenheer
598 2151 124 56 et
660 2151 124 56 le
701 2151 270 56 photographe

55 2192 199 54 Armand
194 2192 199 54 Deriaz
334 2192 278 54 présentent
552 2192 139 54 des
632 2192 318 54 réalisations
871 2192 99 54 qui

37 2280 97 47 118
