1101 2361
785 74 322 68 <b>NORVEGE</b>

215 454 295 67 Commissaire
451 454 236 67 général:
628 454 177 67 Inger
727 454 157 67 Sitter

178 597 121 62 En
238 597 243 62 Norvège,
421 597 182 62 c’est
542 597 121 62 au
603 597 202 62 Comité
744 597 142 62 des
825 597 162 62 Arts
906 597 142 62 Plas-

124 648 211 56 tiques,
277 648 192 56 organe
412 648 211 56 central
565 648 134 56 des
642 648 249 56 peintres,
815 648 230 56 sculpteurs

126 686 118 60 et
185 686 255 60 graveurs,
381 686 176 60 qu’il
499 686 215 60 incombe
655 686 118 60 de
714 686 313 60 sélectionner
949 686 98 60 les

127 724 221 67 artistes
292 724 276 67 participant
514 724 92 67 à
550 724 129 67 des
624 724 276 67 expositions
845 724 92 67 à
864 724 184 67 l’étran-

126 767 160 69 ger,
226 767 180 69 telle
346 767 120 69 la
406 767 240 69 Biennale
586 767 120 69 de
647 767 200 69 Paris.
787 767 120 69 Ce
847 767 220 69 système
987 767 60 69 a

128 810 132 60 ses
203 810 263 60 avantages,
410 810 151 60 mais
504 810 169 60 aussi
617 810 132 60 ses
693 810 339 60 inconvénients.
956 810 94 60 Par

130 853 117 57 la
189 853 176 57 force
306 853 156 57 même
404 853 137 57 des
482 853 215 57 choses,
638 853 117 57 un
697 853 176 57 petit
814 853 156 57 pays
892 853 156 57 subit,

128 899 320 54 consciemment
388 899 120 54 ou
448 899 380 54 inconsciemment,
768 899 260 54 l’emprise
948 899 100 54 des

129 944 245 53 courants
313 944 368 53 internationaux
619 944 123 53 et
681 944 123 53 un
742 944 205 53 milieu
865 944 184 53 quelque

132 978 137 68 peu
210 978 195 68 étroit
346 978 117 68 en
405 978 215 68 empêche
561 978 215 68 souvent
697 978 351 68 l’interprétation

131 1021 287 64 personnelle,
364 1021 197 64 surtout
508 1021 143 64 chez
597 1021 126 64 les
669 1021 179 64 jeunes
777 1021 197 64 artistes.

183 1080 165 44 Pour
287 1080 310 44 représenter
535 1080 124 44 la
597 1080 228 44 Norvège
762 1080 103 44 à
804 1080 186 44 cette
907 1080 145 44 Bien-

133 1113 153 55 nale
229 1113 173 55 1969,
344 1113 134 55 les
420 1113 230 55 artistes
593 1113 230 55 suivants
765 1113 134 55 ont
842 1113 134 55 été
900 1113 153 55 sélec-

133 1154 230 56 tionnés:
305 1154 115 56 le
362 1154 210 56 peintre
515 1154 153 56 Knut
611 1154 172 56 Rose,
726 1154 115 56 le
783 1154 249 56 sculpteur
955 1154 96 56 Jan

135 1199 159 49 Sture
241 1199 177 49 Jarlum
365 1199 106 49 et
418 1199 106 49 le
471 1199 195 49 graveur
613 1199 141 49 Karl
701 1199 141 49 Erik
790 1199 195 49 Nilsen,
914 1199 141 49 artis-

134 1244 131 49 tes
209 1244 150 49 qui,
303 1244 150 49 dans
397 1244 150 49 leur
491 1244 244 49 ensemble,
678 1244 150 49 sont
753 1244 300 49 représentatifs

135 1281 129 50 des
208 1281 147 50 arts
300 1281 258 50 plastiques
503 1281 111 50 de
558 1281 111 50 la
614 1281 166 50 jeune
724 1281 258 50 génération
909 1281 147 50 norvé-

134 1328 182 53 gienne
243 1328 292 53 d’aujourd’hui.

189 1366 92 56 A
225 1366 203 56 ceux-ci
373 1366 221 56 s’ajoute
538 1366 110 56 un
594 1366 331 56 individualiste
851 1366 203 56 invétéré,

138 1411 160 52 Rolf
238 1411 220 52 Aamodt.
398 1411 120 52 Il
458 1411 120 52 se
518 1411 140 52 dit
598 1411 220 52 peintre
757 1411 120 52 et
797 1411 260 52 compositeur

137 1463 244 44 d’images.
325 1463 113 44 Il
381 1463 94 44 a
419 1463 169 44 donné
531 1463 131 44 des
607 1463 225 44 concerts
775 1463 113 44 et
832 1463 206 44 réalisé
963 1463 94 44 des

137 1502 169 43 films
250 1502 150 43 pour
344 1502 113 43 la
400 1502 263 43 télévision
607 1502 113 43 et
663 1502 113 43 le
720 1502 207 43 cinéma.
851 1502 207 43 Plusieurs

137 1542 120 45 de
197 1542 140 45 ses
277 1542 200 45 œuvres
417 1542 140 45 ont
497 1542 140 45 été
577 1542 200 45 créées
717 1542 120 45 en
757 1542 300 45 collaboration

138 1582 215 43 étroite
295 1582 157 43 avec
393 1582 137 43 des
471 1582 313 43 compositeurs
725 1582 117 43 et
784 1582 137 43 des
843 1582 215 43 danseurs.

194 1634 111 51 Un
249 1634 166 51 autre
360 1634 221 51 artiste,
526 1634 129 51 Jan
600 1634 185 51 Horne,
729 1634 166 51 s’est
840 1634 148 51 fait
913 1634 148 51 remar-

139 1669 157 59 quer
237 1669 137 59 ces
316 1669 254 59 dernières
511 1669 196 59 années
648 1669 98 59 à
687 1669 117 59 la
746 1669 293 59 télévision.
961 1669 98 59 Son

141 1711 264 57 programme,
348 1711 226 57 intitulé
518 1711 245 57 Plym-Plym
706 1711 207 57 résulte
857 1711 170 57 d’une
951 1711 113 57 col-

144 1762 257 45 laboration
345 1762 147 45 avec
437 1762 110 45 le
492 1762 165 45 jeune
602 1762 275 45 compositeur
822 1762 147 45 Kâre
896 1762 165 45 Kolberg

142 1801 140 43 qui
222 1801 180 43 s’est
342 1801 240 43 inspiré,
522 1801 160 43 pour
621 1801 140 43 son
701 1801 180 43 œuvre
821 1801 160 43 pour
901 1801 160 43 chœur,

140 1839 176 53 d’un
250 1839 198 53 poème
382 1839 132 53 de
448 1839 198 53 Stein
580 1839 242 53 Mehren,
755 1839 132 53 un
821 1839 154 53 des
887 1839 176 53 jeunes

143 1883 194 54 poètes
278 1883 271 54 norvégiens
491 1883 136 54 les
569 1883 155 54 plus
646 1883 213 54 éminents.

194 1924 170 58 Arild
308 1924 189 58 Boman,
440 1924 303 58 compositeur,
686 1924 95 58 a
724 1924 170 58 écrit
838 1924 114 58 de
895 1924 114 58 la
932 1924 133 58 musi-

146 1974 131 47 que
221 1974 150 47 pour
315 1974 225 47 théâtre,
484 1974 169 47 film,
597 1974 282 47 télévision,
822 1974 169 47 ainsi
935 1974 131 47 que
991 1974 75 47 de

146 2016 123 50 la
207 2016 226 50 musique
371 2016 226 50 sacrée.
535 2016 267 50 Certaines
740 2016 123 50 de
802 2016 144 50 ses
863 2016 205 50 composi-

144 2057 170 44 tions
257 2057 132 44 ont
333 2057 132 44 été
408 2057 283 44 développées
634 2057 94 44 à
672 2057 188 44 l’aide
785 2057 283 44 d’ordinateurs

146 2100 340 43 électroniques
426 2100 140 43 qui
506 2100 140 43 les
586 2100 220 43 rendent
747 2100 320 43 susceptibles
987 2100 80 43 de

147 2140 188 50 servir
279 2140 113 50 la
335 2140 244 50 recherche
523 2140 319 50 expérimentale
786 2140 113 50 en
824 2140 244 50 sociologie.

149 2181 150 52 Dans
243 2181 206 52 l’œuvre
393 2181 244 52 présentée
581 2181 150 52 ici,
675 2181 113 52 il
731 2181 225 52 s’occupe
881 2181 188 52 particu

988 2277 82 43 93
