1711 3037
654 116 182 87 —
726 116 255 87 455
836 116 109 87 —

134 206 205 93 Voici
271 206 137 93 sa
340 206 274 93 crainte:
545 206 137 93 Il
613 206 137 93 ne
682 206 205 93 doute
819 206 160 93 pas
910 206 160 93 que
1001 206 160 93 ses
1093 206 297 93 démarches
1321 206 137 93 ne
1366 206 183 93 soient

134 281 206 54 épiées
279 281 144 54 par
361 281 124 54 le
423 281 186 54 parti
547 281 186 54 formé
671 281 206 54 contre
816 281 165 54 lui,
919 281 103 54 «
960 281 124 54 et
1022 281 124 54 si
1084 281 165 54 l’on
1187 281 165 54 sait
1290 281 144 54 que
1373 281 124 54 je
1414 281 124 54 vais

134 327 199 58 «chés
266 327 199 58 vous,
399 327 132 58 on
465 327 132 58 me
531 327 177 58 fera
641 327 154 58 une
730 327 331 58 tracasserie
994 327 265 58 affreuse
1193 327 221 58 auprès
1347 327 132 58 de
1414 327 132 58 M.
1458 327 88 58 le

133 378 297 52 «maréchal.
366 378 127 52 Je
430 378 191 52 serai
558 378 212 52 accusé
706 378 212 52 auprès
855 378 127 52 de
919 378 149 52 lui
1004 378 127 52 de
1068 378 297 52 solliciter
1301 378 191 52 votre
1408 378 127 52 cré-

132 430 173 55 «dit
240 430 216 55 auprès
391 430 129 55 de
456 430 129 55 M.
521 430 129 55 de
586 430 281 55 Voltaire,
801 430 173 55 pour
909 430 194 55 avoir
1039 430 151 55 ses
1125 430 216 55 rôles,
1276 430 129 55 et
1341 430 129 55 la
1384 430 151 55 viva-

139 476 204 62 «cité
275 476 181 62 dont
389 476 136 62 ce
457 476 272 62 seigneur
660 476 159 62 est
751 476 181 62 doüé
864 476 181 62 fera
978 476 272 62 retomber
1182 476 159 62 sur
1272 476 159 62 moi
1363 476 181 62 tout
1453 476 91 62 le

132 513 363 63 «désagrément
427 513 136 63 de
495 513 318 63 l’avanture
745 513 136 63 en
813 513 136 63 me
881 513 227 63 taxant
1040 513 136 63 de
1108 513 318 63 cabaler...
1335 513 68 63 »

81 563 212 53 5466.
223 563 306 53 Grimod
458 563 141 53 de
529 563 141 53 la
599 563 400 53 Reynière,
929 563 235 53 fameux
1094 563 353 53 gastronome,
1353 563 188 53 auteur

142 613 120 56 de
202 613 339 56 l'Almanach
481 613 140 56 des
561 613 359 56 Gourmands
860 613 160 56 etc.
960 613 120 56 L.
1020 613 160 56 aut.
1120 613 180 56 sig.,
1240 613 100 56 à
1280 613 120 56 M.
1319 613 220 56 Marguère.

135 652 292 60 Paris,
339 652 146 60 8
398 652 322 60 juillet
632 652 263 60 1784.
807 652 146 60 1
866 652 175 60 p.
953 652 263 60 in-4.
1129 652 380 60 Curieuse.
1421 652 146 60 3
1450 652 88 60 »

90 708 187 59 5467.
215 708 415 59 Grouvelle
568 708 478 59 (Philippe-Antoine),
983 708 332 59 littérateur,
1253 708 291 59 secrétaire
1461 708 83 59 du

144 751 239 69 Conseil
318 751 283 69 exécutif.
536 751 130 69 L.
601 751 174 69 aut.
710 751 196 69 sig.,
840 751 130 69 au
905 751 283 69 procureur
1123 751 217 69 syndic
1275 751 130 69 du
1319 751 217 69 départe-

122 799 242 58 ment
273 799 182 58 de
364 799 303 58 Paris.
576 799 182 58 17
667 799 333 58 janvier
910 799 273 58 1793.
1091 799 152 58 1
1152 799 182 58 p.
1243 799 273 58 in-4.
1425 799 152 58 9
1455 799 91 58 »

179 845 130 59 Il
244 845 260 59 transmet
439 845 130 59 la
504 845 347 59 délibération
786 845 152 59 que
873 845 130 59 le
938 845 238 59 Conseil
1111 845 260 59 exécutif
1285 845 260 59 provisoire

137 898 184 65 vient
259 898 123 65 de
321 898 245 65 prendre.
505 898 123 65 La
566 898 164 65 date
668 898 164 65 fait
770 898 245 65 supposer
954 898 184 65 qu’il
1077 898 286 65 s’agissait
1302 898 123 65 de
1343 898 204 65 l’arrêté

137 946 152 56 par
224 946 217 56 lequel
376 946 130 56 il
441 946 152 56 lui
527 946 195 56 était
657 946 238 56 enjoint
830 946 130 56 de
895 946 173 56 lire
1004 946 108 56 à
1047 946 195 56 Louis
1177 946 152 56 XVI
1263 946 152 56 son
1350 946 195 56 arrêt
1458 946 87 56 de

107 994 175 50 mort.

88 1030 195 69 5468.
218 1030 412 69 Guillon,
565 1030 217 69 éveque
717 1030 130 69 de
782 1030 217 69 Maroc,
934 1030 260 69 aumônier
1129 1030 130 69 de
1194 1030 130 69 la
1259 1030 195 69 reine
1368 1030 173 69 Marie-

131 1088 241 61 Amélie.
307 1088 132 61 L.
373 1088 176 61 aut.
482 1088 198 61 sig.,
614 1088 132 61 au
680 1088 329 61 sénateur...
943 1088 220 61 Paris,
1097 1088 132 61 14
1163 1088 263 61 germinal
1360 1088 132 61 an
1404 1088 132 61 XII.

63 1134 491 61 1
259 1134 589 61 p.
554 1134 883 61 in-4.
1142 1134 491 61 5
1241 1134 294 61 »

182 1152 260 85 Curieuse
377 1152 130 85 et
442 1152 325 85 spirituelle
703 1152 238 85 lettre,
876 1152 173 85 pour
984 1152 238 85 obtenir
1158 1152 130 85 un
1223 1152 152 85 des
1288 1152 260 85 canonicats

139 1236 189 53 prêts
265 1236 105 53 à
307 1236 210 53 vaquer
454 1236 168 53 dans
559 1236 252 53 l’église
747 1236 126 53 de
789 1236 168 53 Paris.

90 1269 184 68 5469.
212 1269 408 68 Habeneck,
559 1269 265 68 musicien,
763 1269 327 68 compositeur.
1029 1269 122 68 L.
1090 1269 163 68 aut.
1192 1269 184 68 sig.,
1314 1269 102 68 à
1355 1269 122 68 M.
1396 1269 143 68 Chan-

137 1327 293 56 courtois,
363 1327 113 56 à
408 1327 270 56 Orléans.
611 1327 225 56 Paris,
769 1327 135 56 20
836 1327 203 56 avril
971 1327 203 56 1837.
1107 1327 113 56 1
1152 1327 135 56 p.
1219 1327 158 56 pl.
1310 1327 203 56 in-4.
1445 1327 113 56 3
1467 1327 68 56 »

173 1375 256 54 Relative
365 1375 107 54 à
408 1375 320 54 l’exécution
664 1375 150 54 des
749 1375 214 54 chœurs
899 1375 128 54 et
963 1375 128 54 de
1027 1375 128 54 la
1091 1375 235 54 musique
1262 1375 171 54 pour
1369 1375 128 54 la
1412 1375 128 54 fête

133 1420 135 55 en
201 1420 293 55 l’honneur
427 1420 135 55 de
494 1420 226 55 Jeanne
630 1420 180 55 d’Arc.

87 1458 193 69 5470.
215 1458 386 69 Holland
536 1458 450 69 (Henricq-Richard,
922 1458 214 69 lord),
1072 1458 193 69 neveu
1200 1458 129 69 de
1265 1458 171 69 Fox,
1350 1458 193 69 orateur

143 1519 247 51 célèbre.
329 1519 123 51 L.
390 1519 165 51 aut.
493 1519 165 51 sig.
596 1519 144 51 (en
678 1519 267 51 anglais),
884 1519 103 51 à
925 1519 165 51 M...
1028 1519 103 51 4
1069 1519 144 51 gr.
1151 1519 123 51 p.
1213 1519 144 51 pl.
1295 1519 185 51 in-4.
1398 1519 144 51 Belle

43 1564 1261 59 lettre.
961 1564 573 59 7
1075 1564 459 59 50

84 1596 192 73 5471.
212 1596 320 73 Horn
468 1596 149 73 (le
553 1596 192 73 comte
681 1596 171 73 de),
788 1596 256 73 ministre
979 1596 256 73 suédois,
1171 1596 256 73 impliqué
1363 1596 171 73 dans
1449 1596 85 73 le

142 1665 194 59 procès
277 1665 310 59 d’Ankastrom,
529 1665 232 59 assassin
703 1665 116 59 de
761 1665 213 59 Gustave
916 1665 155 59 III.
1012 1665 116 59 L.
1071 1665 155 59 aut.
1167 1665 174 59 sig.:
1264 1665 271 59 Fréd

134 1715 280 41 Classon
354 1715 320 41 Malière
613 1715 140 41 nom
693 1715 180 41 qu'il
813 1715 220 41 portait
973 1715 160 41 dans
1073 1715 340 41 l’émigration,
1352 1715 100 41 à
1392 1715 120 41 M.
1432 1715 100 41 Le-

132 1758 205 54 cocq,
269 1758 114 54 à
314 1758 250 54 Lubech.
496 1758 228 54 Mardi.
656 1758 114 54 1
701 1758 137 54 p.
769 1758 205 54 in-4.
906 1758 205 54 Belle
1042 1758 250 54 lettre.
1224 1758 296 54 Curieuse.
1452 1758 114 54 6
1475 1758 68 54 »

82 1799 194 64 5472.
212 1799 409 64 Jaucourt
556 1799 151 64 (le
642 1799 237 64 marquis
814 1799 172 64 de),
922 1799 215 64 membre
1072 1799 129 64 du
1137 1799 344 64 gouvernement
1395 1799 129 64 pro-

136 1839 235 77 visoire
306 1839 128 77 de
371 1839 192 77 1814.
499 1839 128 77 L.
563 1839 171 77 aut.
669 1839 192 77 sig.,
798 1839 107 77 à
840 1839 256 77 l’amiral
1033 1839 278 77 Verhuell.
1246 1839 214 77 Paris,
1396 1839 128 77 29
1438 1839 107 77 mai

90 1895 519 67 1832.
436 1895 288 67 2
551 1895 346 67 p.
724 1895 403 67 pl.
955 1895 519 67 in-8.
1301 1895 288 67 3
1358 1895 173 67 »

185 1945 211 51 Lettre
332 1945 274 51 curieuse,
543 1945 253 51 relative
733 1945 105 51 à
775 1945 126 51 la
838 1945 295 51 nomination
1070 1945 126 51 de
1133 1945 126 51 M.
1196 1945 211 51 Guizot
1343 1945 105 51 à
1386 1945 126 51 la
1428 1945 105 51 di-

128 1991 250 64 rection
310 1991 159 64 des
401 1991 227 64 cultes
559 1991 159 64 non
650 1991 363 64 catholiques,
945 1991 136 64 en
1013 1991 363 64 remplacement
1308 1991 136 64 de
1376 1991 136 64 M.
1422 1991 113 64 Cu

104 2042 167 55 vier.

78 2082 216 58 5473.
222 2082 336 58 Jeanbon
486 2082 480 58 Saint-André,
894 2082 288 58 officier
1110 2082 336 58 municipal,
1350 2082 192 58 député

131 2142 414 53 extraordinaire
476 2142 138 53 de
545 2142 138 53 la
614 2142 253 53 commune
798 2142 138 53 de
868 2142 322 53 Montauban,
1121 2142 184 53 puis
1213 2142 322 53 représentant

128 2193 128 43 du
192 2193 234 43 peuple,
362 2193 128 43 en
426 2193 234 43 mission
596 2193 107 43 à
639 2193 213 43 Brest.
788 2193 128 43 L.
852 2193 170 43 aut.
959 2193 192 43 sig.,
1087 2193 107 43 à
1129 2193 320 43 l’Assemblée
1364 2193 170 43 natio-

125 2233 253 52 nale.
294 2233 282 52 Paris,
491 2233 169 52 21
575 2233 253 52 avril
744 2233 253 52 1792.
913 2233 141 52 2
970 2233 197 52 gr.
1082 2233 169 52 p.
1167 2233 310 52 in-fol.
1392 2233 141 52 7
1420 2233 113 52 50

180 2280 206 64 Lettre
325 2280 268 64 curieuse,
531 2280 248 64 relative
717 2280 145 64 aux
800 2280 310 64 difficultés
1047 2280 268 64 soulevées
1254 2280 165 64 pour
1337 2280 206 64 l’exécu-

139 2325 165 54 tion
243 2325 124 54 de
305 2325 124 54 la
367 2325 145 54 loi
449 2325 145 54 des
532 2325 248 54 patentes
718 2325 165 54 dans
822 2325 124 54 la
884 2325 186 54 ville
1008 2325 124 54 de
1049 2325 248 54 Montauban.

80 2381 178 61 5474.
199 2381 356 61 Jeannin
495 2381 138 61 (le
574 2381 257 61 président
772 2381 237 61 Pierre),
950 2381 237 61 ministre
1128 2381 217 61 d’État,
1286 2381 158 61 l’un
1385 2381 138 61 des
1444 2381 99 61 ré-

133 2422 251 60 dacteurs
321 2422 125 60 de
384 2422 209 60 l’Edit
530 2422 125 60 de
592 2422 230 60 Nantes.
759 2422 125 60 L.
822 2422 167 60 aut.
927 2422 167 60 sig.
1031 2422 146 60 (en
1114 2422 209 60 partie
1261 2422 292 60 chiffrée),
1469 2422 63 60 à

123 2462 128 63 M.
187 2462 128 63 de
251 2462 128 63 La
315 2462 257 63 Chastre.
508 2462 214 63 Rouen,
658 2462 128 63 le
722 2462 128 63 16
786 2462 171 63 mai.
893 2462 107 63 1
936 2462 150 63 gr.
1022 2462 128 63 p.
1086 2462 150 63 pl.
1172 2462 235 63 in-fol.
1321 2462 193 63 Cachets

94 2521 841 61 Très-belle
755 2521 661 61 lettre.
1236 2521 361 61 16
1356 2521 180 61 »

182 2569 242 50 Relative
363 2569 101 50 à
404 2569 121 50 la
464 2569 181 50 ville
585 2569 282 50 d’Orléans,
807 2569 181 50 qu’il
927 2569 242 50 souhaite
1109 2569 161 50 être
1210 2569 121 50 en
1270 2569 181 50 bonne
1371 2569 161 50 union.

128 2612 132 66 Il
194 2612 132 66 le
260 2612 175 66 prie
369 2612 132 66 de
435 2612 197 66 vivre
567 2612 132 66 en
633 2612 197 66 bonne
764 2612 351 66 intelligence
1049 2612 175 66 avec
1159 2612 373 66 Dermenonville
1444 2612 88 66 et

131 2671 156 55 ses
220 2671 201 55 amis,
354 2671 134 55 et
421 2671 134 55 de
488 2671 134 55 le
555 2671 290 55 rapatrier
778 2671 178 55 avec
889 2671 134 55 La
956 2671 290 55 Gaignerie
1179 2671 134 55 et
1246 2671 290 55 Montigny:
1447 2671 89 55 le

132 2707 192 54 comte
260 2707 128 54 de
324 2707 256 54 Soissons
516 2707 107 54 a
558 2707 149 54 été
644 2707 235 54 surpris
814 2707 128 54 en
878 2707 256 54 quelques
1049 2707 320 54 affaires.....

85 2753 187 66 5475.
210 2753 374 66 Joaquin
521 2753 208 66 évêque
667 2753 125 66 de
729 2753 187 66 Léon.
854 2753 125 66 L.
916 2753 125 66 a.
978 2753 125 66 s.
1041 2753 145 66 (en
1124 2753 291 66 espagnol),
1352 2753 125 66 au
1394 2753 145 66 baron

133 2806 267 83 Capelle.
333 2806 267 83 Londres,
533 2806 133 83 29
600 2806 178 83 mars
711 2806 200 83 1836.
844 2806 111 83 1
889 2806 133 83 p.
956 2806 245 83 in-fol.
1134 2806 133 83 (à
1200 2806 311 83 mi-marge).
1445 2806 111 83 2
1467 2806 67 83 »
