1636 2929
706 78 169 87 —
774 78 237 87 453
875 78 102 87 —

211 172 131 75 Au
277 172 196 75 sujet
408 172 153 75 des
495 172 371 75 modifications
800 172 131 75 et
866 172 153 75 des
953 172 371 75 améliorations
1259 172 153 75 que
1346 172 131 75 la
1411 172 153 75 loi
1477 172 109 75 sur

165 218 143 87 les
246 218 266 87 faillites
451 218 205 87 seront
594 218 327 87 susceptibles
860 218 123 87 de
921 218 245 87 recevoir
1106 218 164 87 dans
1208 218 266 87 l’intérêt
1392 218 184 87 général

161 265 156 62 du
213 265 285 62 commerce.

112 302 200 85 5443.
245 302 421 85 Crémieux
600 302 222 85 (Ad.),
755 302 222 85 membre
910 302 133 85 du
976 302 355 85 gouvernement
1265 302 310 85 provisoire
1486 302 89 85 de

166 371 189 55 1848,
292 371 252 55 ministre
481 371 126 55 de
544 371 126 55 la
607 371 252 55 justice.
796 371 126 55 L.
859 371 168 55 aut.
964 371 168 55 sig.
1069 371 210 55 Paris,
1216 371 126 55 24
1279 371 231 55 janvier
1426 371 147 55 1836.

91 410 495 66 1
289 410 594 66 p.
586 410 890 66 in-8.
1179 410 495 66 2
1278 410 297 66 »

120 452 187 74 5444.
245 452 458 74 Daguesseau
640 452 291 74 chancelier
869 452 125 74 de
931 452 229 74 France.
1098 452 125 74 L.
1160 452 187 74 sig.,
1285 452 104 74 à
1326 452 125 74 M.
1368 452 208 74 l’évêque

166 509 156 62 de
244 509 286 62 Grasse.
452 509 390 62 Versailles,
764 509 130 62 9
816 509 208 62 août
946 509 234 62 1734.
1102 509 130 62 1
1154 509 156 62 p.
1232 509 286 62 in-fol.
1440 509 130 62 2
1466 509 104 62 50

208 561 129 61 Au
272 561 193 61 sujet
401 561 150 61 des
486 561 279 61 religieux
701 561 129 61 de
765 561 257 61 l’abbaye
958 561 129 61 de
1001 561 193 61 Lerins.

119 599 193 77 5445.
247 599 385 77 Dalberg
568 599 150 77 (le
654 599 150 77 duc
739 599 171 77 de),
846 599 214 77 membre
996 599 128 77 du
1060 599 342 77 gouvernement
1317 599 257 77 provisoire

162 661 123 55 de
224 661 185 55 1814.
347 661 123 55 L.
409 661 123 55 a.
470 661 144 55 s.,
552 661 103 55 à
593 661 123 55 S.
655 661 164 55 E...
757 661 205 55 Paris,
901 661 103 55 6
942 661 164 55 oct.
1045 661 185 55 1809.
1168 661 103 55 1
1209 661 123 55 p.
1270 661 144 55 pl.
1352 661 185 55 in-4.
1475 661 103 55 2
1496 661 82 55 50

128 693 174 77 5446.
243 693 347 77 Dambray
533 693 135 77 (le
610 693 251 77 vicomte),
803 693 270 77 chancelier
1015 693 116 77 de
1073 693 212 77 France.
1227 693 116 77 L.
1285 693 116 77 a.
1343 693 135 77 s.,
1420 693 96 77 à
1458 693 116 77 M.
1497 693 77 77 le

172 757 191 59 comte
299 757 128 59 de
363 757 404 59 Balainvilliers.
703 757 213 59 Paris,
852 757 128 59 10
916 757 149 59 mai
1001 757 191 59 1816.
1129 757 234 59 Demi-p.
1299 757 234 59 in-fol.
1469 757 106 59 2
1490 757 85 59 50

121 784 189 77 5447.
247 784 358 77 Drouin
542 784 189 77 (Mlle
668 784 316 77 Angélique),
921 784 295 77 sociétaire
1152 784 126 77 de
1215 784 126 77 la
1278 784 231 77 comédie
1426 784 147 77 fran-

173 846 193 61 çaise.
308 846 116 61 1°
366 846 212 61 Mémoire
520 846 116 61 de
578 846 174 61 frais
694 846 154 61 pour
790 846 116 61 la
848 846 174 61 pièce
964 846 116 61 du
1022 846 232 61 Temps
1196 846 290 61 passé,
1428 846 174 61 donné
1524 846 58 61 à

167 891 115 66 la
224 891 173 66 Cour.
340 891 154 66 Ant.
436 891 96 66 1
474 891 115 66 p.
532 891 173 66 in-4.
647 891 96 66 —
685 891 115 66 2°
743 891 115 66 L.
801 891 154 66 aut.
897 891 173 66 sig.,
1012 891 96 66 à
1050 891 115 66 M.
1108 891 173 66 Le
1223 891 211 66 Kin
1358 891 211 66 (Lekain),

168 949 263 59 comédien
366 949 132 59 du
431 949 176 59 roi,
541 949 198 59 place
673 949 373 59 Saint-Michel,
980 949 110 59 à
1024 949 220 59 Paris.
1178 949 132 59 Ce
1244 949 285 59 vendredi.
1463 949 110 59 1
1485 949 88 59 p.

154 990 217 71 pl.
278 990 248 71 in-4
433 990 403 71 (quelques
743 990 372 71 taches).
1021 990 496 71 Rare
1424 990 186 71 15
1486 990 93 71 »

214 1037 180 68 Elle
326 1037 269 68 s’excuse
528 1037 247 68 d’avoir
707 1037 157 68 dit
797 1037 112 68 à
842 1037 337 68 l’assemblée
1112 1037 247 68 qu’elle
1291 1037 269 68 n’aimait
1471 1037 112 68 pas

168 1068 179 68 Mlle
257 1068 201 68 Dubois.

116 1111 196 76 5448.
247 1111 196 76 Du
378 1111 327 76 Fresne,
639 1111 262 76 ministre
836 1111 153 76 des
923 1111 283 76 finances.
1141 1111 131 76 L.
1206 1111 174 76 aut.
1315 1111 174 76 sig.
1403 1111 174 76 Paris,

151 1180 209 64 28
256 1180 244 64 mai
395 1180 314 64 1781.
605 1180 174 64 2
674 1180 209 64 p.
779 1180 244 64 pl.
918 1180 209 64 et
1023 1180 314 64 demie
1232 1180 314 64 in-4.
1442 1180 174 64 3
1476 1180 105 64 »

213 1219 276 63 Curieuse.
425 1219 127 63 Il
488 1219 106 63 y
531 1219 148 63 est
616 1219 254 63 question
807 1219 127 63 de
870 1219 127 63 la
934 1219 254 63 retraite
1125 1219 127 63 de
1167 1219 191 63 Necker.

124 1251 176 80 5449.
242 1251 176 80 Du
359 1251 235 80 Pont
535 1251 137 80 (de
613 1251 391 80 Nemours),
945 1251 293 80 économiste,
1180 1251 195 80 membre
1317 1251 117 80 du
1356 1251 215 80 gouverne-

166 1325 169 59 ment
271 1325 295 59 provisoire
504 1325 127 59 de
567 1325 190 59 1814.
694 1325 127 59 L.
757 1325 169 59 aut.
862 1325 190 59 sig.,
989 1325 127 59 au
1052 1325 253 59 ministre
1242 1325 232 59 Cretet.
1411 1325 127 59 16
1453 1325 127 59 août

115 1367 599 74 1808.
515 1367 333 74 2
648 1367 399 74 p.
848 1367 599 74 in-4.
1247 1367 333 74 2
1314 1367 266 74 50

215 1389 118 75 Au
274 1389 177 75 sujet
393 1389 118 75 de
452 1389 118 75 sa
511 1389 276 75 nomination
727 1389 177 75 comme
845 1389 591 75 sous-bibliothécaire
1377 1389 98 75 à
1397 1389 177 75 l’arse-

173 1464 173 54 nal.
282 1464 130 54 M.
347 1464 282 54 Ventenat,
563 1464 411 54 bibliothécaire,
910 1464 217 54 venant
1061 1464 130 54 de
1126 1464 238 54 mourir,
1299 1464 130 54 il
1364 1464 238 54 demande
1516 1464 65 54 à

169 1510 144 52 lui
252 1510 267 52 succéder.
437 1510 185 52 Motifs.

123 1553 171 73 5450.
237 1553 171 73 Du
351 1553 246 73 Port,
540 1553 228 73 ministre
711 1553 114 73 de
768 1553 114 73 la
825 1553 228 73 justice.
995 1553 114 73 L.
1052 1553 171 73 sig.,
1166 1553 152 73 avec
1261 1553 114 73 un
1299 1553 284 73 post

169 1609 129 47 de
234 1609 151 47 dix
320 1609 215 47 lignes
471 1609 194 47 aut.,
600 1609 108 47 à
643 1609 129 47 M.
708 1609 129 47 de
773 1609 259 47 Lessart.
967 1609 215 47 Paris,
1118 1609 108 47 6
1161 1609 151 47 mai
1247 1609 194 47 1791.
1376 1609 108 47 1
1419 1609 129 47 p.
1462 1609 108 47 in-

32 1653 1236 67 fol.
805 1653 927 67 5.
1114 1653 464 67 »

212 1692 137 62 Au
281 1692 206 62 sujet
418 1692 160 62 des
509 1692 366 62 déprédations
807 1692 160 62 qui
898 1692 137 62 se
967 1692 320 62 commettent
1218 1692 183 62 dans
1332 1692 137 62 le
1401 1692 183 62 parc
1493 1692 91 62 et

168 1751 174 54 dans
277 1751 152 54 les
364 1751 174 54 bois
472 1751 304 54 dépendants
711 1751 130 54 du
776 1751 239 54 château
950 1751 130 54 de
1015 1751 282 54 Chambord.
1232 1751 130 54 Il
1297 1751 174 54 faut
1384 1751 195 54 prendre

165 1792 159 66 les
256 1792 250 66 mesures
438 1792 159 66 les
529 1792 182 66 plus
642 1792 341 66 vigoureuses
915 1792 182 66 pour
1029 1792 250 66 arrêter
1210 1792 136 66 le
1279 1792 250 66 progrès
1438 1792 136 66 d’un

170 1852 147 50 mal
254 1852 147 50 qui
338 1852 231 50 devient
506 1852 252 50 général,
696 1852 189 50 aussi
822 1852 294 50 effrayant,
1053 1852 147 50 qui
1137 1852 126 50 va
1200 1852 273 50 croissant
1411 1852 126 50 de
1453 1852 126 50 jour

163 1889 133 52 en
229 1889 200 52 jour,
363 1889 111 52 «
407 1889 133 52 et
474 1889 178 52 nous
585 1889 222 52 sommes
741 1889 244 52 menacés
918 1889 133 52 de
985 1889 133 52 la
1052 1889 356 52 dépopulation
1341 1889 244 52 totale,
1496 1889 89 52 et

174 1939 145 52 «de
257 1939 124 52 la
319 1939 270 52 privation
527 1939 228 52 absolue
693 1939 124 52 du
755 1939 249 52 bois....
921 1939 62 52 »

118 1973 187 76 5451.
243 1973 353 76 Dupuch
533 1973 208 76 (Ed.),
679 1973 145 76 1er
762 1973 208 76 évêque
907 1973 249 76 d’Alger.
1094 1973 125 76 L.
1156 1973 166 76 aut.
1260 1973 187 76 sig.,
1384 1973 104 76 à
1405 1973 166 76 Mgr...

148 2030 398 68 Paris,
427 2030 239 68 27
546 2030 318 68 août
745 2030 358 68 1838.
983 2030 199 68 2
1063 2030 239 68 p.
1182 2030 358 68 in-4.
1421 2030 199 68 3
1461 2030 119 68 »

217 2065 128 74 Au
281 2065 192 74 sujet
408 2065 128 74 de
472 2065 128 74 sa
536 2065 298 74 nomination
771 2065 107 74 à
813 2065 256 74 l’évêché
984 2065 213 74 d’Alger.

122 2125 183 62 3452.
244 2125 387 62 Duvivier
570 2125 224 62 général
733 2125 122 62 de
794 2125 224 62 l’armée
957 2125 285 62 d’Afrique,
1181 2125 143 62 tué
1262 2125 163 62 dans
1364 2125 143 62 les
1425 2125 143 62 jour-

166 2173 173 58 nées
274 2173 130 58 de
339 2173 173 58 juin
447 2173 194 58 1848.
577 2173 130 58 L.
641 2173 130 58 a.
706 2173 151 58 s.,
793 2173 108 58 à
836 2173 130 58 M.
901 2173 238 58 Abadie,
1073 2173 194 58 major
1203 2173 151 58 des
1289 2173 259 58 zouaves.
1462 2173 108 58 Hô-

176 2229 208 54 pital
315 2229 139 54 de
384 2229 254 54 Douira,
569 2229 139 54 15
638 2229 185 54 nov.
754 2229 208 54 1839.
893 2229 116 54 3
939 2229 139 54 p.
1008 2229 301 54 in-folio.
1239 2229 301 54 Curieuse.
1471 2229 116 54 6
1494 2229 69 54 »

124 2269 181 60 5453.
244 2269 362 60 Estrées
546 2269 281 60 (Gabrielle
767 2269 161 60 d’),
867 2269 241 60 duchesse
1048 2269 121 60 de
1108 2269 261 60 Beaufort,
1309 2269 261 60 maîtresse
1490 2269 80 60 de

165 2325 188 48 Henri
291 2325 146 48 II.
374 2325 293 48 Obligation
604 2325 272 48 notariée,
814 2325 167 48 deux
918 2325 167 48 fois
1023 2325 230 48 signée,
1190 2325 146 48 par
1274 2325 251 48 laquelle
1441 2325 126 48 elle

166 2364 272 52 confesse
370 2364 136 52 et
438 2364 272 52 déclare,
642 2364 158 52 que
732 2364 249 52 combien
913 2364 158 52 que
1004 2364 362 52 cejourd’hui,
1298 2364 136 52 M.
1344 2364 226 52 l’évêque

172 2413 131 60 de
238 2413 305 60 Maillezais
477 2413 152 60 ait
564 2413 218 60 fourni
717 2413 131 60 sa
782 2413 283 60 quittance
1000 2413 109 60 à
1043 2413 131 60 la
1109 2413 261 60 décharge
1305 2413 131 60 de
1370 2413 131 60 M.
1414 2413 152 60 Fran-

173 2458 170 70 çois
279 2458 191 70 Rémy,
406 2458 297 70 conseiller
640 2458 127 70 du
704 2458 149 70 roi
789 2458 127 70 et
853 2458 276 70 trésorier
1065 2458 234 70 général
1235 2458 127 70 de
1299 2458 149 70 ses
1363 2458 212 70 finances

170 2503 128 64 et
234 2503 256 64 gabelles
426 2503 128 64 en
490 2503 299 64 Languedoc,
725 2503 128 64 de
789 2503 128 64 la
853 2503 192 64 somme
981 2503 128 64 de
1045 2503 171 64 huit
1152 2503 192 64 mille
1280 2503 192 64 écus,
1387 2503 192 64 faisant

169 2561 214 52 moitié
318 2561 128 52 de
382 2561 128 52 la
446 2561 192 52 somme
575 2561 128 52 de
639 2561 192 52 seize
767 2561 192 52 mille
895 2561 192 52 écus,
1023 2561 128 52 de
1088 2561 256 52 laquelle
1280 2561 299 52 ci-devant,
1494 2561 85 52 et

173 2598 151 65 dès
260 2598 129 65 le
324 2598 237 65 dernier
497 2598 173 65 jour
605 2598 129 65 de
670 2598 259 65 décembre
864 2598 194 65 1595,
993 2598 194 65 avait
1123 2598 151 65 été
1209 2598 173 65 fait
1317 2598 173 65 prêt
1425 2598 129 65 au
1468 2598 108 65 roi

168 2653 175 56 sous
278 2653 131 56 le
343 2653 153 56 nom
431 2653 197 56 dudit
562 2653 197 56 sieur
693 2653 131 56 de
759 2653 328 56 Maillezais,
1022 2653 175 56 pour
1131 2653 263 56 employer
1328 2653 109 56 à
1372 2653 153 56 ses
1438 2653 131 56 plus

168 2692 260 76 pressées
363 2692 130 76 et
428 2692 325 76 importantes
688 2692 260 76 affaires
883 2692 130 76 de
948 2692 130 76 la
1013 2692 303 76 France....
1251 2692 173 76 Elle
1359 2692 217 76 promet
1489 2692 87 76 la

170 2742 264 74 garantie
368 2742 132 74 de
434 2742 220 74 ladite
587 2742 198 74 somme
719 2742 132 74 et
785 2742 220 74 oblige
939 2742 176 74 tous
1049 2742 154 74 ses
1137 2742 198 74 biens
1268 2742 264 74 présents
1466 2742 132 74 et
1510 2742 66 74 à
