5866 9075
2668 667 3279 787 —9—
1362 896 1560 974 d'un
1632 896 1972 970 nomme
2046 890 2380 993 lluard,
2440 893 2584 993 qui
2648 899 2778 969 esl
2828 911 2936 969 au
3006 899 3384 973 moment
3428 891 3692 970 d’élrc
3758 884 4196 992 poursuivi
4252 886 4592 964 comme
4644 886 4894 968 déser

1374 1006 1590 1092 leur,
1630 1004 1800 1074 etc.
1838 992 2166 1072 Détails
2202 992 2248 1072 à
2288 1015 2388 1073 ce
2426 997 2680 1097 sujet.

1070 1170 1260 1278 51.
1354 1160 2182 1272 BOUILLON
2262 1163 3218 1299 (Emm.-Théod.
3306 1167 3444 1275 de
3552 1167 3652 1273 la
3746 1160 4860 1292 Tour-d’Auvcrgnc
4910 1241 4942 1285 ,

1530 1320 2028 1428 cardinal
2086 1320 2340 1452 de),
2404 1325 2766 1461 grand
2854 1323 3452 1433 aumônier
3512 1319 3652 1426 de
3710 1318 4136 1426 France
4226 1326 4334 1422 et
4388 1314 4948 1424 ambassa¬

1542 1476 1826 1584 deur
1882 1476 1940 1582 à
2016 1472 2422 1583 Rome.
3738 1470 3888 1582 N.
3970 1470 4296 1580 16-44.
4356 1466 4526 1578 M.
4604 1472 4942 1576 1715.

1510 1628 1608 1712 L.
1656 1632 1862 1712 aut.
1920 1620 2096 1736 sig.
2168 1620 2220 1712 à
2294 1627 2426 1717 M.
2510 1629 2598 1715 le
2668 1627 2998 1739 prince
3052 1627 3172 1715 de
3238 1629 3726 1713 Turcnne.
3776 1628 3914 1714 De
3966 1626 4442 1730 Tournus,
4502 1622 4586 1708 le
4640 1622 4690 1704 8
4734 1616 4954 1730 juin

1392 1748 1666 1834 1683.
1714 1750 2032 1834 Lettre
2076 1746 2506 1839 d’amitié
2550 1743 3392 1841 très-affectueuse,
3452 1761 3474 1829 i
3534 1746 3786 1836 belle
3824 1768 4062 1860 page
4100 1744 4338 1834 in-4.
4380 1744 4768 1834 Cachet.

1073 1938 1263 2044 52.
1353 1926 2303 2041 BBEWSTER
2365 1935 2909 2071 (David),
2979 1935 3421 2045 célèbre
3481 1934 4071 2071 physicien
4133 1930 4663 2042 écossais.

1507 2086 1609 2172 L.
1669 2090 1869 2174 aut.
1919 2084 2093 2204 sig.
2153 2084 2333 2204 (en
2393 2083 2857 2203 anglais),
2943 2083 2997 2175 à
3077 2093 3197 2173 M.
3271 2085 3533 2195 Biot,
3589 2081 3707 2174 de
3773 2080 4269 2174 l’Institut.
4329 2078 4953 2189 Edimbourg,

1399 2206 1501 2290 13
1551 2206 1913 2316 juillet,
1985 2210 2263 2306 1815,
2309 2211 2361 2295 2
2409 2233 2691 2323 pages
2735 2211 2997 2299 in-4.

1481 2322 1941 2406 Kelativeà
1987 2346 2143 2404 son
2179 2326 2651 2407 admission
2681 2347 3021 2407 comme
3057 2323 3443 2405 membre
3473 2324 3811 2404 associé
3839 2322 3943 2402 de
3979 2318 4393 2400 l’Institut
4433 2320 4537 2398 de
4583 2320 4951 2398 France.

1085 2526 1269 2634 53.
1363 2518 2943 2655 BRILLAT-SAVARUV,
3005 2525 3421 2661 député
3459 2553 3671 2638 aux
3715 2526 3987 2632 états
4025 2522 4641 2654 généraux,
4687 2544 4957 2622 con¬

1535 2676 1915 2788 seiller
1971 2682 2029 2786 à
2091 2680 2193 2788 la
2247 2678 2543 2789 Cour
2601 2681 2739 2787 de
2801 2687 3349 2789 cassation
3411 2689 3517 2789 et
3573 2688 3971 2786 auteur
4041 2678 4181 2784 de
4251 2662 4349 2782 la
4445 2662 4957 2812 Physio¬

1547 2822 1877 2976 logie
1927 2824 2095 2940 du
2147 2855 2479 3000 goût.
3733 2830 3877 2940 N.
3963 2832 4297 2938 1755.
4363 2824 4531 2934 M.
4617 2824 4945 2932 1826.

1517 2986 1615 3070 L.
1673 2990 1873 3072 aut.
1939 2984 2117 3096 sig.
2171 2978 2223 3070 à
2277 2988 2405 3073 M.
2479 2981 2969 3073 Dumolin.
3019 2979 3315 3085 Paris,
3371 2983 3481 3067 28
3529 2980 3891 3093 juillet.
3951 2982 4001 3066 3
4071 3000 4353 3094 pages
4401 2976 4653 3066 in-4.

1489 3094 1557 3176 Il
1601 3098 1831 3178 vient
1867 3096 1969 3178 de
2009 3098 2083 3176 la
2117 3120 2357 3213 cour,
2409 3109 2495 3179 et
2545 3101 2659 3181 lui
2697 3101 2981 3181 donne
3021 3097 3145 3179 les
3195 3095 3637 3180 nouvelles
3673 3098 3877 3200 qu'il
3923 3122 4023 3176 en
4055 3120 4099 3176 a
4135 3096 4525 3200 apprises
4563 3092 4959 3172 relative¬

1388 3208 1623 3276 ment
1668 3220 1779 3278 au
1818 3196 2157 3280 concile
2200 3208 2287 3280 et
2320 3199 2367 3279 à
2426 3199 2503 3281 la
2562 3201 2963 3303 question
3010 3199 3161 3281 des
3218 3199 3757 3280 institutions
3812 3200 4349 3298 canoniques
4394 3194 4545 3274 des
4582 3194 4957 3292 évéques

1390 3306 1476 3374 et
1532 3300 1684 3378 des
1742 3298 2256 3392 cardinaux,
2300 3323 2468 3401 que
2522 3299 2690 3379 l’on
2746 3301 2926 3379 doit
2960 3309 3430 3381 soumettre
3466 3321 3576 3377 au
3618 3322 3860 3400 pape.
3918 3298 3992 3378 Il
4050 3298 4164 3376 lui
4224 3294 4456 3400 parle
4490 3296 4604 3370 du
4660 3290 4960 3392 départ

1390 3396 1644 3476 d'une
1698 3400 1982 3478 armée
2032 3398 2136 3478 de
2194 3411 2612 3500 quarante
2662 3401 2894 3481 mille
2952 3401 3340 3479 hommes
3396 3421 3614 3513 pour
3666 3398 4032 3498 Naples,
4068 3394 4626 3476 commandée
4686 3412 4838 3492 par
4882 3388 4960 3467 le

1390 3496 1818 3578 maréchal
1856 3500 2316 3601 Pérignon,
2352 3513 2438 3581 et
2472 3501 2844 3581 d’autres
2882 3499 3188 3581 détails
3246 3497 3712 3601 politiques
3764 3500 3930 3580 fort
3970 3500 4560 3578 intéressants.

1094 3670 1282 3784 54.
1376 3668 3476 3783 BRUNSWICK-LUNEBOURG
3580 3679 3618 3812 (
3658 3672 4968 3786 Charles-Guillaume-

1564 3822 2258 3960 Ferdinand,
2322 3829 2540 3937 duc
2610 3831 2868 3961 de).
3520 3825 3674 3940 N.
3748 3836 4102 3956 1735,
4166 3828 4352 3936 tué
4418 3854 4552 3932 en
4626 3820 4958 3930 1806.

1534 3980 1630 4064 L.
1692 3986 1892 4068 aut.
1938 3980 2114 4094 sig.
2176 3976 2350 4098 (en
2406 3977 3004 4095 allemand),
3058 3977 3112 4071 à
3156 3981 3342 4071 Son
3404 3981 3772 4070 Altesse
3822 3982 3910 4068 le
3958 3978 4444 4090 prince....
4504 3972 4800 4062 Datée
4854 3970 4972 4061 de

1404 4100 1844 4206 Breslau,
1894 4102 1982 4192 le
2032 4106 2142 4190 27
2190 4102 2698 4197 décembre
2748 4107 3014 4191 1801.
3078 4109 3110 4187 1
3164 4103 3414 4193 belle
3462 4125 3700 4218 page
3746 4102 4000 4190 in-4.

1102 4286 1292 4400 55.
1378 4284 2074 4396 CABANIS
2136 4293 3598 4434 (Jean-Pierre-George),
3666 4294 4242 4428 médecin,
4308 4292 4980 4430 philosophe

1565 4454 1676 4552 et
1725 4446 2386 4555 littérateur.
3767 4446 3910 4558 N.
3995 4446 4324 4558 1737.
4389 4444 4554 4554 M.
4633 4448 4968 4552 1808.

1535 4600 1643 4684 L.
1713 4604 1915 4684 aut.
1981 4594 2157 4710 sig.
2243 4620 2367 4685 au
2443 4597 2811 4707 citoyen
2895 4595 3241 4687 Lucien
3329 4601 3901 4712 Bonaparte.
3991 4598 4425 4708 Autcuil,
4497 4600 4597 4684 17
4655 4592 4973 4682 floréal

1415 4736 1537 4800 an
1599 4740 1727 4806 xi.
1783 4720 1811 4800 1
1877 4740 2111 4830 page
2165 4716 2401 4827 in-4,
2467 4743 2701 4809 avec
2765 4721 3227 4831 vignette.

1507 4830 1575 4908 Il
1619 4830 1733 4912 lui
1775 4836 2077 4912 envoie
2135 4856 2353 4934 pour
2403 4857 2557 4915 son
2613 4837 3009 4917 discours
3047 4837 3469 4939 quelques
3523 4850 3777 4918 notes
3813 4860 3961 4918 sur
3995 4840 4531 4932 Condorcet,
4565 4844 4649 4916 et
4685 4832 4801 4934 lui
4837 4852 4983 4934 ga¬

1407 4930 1671 5008 rantit
1711 4930 2249 5014 l’exactitude
2305 4935 2455 5015 des
2503 4937 2737 5015 faits.
2797 4939 2959 5017 Les
3007 4939 3497 5039 jugements
3535 4940 3823 5037 portés
3863 4960 4011 5018 sur
4059 4938 4181 5018 les
4227 4958 4643 5038 ouvrages
4679 4934 4783 5014 de
4843 4943 4983 5012 cet

1397 5030 1733 5110 homme
1779 5032 2119 5114 célèbre
2159 5034 2271 5116 lui
2313 5047 2465 5115 ont
2505 5059 2715 5141 paru
2753 5037 3383 5135 raisonnables,
3419 5047 3589 5117 etc.

1109 5200 1295 5308 56.
1391 5198 2003 5310 CALVIN
2065 5212 2097 5346 (
2135 5206 2505 5345 Jean),
2543 5209 2985 5319 célèbre
3045 5209 3813 5318 réformateur.
3855 5210 3999 5322 N.
4045 5218 4375 5322 1509.
4421 5210 4589 5322 M.
4643 5208 4985 5321 1564.

1545 5354 1643 5442 L.
1679 5360 1885 5444 aut.
1917 5356 2091 5470 sig.
2131 5380 2247 5446 en
2297 5359 2531 5447 latin
2583 5353 2679 5449 à.
2727 5417 2797 5451 ..
2853 5359 3375 5449 Décembre
3421 5359 3689 5470 1557,
3737 5386 3929 5452 une
3965 5360 4525 5476 demi-page
4565 5362 4801 5472 petit
4835 5360 4985 5449 in-

1409 5472 1695 5578 folio,
1745 5476 2041 5566 d’une
2101 5476 2523 5590 parfaite
2561 5481 3267 5573 conservation.

1513 5594 1627 5672 La
1681 5616 2105 5694 personne
2165 5597 2371 5698 qu’il
2433 5597 2551 5679 lui
2607 5599 2913 5679 envoie
2949 5599 3075 5677 n’a
3117 5621 3271 5713 pas
3319 5597 3613 5677 besoin
3651 5598 3753 5678 de
3789 5598 4609 5680 recommandation.
4663 5597 4999 5712 Depuis

1419 5692 1893 5794 longtemps
1943 5694 2107 5776 elle
2165 5696 2285 5777 lui
2339 5709 2473 5779 est
2519 5719 2861 5779 connue
2897 5709 2983 5779 et
3019 5699 3131 5777 lui
3167 5723 3211 5779 a
3255 5699 3539 5779 donné
3571 5701 3723 5780 des
3759 5722 4123 5802 preuves
4159 5698 4263 5782 de
4301 5722 4393 5782 sa
4447 5702 4863 5780 modestie
4907 5709 4993 5777 et

1414 5790 1523 5868 de
1558 5812 1649 5870 sa
1690 5792 2040 5894 pieté....
2084 5796 2223 5874 S’il
2268 5818 2319 5877 a
2362 5797 2637 5877 hésité
2682 5799 3161 5899 longtemps
3208 5799 3257 5877 à
3298 5799 3415 5877 lui
3468 5802 3795 5880 conlier
3844 5800 4215 5902 l’emploi
4268 5800 4583 5902 qu’elle
4620 5796 4986 5900 remplit,

1412 5892 1630 5970 c’est
1666 5892 1868 5992 qu'il
1910 5894 2332 5975 attendait
2366 5895 2444 5977 la
2474 5899 2668 5977 voix
2708 5901 3168 5981 intérieure
3198 5899 3300 5979 de
3330 5897 3352 5977 I
3386 5902 3994 6017 Esprit-Saint,
4032 5902 4176 6000 qui
4224 5904 4406 5982 doit
4442 5902 4712 5998 régler
4742 5910 4824 5978 et
4858 5896 4992 5977 di¬

1414 5992 1632 6108 riger
1666 6002 1944 6072 toutes
1988 6014 2126 6072 ses
2162 5997 2558 6077 actions..
2602 6001 2704 6095 .,«
2742 5999 2928 6077 Elle
2966 6021 3012 6077 a
3056 5999 3320 6099 parlé,
3378 6009 3466 6077 et
3512 6002 3654 6099 j’ai
3698 6002 3828 6100 agi
3874 6058 3964 6082 ...
4006 6000 4242 6082 Nous
4296 6004 4756 6084 marchons
4802 6008 4994 6078 tou¬

1416 6112 1732 6192 jours
1794 6112 1900 6170 au
1960 6092 2114 6172 but
2176 6094 2460 6175 désiré
2494 6127 2516 6187 ;
2558 6095 3010 6177 l’Ecriture
3044 6101 3168 6177 ait
3200 6101 3218 6203 :
3260 6101 3454 6203 Que
3512 6121 3876 6182 ceux-la
3946 6126 4202 6180 seuls
4266 6100 4654 6182 régnent
4702 6124 4848 6198 qui
4890 6120 4998 6177 ek

1414 6214 1454 6270 «
1494 6214 1712 6270 sont
1754 6194 2064 6296 dignes
2098 6194 2470 6296 (Isaïe).
2522 6197 2756 6277 Nous
2800 6209 3260 6301 comptons
3296 6200 3836 6297 aujourd’hui
3878 6204 4148 6302 parmi
4196 6222 4356 6280 nos
4392 6200 4800 6304 disciples
4846 6200 5000 6279 des

1416 6314 1456 6392 «
1502 6312 1976 6392 personnes
2010 6294 2120 6372 du
2180 6294 2372 6396 plus
2428 6297 2636 6375 haut
2670 6319 2874 6399 rang
2910 6309 2994 6377 et
3030 6299 3180 6377 des
3218 6309 3570 6377 savants
3608 6300 3718 6380 du
3758 6302 4124 6402 premier
4162 6302 4462 6398 mérite
4492 6326 4512 6404 ;
4562 6324 4730 6404 que
4778 6300 4996 6378 Dieu

1420 6412 1458 6470 «
1498 6412 1602 6470 en
1646 6392 1816 6472 soit
1850 6392 2082 6490 béni,
2122 6406 2298 6477 etc.
2334 6431 2378 6467 »>
2416 6397 2552 6475 On
2590 6419 2634 6499 y
2670 6419 2716 6477 a
2748 6401 2976 6499 joint
3014 6397 3092 6477 la
3136 6399 3646 6479 traduction.

1126 6558 1314 6662 57.
1404 6550 2098 6664 CAMPAN
2160 6560 2654 6690 (Jeanne
2710 6563 3152 6697 Genet,
3216 6567 3646 6694 dame),
3718 6568 4314 6678 directrice
4372 6572 4510 6678 de
4568 6572 4670 6678 la
4722 6575 4998 6679 mai¬

1586 6738 1790 6816 son
1858 6712 2448 6850 impériale
2526 6683 3148 6827 d’Écouen.
3810 6720 3960 6832 N.
4034 6726 4364 6830 1752.
4426 6722 4594 6834 M.
4670 6726 4998 6833 1822.

1560 6862 1660 6948 L.
1716 6870 1908 6948 aut.
1970 6864 2150 6978 sig.
2232 6862 2284 6957 à
2356 6873 2482 6955 M.
2544 6871 2776 6959 Boin
2832 6869 2952 6959 de
2996 6869 3498 6961 l’Institut.
3550 6849 3970 6974 Écouen,
4024 6874 4076 6962 5
4134 6876 4660 6966 novembre
4738 6874 5002 6965 1808.

1434 6984 1482 7092 3
1542 6982 2128 7094 pagesin-4.

1523 7100 1910 7180 Relative
1943 7100 1992 7180 à
2029 7100 2332 7183 l’envoi
2369 7105 2520 7205 par
2559 7105 2636 7183 le
2667 7107 2972 7189 Jardin
3009 7111 3162 7189 des
3197 7107 3538 7189 Plantes
3577 7109 3680 7190 de
3715 7108 4100 7196 diverses
4127 7112 4462 7216 plantes
4499 7124 4582 7192 et
4615 7110 5018 7197 arbustes

1427 7212 1809 7302 pouvant
1855 7204 2125 7280 servir
2193 7204 2237 7278 ;ï
2307 7203 2821 7285 l'éducation
2867 7207 2969 7287 de
3029 7229 3165 7287 ses
3207 7207 3545 7302 élèves,
3597 7232 3699 7290 en
3767 7210 3949 7290 leur
3997 7214 4307 7294 faisant
4381 7218 4825 7292 connaître
4891 7214 5009 7295 les

1433 7302 1705 7396 noms,
1749 7302 1867 7404 les
1913 7302 2285 7404 qualités
2333 7303 2409 7383 et
2457 7303 2529 7405 la
2575 7307 3007 7407 propriété
3037 7309 3139 7387 de
3179 7329 3323 7389 ces
3365 7309 3803 7406 arbustes,
3845 7326 4011 7392 etc.
