5866 9016
2633 576 3280 708 —13—
1027 822 1209 927 83.
1305 811 2059 923 COLBERT
2145 813 3161 952 (Jean-Baptisle),
3261 815 3773 928 ministre
3869 817 4007 925 de
4091 813 4429 928 Louis
4517 816 4853 945 XIV,

1485 972 1989 1078 membre
2043 970 2183 1075 de
2253 967 2931 1076 l'Académie
2967 971 3551 1103 française.
3685 968 3827 1078 N.
3901 973 4227 1079 1619.
4289 970 4453 1080 M.
4531 978 4853 1085 1683.

1456 1123 1556 1203 L.
1618 1128 1820 1208 aut.
1870 1122 2044 1230 sig.
2106 1115 2157 1205 à
2220 1127 2338 1205 M.
2404 1121 2523 1206 I.e
2598 1120 2840 1206 Brel.
2894 1124 3030 1209 I)e
3106 1121 3548 1228 Sceaux,
3616 1122 3717 1206 12
3770 1123 4146 1211 octobre
4244 1124 4504 1210 IG8I.
4574 1122 4882 1213 demi-

1326 1263 1562 1349 page
1618 1240 1716 1328 in
1766 1242 1856 1328 4.

1434 1355 1502 1431 Il
1562 1355 1678 1436 lui
1724 1358 2010 1434 donne
2050 1353 2296 1431 ordre
2336 1353 2440 1431 de
2476 1352 2810 1432 vérifier
2858 1352 2980 1432 les
3030 1353 3214 1433 bois
3256 1357 3402 1455 qui
3446 1358 4094 1458 appartiennent
4138 1379 4240 1435 au
4286 1355 4448 1436 duc
4486 1360 4590 1436 de
4644 1360 4878 1439 Mor-

1324 1463 1674 1558 lemarl,
1710 1478 1814 1534 en
1854 1453 2290 1532 Limousin
2330 1463 2412 1531 et
2448 1474 2548 1530 en
2588 1452 2934 1538 Poitou,
2970 1463 3136 1533 etc.

1033 1612 1217 1719 84.
1309 1604 2027 1717 COLIGYY
2087 1608 2653 1745 (Gaspard
2713 1608 2961 1730 de),
3027 1607 3383 1727 seign.
3441 1612 3577 1714 de
3623 1606 4299 1738 Chaslillon,
4349 1616 4855 1725 l’amiral.

2875 1756 3023 1869 N.
3101 1767 3431 1867 1517.
3507 1756 3673 1868 M.
3743 1771 4281 1873 assassiné
4325 1798 4463 1874 en
4535 1774 4865 1877 1572.

1467 1909 1955 2000 Précieuse
1987 1912 2265 1999 lellrc
2311 1905 2741 1996 adressée
2787 1930 2903 1994 au
2957 1917 3261 1997 comte
3315 1909 3433 1996 de
3483 1910 4009 2026 Rcingeau,
4067 1913 4343 2004 datée
4401 1916 4519 2004 de
4571 1922 4867 2019 Caen,

1352 2035 1455 2115 16
1512 2056 1756 2120 mars
1826 2032 2090 2118 1562.
2150 2039 2174 2113 1
2234 2053 2468 2139 page
2514 2026 2880 2118 in-folio
2956 2053 3182 2119 avec
3214 2031 3576 2122 cachet.

1428 2153 1558 2225 On
1602 2170 1648 2248 y
1688 2167 2136 2264 remarque
2178 2147 2254 2223 le
2292 2164 2642 2247 passage
2676 2146 3064 2231 suivant,
3104 2145 3318 2223 écrit
3354 2148 3910 2225 entièrement
3942 2149 4046 2225 de
4082 2147 4160 2227 la
4204 2152 4424 2228 main
4468 2148 4572 2228 de
4612 2148 4876 2231 l’ami¬

1336 2247 1452 2337 ral
1484 2269 1504 2337 ,
1550 2258 1634 2326 et
1676 2246 1908 2346 signé
1942 2246 2082 2344 (le
2124 2254 2860 2323 commencement
2894 2246 2998 2323 de
3046 2243 3120 2321 la
3174 2245 3416 2324 lettre
3450 2246 3686 2326 étant
3716 2242 3914 2327 d’un
3958 2250 4414 2326 secrétaire
4442 2254 4498 2328 ï.
4550 2252 4590 2328 «
4630 2250 4700 2328 Il
4746 2275 4878 2329 me

1330 2367 1370 2423 .«
1410 2344 1736 2424 samble
1770 2366 1936 2444 que
1974 2363 2184 2423 \ous
2246 2365 2350 2421 ne
2412 2344 2796 2420 scauries
2858 2343 3168 2421 mieulx
3230 2343 3444 2422 faire
3484 2366 3652 2444 que
3692 2346 3796 2422 de
3834 2366 4048 2423 vous
4098 2349 4590 2426 acheminer
4622 2348 4666 2426 à
4708 2352 4876 2429 Or-

1329 2443 1368 2521 ..
1409 2443 1677 2538 leaus,
1719 2466 1828 2522 ou
1871 2442 2196 2545 iesperc
2231 2463 2398 2541 que
2433 2443 2668 2520 iaure
2709 2442 2784 2520 le
2819 2443 3094 2521 moien
3129 2443 3232 2519 de
3269 2465 3478 2524 vous
3519 2444 3781 2534 venir,
3829 2457 3912 2523 et
3951 2465 4048 2523 ce
4085 2447 4458 2547 pendant
4489 2468 4884 2529 asseures

1333 2567 1371 2621 «
1417 2565 1629 2622 vous
1665 2542 1841 2640 quil
1885 2564 1987 2618 ne
2037 2543 2361 2619 tiendra
2415 2540 2651 2641 point
2689 2562 2789 2616 en
2843 2562 3035 2641 moy
3081 2563 3247 2639 que
3281 2563 3505 2620 nous
3541 2564 3873 2640 nayons
3911 2565 4075 2623 une
4115 2551 4349 2645 paix,
4395 2550 4607 2626 mais
4651 2550 4719 2626 si
4765 2569 4873 2627 on

1333 2677 1371 2711 «
1409 2643 1485 2719 la
1535 2642 1771 2743 peult
1809 2638 2015 2720 faire
2049 2661 2423 2739 aveques
2463 2639 2583 2716 les
2619 2638 2965 2718 articles
3003 2659 3169 2739 que
3209 2639 3341 2737 iay
3383 2662 3623 2732 veus,
3691 2642 3853 2719 l’on
3907 2665 4011 2719 ne
4067 2655 4267 2743 peut
4321 2664 4663 2746 esperer
4715 2670 4883 2763 que

1331 2765 1369 2841 «
1411 2741 1603 2841 plus
1639 2762 1887 2836 grans
1935 2739 2317 2819 troubles
2355 2759 2455 2815 en
2503 2758 2603 2816 ce
2639 2736 3079 2836 royaulme
3115 2759 3281 2837 que
3309 2741 3617 2838 jamais
3649 2760 3671 2838 ;
3721 2760 3869 2817 car
3903 2745 4109 2821 c’est
4151 2755 4337 2842 trop
4375 2748 4637 2844 grand
4679 2747 4883 2848 pitié

1331 2863 1371 2937 «
1410 2861 1577 2937 que
1611 2838 1715 2916 de
1755 2838 2067 2918 limiter
2101 2839 2389 2935 ainssy
2421 2838 2795 2916 certains
2839 2838 3059 2915 lieux
3127 2859 3339 2937 pour
3397 2838 3743 2916 servira
3785 2841 4051 2927 Dieu,
4115 2864 4449 2923 comme
4499 2844 4599 2922 sil
4653 2845 4757 2923 ne
4805 2845 4881 2925 le

1336 2961 1374 3015 «
1420 2938 1746 3016 vouloil
1784 2950 2008 3016 esire
2042 2959 2148 3017 eu
2194 2949 2384 3017 tous
2420 2936 2886 3014 endroicis.
2930 2968 2968 3005 »

1042 3094 1222 3201 85.
1314 3080 2054 3231 COIVCIIVI^
2148 3087 2308 3193 dit
2432 3087 2532 3193 le
2662 3084 3220 3195 maréchal
3334 3089 3404 3194 d
3418 3080 3936 3223 'Ancre,
4038 3092 4578 3198 assassiné
4682 3124 4878 3229 par

1494 3240 1824 3346 ordre
1862 3238 2006 3344 du
2060 3239 2224 3345 roi
2280 3236 3000 3373 LouisXIII,
3058 3269 3194 3347 en
3270 3243 3596 3352 1617.

1465 3393 1581 3477 Sa
1621 3388 1839 3498 sig.,
1887 3390 1939 3470 2
1981 3387 2381 3494 grandes
2437 3385 2593 3498 lig.
2671 3396 2763 3476 et
2819 3388 2907 3474 le
2943 3387 3555 3497 compliment
3599 3396 3795 3476 aut.
3853 3409 3971 3477 au
4025 3389 4189 3475 bas
4237 3387 4523 3478 d’une
4571 3392 4881 3503 lettre,

1335 3507 1385 3597 à
1429 3513 1551 3601 M.
1609 3508 2035 3620 l’évêque
2089 3509 2207 3597 de
2261 3507 2611 3615 Luçon.
2689 3505 3305 3622 (Richelieu.)
3361 3511 3509 3596 Du
3571 3512 3799 3598 Pont
3851 3509 3969 3595 de
4011 3511 4417 3620 Larché,
4487 3518 4589 3598 13
4637 3540 4881 3605 mars

1355 3637 1617 3720 1617.
1659 3630 1927 3738 Sujet
1973 3627 2461 3717 militaire.
2521 3636 2551 3712 1
2623 3652 2861 3740 page
2927 3627 3345 3717 in-folio.

1044 3792 1228 3895 86.
1318 3756 1853 3895 COYDÉ
1890 3796 1925 3920 (
1956 3789 2287 3893 Louis
2338 3787 2449 3893 11
2494 3788 2633 3892 do
2684 3782 3250 3919 Bourbon,
3308 3792 3693 3923 prince
3742 3790 3877 3921 de
3912 3793 3992 3921 ),
4040 3793 4193 3897 dil
4232 3786 4331 3906 le
4380 3786 4839 3906 Grand
4850 3879 4874 3905 .

3674 3938 3816 4050 N.
3900 3947 4226 4055 1621.
4298 3944 4458 4052 M.
4546 3948 4874 4059 1686.

1474 4093 1570 4177 L.
1638 4098 1838 4178 aul.
1902 4086 2116 4199 sig..
2192 4085 2244 4175 à
2320 4095 2444 4179 M.
2516 4088 2636 4178 de
2710 4092 3180 4201 Pompone
3230 4115 3240 4179 .
3292 4090 3722 4178 ministre
3788 4093 4290 4183 seerétaire
4350 4070 4694 4186 d’État.
4746 4101 4882 4187 De

1353 4215 1708 4322 Nancy,
1755 4214 1810 4296 6
1855 4206 2214 4299 février
2265 4211 2532 4298 1673.
2587 4214 2642 4298 2
2693 4213 3102 4320 grandes
3149 4233 3428 4321 pages
3487 4212 3730 4298 in—4.

1447 4325 1519 4403 Il
1579 4323 1695 4404 lui
1761 4326 2041 4403 donne
2073 4323 2259 4403 avis
2295 4327 2553 4425 qu’un
2603 4329 3061 4406 secrétaire
3097 4325 3199 4403 de
3241 4325 3905 4406 l’ambassadeur
3947 4325 4459 4430 d’Kspagnc,
4497 4332 4641 4432 qui
4691 4333 4891 4413 s’est

1343 4425 1605 4504 sauvé
1639 4422 2033 4522 d’auprès
2067 4423 2171 4499 de
2207 4443 2363 4501 son
2409 4430 2759 4524 maître,
2795 4426 3027 4506 vient
3063 4447 3167 4503 en
3203 4427 3535 4504 France
3575 4446 3791 4528 pour
3821 4424 3999 4503 dire
4053 4449 4157 4505 au
4203 4432 4321 4508 roi
4363 4430 4511 4508 des
4581 4432 4887 4513 choses

1351 4525 1955 4635 importantes;
2013 4521 2065 4598 il
2107 4543 2151 4599 a
2195 4543 2297 4599 vu
2339 4533 2475 4601 cet
2513 4524 2849 4602 homme
2883 4524 2927 4604 à
2969 4547 3123 4603 son
3191 4546 3541 4625 passage
3597 4536 3681 4604 et
3739 4524 3835 4603 l’a
3905 4527 4345 4630 beaucoup
4385 4538 4873 4623 entretenu;

1355 4621 1567 4697 mais
1623 4620 1675 4698 il
1721 4642 1763 4716 y
1803 4642 1847 4696 a
1885 4620 2035 4698 des
2089 4619 2433 4701 articles
2471 4621 2675 4702 dont
2717 4634 2855 4704 cet
2901 4624 3237 4703 homme
3277 4627 3405 4702 n’a
3467 4644 3617 4722 pas
3681 4621 3939 4701 voulu
4003 4625 4309 4725 parler,
4365 4628 4647 4708 disant
4683 4633 4883 4731 qu’il

1356 4737 1460 4795 ne
1506 4732 1704 4829 peut
1744 4718 1864 4796 les
1896 4720 2074 4798 dire
2112 4719 2364 4841 qu’au
2406 4724 2556 4800 roi.
2604 4724 2671 4800 Il
2716 4720 2831 4800 lui
2870 4744 2916 4800 a
2954 4723 3241 4801 donné
3272 4725 3378 4801 de
3416 4726 3617 4822 quoi
3656 4723 4106 4803 continuer
4142 4747 4232 4803 sa
4270 4738 4514 4806 route
4542 4732 4885 4831 jusqu’à

1352 4817 1636 4910 Paris,
1696 4816 1806 4896 où
1862 4818 1912 4894 il
1972 4838 2076 4897 ne
2114 4815 2294 4897 doit
2338 4841 2486 4919 pas
2532 4820 2818 4900 tarder
2850 4822 2894 4900 à
2932 4825 3282 4901 arriver.
3348 4823 3504 4902 Cet
3562 4824 3940 4909 homme,
3984 4827 4128 4945 qui
4168 4837 4298 4904 est
4348 4826 4878 4927 Napolitain,

1354 4915 1466 4991 lui
1504 4937 1550 4993 a
1590 4918 1846 4994 conté
1900 4914 2072 4996 fort
2130 4919 2786 5000 naturellement
2856 4920 2976 5000 les
3038 4923 3370 4999 raisons
3436 4924 3584 5022 qui
3640 4920 3844 5000 l’ont
3886 4923 4164 5037 obligé
4198 4925 4244 5001 à
4280 4928 4536 5004 sortir
4570 4926 4674 5006 de
4710 4930 4888 5007 Na¬

1344 5011 1572 5113 ples,
1614 5026 1852 5092 entre
1884 5026 2220 5113 autres,
2260 5019 2462 5117 qu’il
2502 5042 2544 5098 a
2590 5020 2750 5100 mis
2788 5018 3000 5099 dans
3038 5043 3148 5099 un
3190 5019 3384 5098 four
3422 5044 3586 5100 une
3624 5018 3792 5098 fille
3828 5020 4034 5101 don',
4076 5017 4126 5099 il
4170 5025 4458 5102 n’était
4490 5048 4642 5124 pas
4680 5046 4892 5106 con¬

1355 5123 1578 5199 tent,
1641 5126 1724 5192 et
1791 5112 1894 5194 l’a
1953 5110 2112 5195 fait
2173 5115 2462 5195 brûler
2515 5120 2622 5196 de
2683 5140 2894 5220 peur
2933 5121 3186 5219 qu’on
3237 5141 3344 5197 ne
3381 5126 3716 5200 trouvât
3771 5142 3926 5198 son
3977 5143 4230 5223 corps
4291 5122 4418 5202 s’il
4483 5126 4684 5204 l'eût
4735 5127 4892 5207 fait

1351 5212 1671 5290 mourir
1735 5212 1985 5292 d’une
2051 5225 2293 5293 autre
2365 5228 2709 5294 mort....
2775 5216 2839 5294 Il
2903 5218 3083 5297 doit
3143 5223 3385 5321 juger
3455 5240 3605 5318 par
3673 5218 3747 5296 là
3817 5240 3983 5319 que
4049 5223 4259 5301 c’est
4319 5244 4429 5300 un
4493 5224 4891 5305 méchant

1353 5311 1733 5390 homme,
1795 5314 2051 5430 qu’on
2121 5335 2225 5389 ne
2283 5313 2463 5393 doit
2521 5336 2669 5416 pas
2725 5314 3019 5396 laisser
3055 5316 3535 5419 approcher
3577 5320 3685 5394 du
3737 5323 3915 5409 roi,
3981 5319 4193 5399 mais
4255 5342 4471 5420 que,
4537 5322 4661 5400 s’il
4703 5348 4745 5403 a
4785 5327 4889 5403 de

1353 5409 1569 5487 bons
1603 5410 1785 5488 avis
1815 5436 1861 5488 a
1899 5412 2255 5511 donner,
2315 5433 2423 5491 on
2489 5428 2689 5518 peut
2755 5414 2877 5494 les
2945 5417 3143 5497 tirer
3199 5417 3299 5495 de
3367 5415 3527 5518 lui,
3567 5426 3651 5496 et
3709 5416 3819 5494 lui
3855 5415 4069 5497 faire
4105 5417 4283 5498 dire
4325 5430 4505 5498 tout
4547 5442 4647 5500 ce
4683 5423 4883 5523 qu’il

1351 5509 1557 5591 sait,
1595 5520 1797 5602 etc.,
1835 5520 2003 5588 etc.

1060 5670 1246 5769 87.
1340 5661 1834 5770 COYTI
1882 5671 2426 5800 (Armand
2476 5671 2610 5778 do
2660 5672 3230 5807 Bourbon,
3286 5676 3670 5811 prince
3712 5672 3848 5805 de
3886 5675 3962 5805 ),
4012 5675 4296 5783 frère
4344 5676 4488 5784 du
4542 5683 4890 5812 grand

1518 5815 1964 5952 Condé,
2072 5821 2516 5957 général
2578 5826 2768 5934 des
2836 5825 3266 5933 armées
3352 5827 3944 5960 françaises
4008 5859 4142 5937 en
4214 5827 4884 5964 Catalogne,

1517 5998 2236 6104 gouverneur
2290 5973 2426 6083 de
2477 5979 2578 6084 la
2635 5978 3164 6086 Guienne
3215 6059 3246 6105 ,
3311 5988 3520 6086 elc.
3695 5976 3844 6088 N.
3925 5983 4250 6089 1629.
4319 5978 4488 6094 M.
4553 5988 4884 6095 1666.

1489 6121 1585 6206 L.
1627 6128 1827 6210 aut.
1869 6120 2087 6230 sig..
2127 6117 2177 6209 à
2223 6129 2347 6211 M.
2393 6125 2511 6214 de
2575 6128 3099 6239 Chavigny.
3153 6129 3449 6234 Paris,
3491 6130 3545 6214 2
3583 6129 4089 6218 novembre
4141 6129 4399 6218 1648.

1457 6235 1529 6311 Il
1581 6233 1657 6314 le
1693 6236 2303 6338 complimente
2341 6261 2489 6320 sur
2527 6264 2615 6320 sa
2657 6244 2917 6322 sortie
2951 6245 3053 6323 de
3091 6243 3411 6345 prison.
3463 6276 3505 6322 «
3553 6300 3677 6324 ....
3713 6244 4063 6322 Comme
4091 6245 4179 6343 je
4223 6246 4529 6345 prends
4571 6248 4761 6348 plus
4797 6251 4897 6331 de

1355 6357 1393 6433 «
1435 6346 1621 6433 part
1655 6358 1821 6436 que
1857 6359 2275 6436 personne
2317 6339 2425 6417 du
2469 6342 2773 6420 monde
2821 6342 2865 6422 à
2911 6352 3187 6421 toutes
3229 6341 3349 6421 les
3385 6342 3689 6424 choses
3723 6343 3867 6442 qui
3909 6367 4115 6423 vous
4153 6346 4605 6440 touchent,
4645 6372 4903 6453 aussy

1357 6457 1397 6531 «
1438 6455 1857 6531 personne
1895 6436 2021 6514 n’a
2066 6439 2259 6539 plus
2297 6439 2401 6517 de
2437 6441 2631 6542 ioye
2668 6462 2833 6542 que
2871 6463 3067 6543 moy
3107 6443 3211 6521 de
3251 6454 3535 6522 vostre
3575 6442 3921 6541 liberté,
3963 6455 4131 6523 etc.
4163 6475 4203 6513 »

1066 6586 1246 6688 88.
1340 6581 1894 6692 COURT
1966 6588 2172 6695 DE
2250 6589 2928 6705 GEBELIY
3004 6597 3660 6735 (Antoine),
3720 6600 4210 6709 écrivain
4272 6612 4376 6708 el
4432 6610 4904 6715 archéo¬

1538 6741 1910 6874 logue.
3726 6748 3874 6861 N.
3940 6759 4268 6863 1725.
4326 6754 4486 6870 M.
4560 6757 4896 6869 1784.

1499 6893 1600 6975 L.
1655 6894 1860 6980 aut.
1909 6890 2128 7003 sig.,
2175 6887 2228 6979 à
2287 6897 2408 6979 M.
2467 6899 2808 6992 Marct,
2867 6897 3380 6989 secrétaire
3443 6901 3926 7012 perpétuel
3977 6903 4094 6993 de
4149 6905 4724 6999 l’Académie
4777 6909 4894 6997 de

1381 7007 1697 7117 Dijon.
1763 7012 1903 7094 Du
1963 7012 2065 7093 19
2115 7021 2343 7121 sept.
2399 7018 2755 7102 1782.2
2805 7019 3211 7130 grandes
3273 7045 3549 7132 pages
3599 7026 3693 7108 in
3755 7022 3843 7111 4.

1469 7125 1799 7206 Détails
1837 7128 2391 7207 intéressants
2435 7128 2761 7208 relatifs
2799 7154 2959 7215 aux
3005 7147 3355 7217 travaux
3395 7138 3495 7218 de
3537 7139 4071 7221 l’Académie.
