5866 8958
1975 987 2513 1107 ORDRE
2601 987 2893 1109 DES
2991 991 3921 1119 VACATIONS.

1211 1701 1811 1821 Première
1875 1707 2505 1821 Vacation.
2621 1797 2643 1819 .
2761 1799 2783 1821 .
2887 1781 3047 1797 —
3137 1709 3731 1827 Mercredi
3813 1721 3949 1827 14
4029 1717 4261 1831 mai
4331 1725 4681 1831 1845.

3121 1905 3307 2019 Du
3381 1927 3509 2019 n°
3593 1925 3627 2019 1
3711 1907 3769 2023 à
3841 1917 4045 2023 94.

1215 2121 1867 2237 Deuxième
1945 2121 2577 2235 Vacation.
2653 2213 2675 2235 .
2769 2213 2791 2235 .
2891 2195 3055 2211 —
3141 2125 3487 2241 Jeudi
3567 2137 3709 2243 15
3777 2129 4053 2241 mai.

3123 2317 3315 2431 Du
3417 2335 3543 2431 n°
3613 2329 3767 2435 95
3837 2319 3895 2433 à
3973 2333 4247 2435 190.

1217 2533 1871 2651 Troisième
1931 2533 2551 2649 Vacation.
2629 2625 2651 2649 .
2741 2627 2761 2649 .
2859 2607 3023 2623 —
3115 2537 3717 2657 Vendredi
3791 2555 3935 2657 16
4023 2543 4307 2657 mai.

3147 2735 3335 2849 Du
3407 2777 3477 2849 n
3491 2757 3535 2795 w
3611 2751 3821 2853 191
3905 2737 3967 2853 à
4045 2749 4323 2853 283.

1223 2951 1931 3113 Quatrième
2021 2951 2643 3069 Vacation.
2755 3047 2777 3067 .
2877 3025 3045 3045 —
3133 2955 3607 3073 Samedi
3713 2973 3853 3077 17
3951 2959 4233 3075 mai.

3119 3140 4309 3280 Du n° 284 à 378.
1191 3833 1263 3931 11
1323 3867 1377 3963 y
1433 3863 1683 3933 aura
1739 3833 2141 3963 chaque
2179 3843 2425 3965 jour
2457 3833 2587 3931 de
2635 3847 2997 3959 vente,
3053 3835 3365 3935 d’une
3423 3839 3743 3939 heure
3797 3841 3851 3937 à
3911 3839 4213 3965 trois,
4271 3841 4851 3967 exposition

1063 3991 1243 4091 des
1299 3991 1641 4121 pièces
1691 3995 1873 4121 qui
1931 4007 2285 4091 seront
2341 3991 2805 4091 vendues
2857 3987 2953 4089 le
2999 3997 3243 4093 soir.

1189 4239 1341 4335 On
1373 4265 1627 4335 aura
1665 4235 1899 4333 huit
1921 4241 2215 4365 jours
2265 4269 2533 4367 pour
2569 4237 2663 4339 la
2711 4237 3347 4339 vérification
3393 4239 3571 4339 des
3621 4239 4011 4369 pièces;
4059 4245 4347 4371 passé
4383 4271 4497 4339 ce
4529 4241 4855 4359 délai,

1059 4423 1467 4493 aucune
1521 4391 2187 4495 réclamation
2243 4423 2377 4493 ne
2427 4423 2653 4497 sera
2705 4393 3135 4495 admise.

1191 4643 1373 4739 Les
1421 4643 2049 4769 acquéreurs
2089 4643 2301 4769 paie
2529 4653 2549 4669 ‘
2905 4639 3085 4669 ™
3555 4639 3695 4741 du
3759 4645 3989 4771 prix
4043 4639 4851 4771 d’adjudication

1059 4799 1683 4931 applicables
1733 4831 1943 4901 aux
1993 4799 2273 4899 frais.

1195 5491 1317 5589 M.
1357 5491 1761 5609 Charon
1797 5561 1825 5609 ,
1883 5483 2255 5611 chargé
3557 5513 3663 5583 es
3711 5485 4425 5585 commissions
4475 5493 4653 5617 qui
4713 5491 4853 5589 lui

1065 5659 1415 5745 seront
1455 5639 2011 5767 adressées.
2055 5639 2085 5767 (
2109 5643 2303 5739 Les
3545 5645 3993 5743 dressées
4037 5643 4337 5773 franc
4371 5647 4489 5743 de
4515 5663 4795 5775 port.
4829 5647 4857 5775 )

1186 5904 4802 5954 N. B. <i>Les vacations commenceront à</i> 7 HEURES TRÈS-PRÉCISES.
1621 7233 1727 7301 ,»P
1789 7211 2375 7289 I.’lMI’IUHIlUK
2429 7231 2535 7287 t»F.
2585 7225 3053 7295 CRAI'KI.ET,
3113 7227 3277 7285 RUE
3331 7227 3435 7283 !>K
3491 7225 4031 7299 VAI'GIRAR»,
4087 7205 4175 7279 s"
4229 7211 4301 7277 9.
