<?xml version="1.0" encoding="UTF-8" standalone="yes"?>
<PcGts xmlns="http://schema.primaresearch.org/PAGE/gts/pagecontent/2013-07-15" xmlns:xsi="http://www.w3.org/2001/XMLSchema-instance" xsi:schemaLocation="http://schema.primaresearch.org/PAGE/gts/pagecontent/2013-07-15 http://schema.primaresearch.org/PAGE/gts/pagecontent/2013-07-15/pagecontent.xsd">
    <Metadata>
        <Creator>Transkribus</Creator>
        <Created>2019-11-28T15:07:43.639+01:00</Created>
        <LastChange>2020-04-05T16:32:23.163+02:00</LastChange>
        <Comments>
                Measurement unit: pixel
                PrimaryLanguage: English
                Language: FrenchStandard
                Producer: Transkribus
            </Comments>
        <TranskribusMetadata docId="361691" pageId="14061571" pageNr="18" tsid="27066175" status="DONE" userId="10612" imgUrl="https://files.transkribus.eu/Get?id=PXIWCGXETGWWDIXPOKSIWXJB&amp;fileType=view" xmlUrl="https://files.transkribus.eu/Get?id=UGMLPJENWZZJAXCMFMHIFMYN" imageId="6554707"/>
    </Metadata>
    <Page imageFilename="1845_05_14_CHA-0018.jpg" imageWidth="5866" imageHeight="9016">
        <PrintSpace>
            <Coords points="0,0 5866,0 5866,9016 0,9016"/>
        </PrintSpace>
        <ReadingOrder>
            <OrderedGroup id="ro_1588107593635" caption="Regions reading order">
                <RegionRefIndexed index="0" regionRef="region_1575736303586_1334"/>
                <RegionRefIndexed index="1" regionRef="r_1_1"/>
                <RegionRefIndexed index="2" regionRef="r_1_2"/>
                <RegionRefIndexed index="3" regionRef="r_1_3"/>
                <RegionRefIndexed index="4" regionRef="r_1_4"/>
                <RegionRefIndexed index="5" regionRef="r_1_5"/>
                <RegionRefIndexed index="6" regionRef="r_1_6"/>
                <RegionRefIndexed index="7" regionRef="r_1_7"/>
                <RegionRefIndexed index="8" regionRef="r_1_8"/>
                <RegionRefIndexed index="9" regionRef="r_1_9"/>
                <RegionRefIndexed index="10" regionRef="r_1_10"/>
                <RegionRefIndexed index="11" regionRef="r_1_11"/>
                <RegionRefIndexed index="12" regionRef="r_1_12"/>
                <RegionRefIndexed index="13" regionRef="r_1_13"/>
                <RegionRefIndexed index="14" regionRef="r_1_14"/>
                <RegionRefIndexed index="15" regionRef="r_1_15"/>
                <RegionRefIndexed index="16" regionRef="r_1_16"/>
                <RegionRefIndexed index="17" regionRef="r_1_17"/>
                <RegionRefIndexed index="18" regionRef="r_1_18"/>
                <RegionRefIndexed index="19" regionRef="r_1_19"/>
                <RegionRefIndexed index="20" regionRef="r_1_20"/>
            </OrderedGroup>
        </ReadingOrder>
        <TextRegion id="region_1575736303586_1334" custom="readingOrder {index:0;}">
            <Coords points="2721,623 2720,740 3305,740 3306,623"/>
            <TextLine id="line_1575736303831_1337" custom="readingOrder {index:0;}">
                <Coords points="2720,624 3305,621 3305,737 2720,740"/>
                <Baseline points="2720,735 3305,732"/>
                <TextEquiv>
                    <Unicode>—7—</Unicode>
                </TextEquiv>
            </TextLine>
            <TextEquiv>
                <Unicode>—7—</Unicode>
            </TextEquiv>
        </TextRegion>
        <TextRegion type="paragraph" id="r_1_1" custom="readingOrder {index:1;}">
            <Coords points="1086,825 4845,825 4845,1006 1086,1006"/>
            <TextLine id="tl_1" primaryLanguage="English" custom="readingOrder {index:0;}">
                <Coords points="1087,826 4844,826 4844,1005 1087,1005"/>
                <Baseline points="1087,993 1276,982 2368,965 2940,982 3368,953 3568,952 4214,932 4430,938 4844,934"/>
                <Word id="w_w2aab1b1b2b1b1ab1" language="English" custom="readingOrder {index:0;}">
                    <Coords points="1087,889 1276,889 1276,993 1087,993"/>
                    <TextEquiv>
                        <Unicode>39.</Unicode>
                    </TextEquiv>
                    <TextStyle fontFamily="Times New Roman" fontSize="13.0" bold="true"/>
                </Word>
                <Word id="w_w2aab1b1b2b1b1ab9" language="English" custom="readingOrder {index:1;}">
                    <Coords points="1367,856 2368,856 2368,982 1367,982"/>
                    <TextEquiv>
                        <Unicode>BONAPARTE</Unicode>
                    </TextEquiv>
                    <TextStyle fontFamily="Times New Roman" fontSize="13.0" bold="true"/>
                </Word>
                <Word id="w_w2aab1b1b2b1b1ac29" language="English" custom="readingOrder {index:2;}">
                    <Coords points="2429,855 2940,855 2940,991 2429,991"/>
                    <TextEquiv>
                        <Unicode>(Louis),</Unicode>
                    </TextEquiv>
                    <TextStyle fontFamily="Times New Roman" fontSize="13.0" bold="true"/>
                </Word>
                <Word id="w_w2aab1b1b2b1b1ac47" language="English" custom="readingOrder {index:3;}">
                    <Coords points="3005,851 3368,851 3368,960 3005,960"/>
                    <TextEquiv>
                        <Unicode>ex-roi</Unicode>
                    </TextEquiv>
                    <TextStyle fontFamily="Times New Roman" fontSize="13.0" bold="true"/>
                </Word>
                <Word id="w_w2aab1b1b2b1b1ac61" language="English" custom="readingOrder {index:4;}">
                    <Coords points="3431,846 3568,846 3568,953 3431,953"/>
                    <TextEquiv>
                        <Unicode>de</Unicode>
                    </TextEquiv>
                    <TextStyle fontFamily="Times New Roman" fontSize="13.0" bold="true"/>
                </Word>
                <Word id="w_w2aab1b1b2b1b1ac67" language="English" custom="readingOrder {index:5;}">
                    <Coords points="3635,835 4214,835 4214,948 3635,948"/>
                    <TextEquiv>
                        <Unicode>Hollande.</Unicode>
                    </TextEquiv>
                    <TextStyle fontFamily="Times New Roman" fontSize="13.0" bold="true"/>
                </Word>
                <Word id="w_w2aab1b1b2b1b1ac87" language="English" custom="readingOrder {index:6;}">
                    <Coords points="4285,830 4430,830 4430,941 4285,941"/>
                    <TextEquiv>
                        <Unicode>N.</Unicode>
                    </TextEquiv>
                    <TextStyle fontFamily="Times New Roman" fontSize="13.0" bold="true"/>
                </Word>
                <Word id="w_w2aab1b1b2b1b1ac93" language="English" custom="readingOrder {index:7;}">
                    <Coords points="4517,832 4844,832 4844,938 4517,938"/>
                    <TextEquiv>
                        <Unicode>1778.</Unicode>
                    </TextEquiv>
                    <TextStyle fontFamily="Times New Roman" fontSize="13.0" bold="true"/>
                </Word>
                <TextEquiv>
                    <Unicode>39. &lt;b&gt;BONAPARTE&lt;/b&gt; (Louis), ex-roi de Hollande. N. 1778.</Unicode>
                </TextEquiv>
                <TextStyle fontFamily="Times New Roman" fontSize="13.0" bold="true"/>
            </TextLine>
            <TextEquiv>
                <Unicode>39. &lt;b&gt;BONAPARTE&lt;/b&gt; (Louis), ex-roi de Hollande. N. 1778.</Unicode>
            </TextEquiv>
        </TextRegion>
        <TextRegion type="paragraph" id="r_1_2" custom="readingOrder {index:2;}">
            <Coords points="1407,976 4926,976 4926,1251 1407,1251"/>
            <TextLine id="tl_2" primaryLanguage="English" custom="readingOrder {index:0;}">
                <Coords points="1520,977 4925,977 4925,1135 1520,1135"/>
                <Baseline points="1521,1115 1621,1112 1863,1107 2095,1103 2261,1100 2791,1088 3269,1085 3331,1104 3813,1077 3967,1075 4091,1074 4505,1069 4807,1064 4925,1085"/>
                <Word id="w_w2aab1b1b2b3b1ab1" language="English" custom="readingOrder {index:0;}">
                    <Coords points="1521,1032 1621,1032 1621,1115 1521,1115"/>
                    <TextEquiv>
                        <Unicode>L.</Unicode>
                    </TextEquiv>
                    <TextStyle fontFamily="Times New Roman" fontSize="11.0" bold="true"/>
                </Word>
                <Word id="w_w2aab1b1b2b3b1ab7" language="English" custom="readingOrder {index:1;}">
                    <Coords points="1665,1026 1863,1026 1863,1109 1665,1109"/>
                    <TextEquiv>
                        <Unicode>aul.</Unicode>
                    </TextEquiv>
                    <TextStyle fontFamily="Times New Roman" fontSize="11.0" bold="true"/>
                </Word>
                <Word id="w_w2aab1b1b2b3b1ac17" language="English" custom="readingOrder {index:2;}">
                    <Coords points="1917,1016 2095,1016 2095,1130 1917,1130"/>
                    <TextEquiv>
                        <Unicode>sig.</Unicode>
                    </TextEquiv>
                    <TextStyle fontFamily="Times New Roman" fontSize="11.0" bold="true"/>
                </Word>
                <Word id="w_w2aab1b1b2b3b1ac27" language="English" custom="readingOrder {index:3;}">
                    <Coords points="2141,1037 2261,1037 2261,1102 2141,1102"/>
                    <TextEquiv>
                        <Unicode>au</Unicode>
                    </TextEquiv>
                    <TextStyle fontFamily="Times New Roman" fontSize="11.0" bold="true"/>
                </Word>
                <Word id="w_w2aab1b1b2b3b1ac33" language="English" custom="readingOrder {index:4;}">
                    <Coords points="2323,1001 2791,1001 2791,1099 2323,1099"/>
                    <TextEquiv>
                        <Unicode>maréchal</Unicode>
                    </TextEquiv>
                    <TextStyle fontFamily="Times New Roman" fontSize="11.0" bold="true"/>
                </Word>
                <Word id="w_w2aab1b1b2b3b1ac51" language="English" custom="readingOrder {index:5;}">
                    <Coords points="2838,999 3269,999 3269,1094 2838,1094"/>
                    <TextEquiv>
                        <Unicode>Berlhier</Unicode>
                    </TextEquiv>
                    <TextStyle fontFamily="Times New Roman" fontSize="11.0" bold="true"/>
                </Word>
                <Word id="w_w2aab1b1b2b3b1ac69" language="English" custom="readingOrder {index:6;}">
                    <Coords points="3309,1066 3331,1066 3331,1104 3309,1104"/>
                    <TextEquiv>
                        <Unicode>,</Unicode>
                    </TextEquiv>
                    <TextStyle fontFamily="Times New Roman" fontSize="11.0" bold="true"/>
                </Word>
                <Word id="w_w2aab1b1b2b3b1ac73" language="English" custom="readingOrder {index:7;}">
                    <Coords points="3386,991 3813,991 3813,1084 3386,1084"/>
                    <TextEquiv>
                        <Unicode>ministre</Unicode>
                    </TextEquiv>
                    <TextStyle fontFamily="Times New Roman" fontSize="11.0" bold="true"/>
                </Word>
                <Word id="w_w2aab1b1b2b3b1ac91" language="English" custom="readingOrder {index:8;}">
                    <Coords points="3846,988 3967,988 3967,1076 3846,1076"/>
                    <TextEquiv>
                        <Unicode>de</Unicode>
                    </TextEquiv>
                    <TextStyle fontFamily="Times New Roman" fontSize="11.0" bold="true"/>
                </Word>
                <Word id="w_w2aab1b1b2b3b1ac97" language="English" custom="readingOrder {index:9;}">
                    <Coords points="4004,986 4091,986 4091,1074 4004,1074"/>
                    <TextEquiv>
                        <Unicode>la</Unicode>
                    </TextEquiv>
                    <TextStyle fontFamily="Times New Roman" fontSize="11.0" bold="true"/>
                </Word>
                <Word id="w_w2aab1b1b2b3b1ad103" language="English" custom="readingOrder {index:10;}">
                    <Coords points="4134,1005 4505,1005 4505,1097 4134,1097"/>
                    <TextEquiv>
                        <Unicode>guerre.</Unicode>
                    </TextEquiv>
                    <TextStyle fontFamily="Times New Roman" fontSize="11.0" bold="true"/>
                </Word>
                <Word id="w_w2aab1b1b2b3b1ad119" language="English" custom="readingOrder {index:11;}">
                    <Coords points="4602,980 4859,980 4859,1085 4602,1085"/>
                    <TextEquiv>
                        <Unicode>Paris</Unicode>
                    </TextEquiv>
                    <TextStyle fontFamily="Times New Roman" fontSize="11.0" bold="true"/>
                </Word>
                <Word id="w_w2aab1b1b2b3b1b1b1" language="English" custom="readingOrder {index:12;}">
                    <Coords points="4903,1047 4925,1047 4925,1085 4903,1085"/>
                    <TextEquiv>
                        <Unicode>,</Unicode>
                    </TextEquiv>
                    <TextStyle fontFamily="Times New Roman" fontSize="11.0" bold="true"/>
                </Word>
                <TextEquiv>
                    <Unicode>L. aut. sig. au maréchal Berthier, ministre de la guerre. Paris,</Unicode>
                </TextEquiv>
            </TextLine>
            <TextLine id="tl_3" primaryLanguage="English" custom="readingOrder {index:1;}">
                <Coords points="1408,1115 3545,1115 3545,1250 1408,1250"/>
                <Baseline points="1408,1232 1513,1233 2007,1224 2169,1221 2387,1220 2489,1219 2932,1212 3262,1207 3544,1206"/>
                <Word id="w_w2aab1b1b2b3b3ab1" language="English" custom="readingOrder {index:0;}">
                    <Coords points="1408,1149 1513,1149 1513,1233 1408,1233"/>
                    <TextEquiv>
                        <Unicode>13</Unicode>
                    </TextEquiv>
                    <TextStyle fontFamily="Times New Roman" fontSize="11.0" bold="true"/>
                </Word>
                <Word id="w_w2aab1b1b2b3b3ab7" language="English" custom="readingOrder {index:1;}">
                    <Coords points="1556,1139 2007,1139 2007,1232 1556,1232"/>
                    <TextEquiv>
                        <Unicode>messidor</Unicode>
                    </TextEquiv>
                    <TextStyle fontFamily="Times New Roman" fontSize="11.0" bold="true"/>
                </Word>
                <Word id="w_w2aab1b1b2b3b3ac25" language="English" custom="readingOrder {index:2;}">
                    <Coords points="2048,1160 2169,1160 2169,1223 2048,1223"/>
                    <TextEquiv>
                        <Unicode>an</Unicode>
                    </TextEquiv>
                    <TextStyle fontFamily="Times New Roman" fontSize="11.0" bold="true"/>
                </Word>
                <Word id="w_w2aab1b1b2b3b3ac31" language="English" custom="readingOrder {index:3;}">
                    <Coords points="2220,1157 2387,1157 2387,1221 2220,1221"/>
                    <TextEquiv>
                        <Unicode>xu.</Unicode>
                    </TextEquiv>
                    <TextStyle fontFamily="Times New Roman" fontSize="11.0" bold="true"/>
                </Word>
                <Word id="w_w2aab1b1b2b3b3ac39" language="English" custom="readingOrder {index:4;}">
                    <Coords points="2436,1135 2489,1135 2489,1219 2436,1219"/>
                    <TextEquiv>
                        <Unicode>2</Unicode>
                    </TextEquiv>
                    <TextStyle fontFamily="Times New Roman" fontSize="11.0" bold="true"/>
                </Word>
                <Word id="w_w2aab1b1b2b3b3ac43" language="English" custom="readingOrder {index:5;}">
                    <Coords points="2532,1125 2932,1125 2932,1238 2532,1238"/>
                    <TextEquiv>
                        <Unicode>grandes</Unicode>
                    </TextEquiv>
                    <TextStyle fontFamily="Times New Roman" fontSize="11.0" bold="true"/>
                </Word>
                <Word id="w_w2aab1b1b2b3b3ac59" language="English" custom="readingOrder {index:6;}">
                    <Coords points="2984,1142 3262,1142 3262,1232 2984,1232"/>
                    <TextEquiv>
                        <Unicode>pages</Unicode>
                    </TextEquiv>
                    <TextStyle fontFamily="Times New Roman" fontSize="11.0" bold="true"/>
                </Word>
                <Word id="w_w2aab1b1b2b3b3ac71" language="English" custom="readingOrder {index:7;}">
                    <Coords points="3304,1116 3544,1116 3544,1206 3304,1206"/>
                    <TextEquiv>
                        <Unicode>in-4.</Unicode>
                    </TextEquiv>
                    <TextStyle fontFamily="Times New Roman" fontSize="11.0" bold="true"/>
                </Word>
                <TextEquiv>
                    <Unicode>13 messidor an XII. 2 grandes pages in-4.</Unicode>
                </TextEquiv>
                <TextStyle fontFamily="Times New Roman" fontSize="11.0" bold="true"/>
            </TextLine>
            <TextEquiv>
                <Unicode>L. aut. sig. au maréchal Berthier, ministre de la guerre. Paris,
13 messidor an XII. 2 grandes pages in-4.</Unicode>
            </TextEquiv>
        </TextRegion>
        <TextRegion type="paragraph" id="r_1_3" custom="readingOrder {index:3;}">
            <Coords points="1397,1212 4941,1212 4941,1561 1397,1561"/>
            <TextLine id="tl_4" primaryLanguage="English" custom="readingOrder {index:0;}">
                <Coords points="1503,1213 4940,1213 4940,1355 1503,1355"/>
                <Baseline points="1503,1339 2320,1325 2634,1322 3056,1317 3188,1318 3524,1312 3662,1307 3810,1305 4275,1298 4712,1305 4939,1291"/>
                <Word id="w_w2aab1b1b2b5b1ab1" language="English" custom="readingOrder {index:0;}">
                    <Coords points="1503,1251 2320,1251 2320,1340 1503,1340"/>
                    <TextEquiv>
                        <Unicode>Recommandation</Unicode>
                    </TextEquiv>
                    <TextStyle fontFamily="Times New Roman" fontSize="11.0"/>
                </Word>
                <Word id="w_w2aab1b1b2b5b1ac31" language="English" custom="readingOrder {index:1;}">
                    <Coords points="2355,1245 2634,1245 2634,1346 2355,1346"/>
                    <TextEquiv>
                        <Unicode>pleine</Unicode>
                    </TextEquiv>
                    <TextStyle fontFamily="Times New Roman" fontSize="11.0"/>
                </Word>
                <Word id="w_w2aab1b1b2b5b1ac45" language="English" custom="readingOrder {index:2;}">
                    <Coords points="2663,1242 3056,1242 3056,1322 2663,1322"/>
                    <TextEquiv>
                        <Unicode>d’intérêt</Unicode>
                    </TextEquiv>
                    <TextStyle fontFamily="Times New Roman" fontSize="11.0"/>
                </Word>
                <Word id="w_w2aab1b1b2b5b1ac65" language="English" custom="readingOrder {index:3;}">
                    <Coords points="3087,1260 3188,1260 3188,1318 3087,1318"/>
                    <TextEquiv>
                        <Unicode>en</Unicode>
                    </TextEquiv>
                    <TextStyle fontFamily="Times New Roman" fontSize="11.0"/>
                </Word>
                <Word id="w_w2aab1b1b2b5b1ac71" language="English" custom="readingOrder {index:4;}">
                    <Coords points="3225,1234 3524,1234 3524,1314 3225,1314"/>
                    <TextEquiv>
                        <Unicode>faveur</Unicode>
                    </TextEquiv>
                    <TextStyle fontFamily="Times New Roman" fontSize="11.0"/>
                </Word>
                <Word id="w_w2aab1b1b2b5b1ac85" language="English" custom="readingOrder {index:5;}">
                    <Coords points="3561,1229 3662,1229 3662,1307 3561,1307"/>
                    <TextEquiv>
                        <Unicode>de</Unicode>
                    </TextEquiv>
                    <TextStyle fontFamily="Times New Roman" fontSize="11.0"/>
                </Word>
                <Word id="w_w2aab1b1b2b5b1ac91" language="English" custom="readingOrder {index:6;}">
                    <Coords points="3697,1229 3810,1229 3810,1306 3697,1306"/>
                    <TextEquiv>
                        <Unicode>M.</Unicode>
                    </TextEquiv>
                    <TextStyle fontFamily="Times New Roman" fontSize="11.0"/>
                </Word>
                <Word id="w_w2aab1b1b2b5b1ac97" language="English" custom="readingOrder {index:7;}">
                    <Coords points="3851,1224 4275,1224 4275,1306 3851,1306"/>
                    <TextEquiv>
                        <Unicode>Lâchasse</Unicode>
                    </TextEquiv>
                    <TextStyle fontFamily="Times New Roman" fontSize="11.0"/>
                </Word>
                <Word id="w_w2aab1b1b2b5b1ad115" language="English" custom="readingOrder {index:8;}">
                    <Coords points="4305,1217 4712,1217 4712,1316 4305,1316"/>
                    <TextEquiv>
                        <Unicode>Vérigny,</Unicode>
                    </TextEquiv>
                    <TextStyle fontFamily="Times New Roman" fontSize="11.0"/>
                </Word>
                <Word id="w_w2aab1b1b2b5b1ad133" language="English" custom="readingOrder {index:9;}">
                    <Coords points="4747,1213 4939,1213 4939,1295 4747,1295"/>
                    <TextEquiv>
                        <Unicode>aide</Unicode>
                    </TextEquiv>
                    <TextStyle fontFamily="Times New Roman" fontSize="11.0"/>
                </Word>
                <TextEquiv>
                    <Unicode>Recommandation pleine d’intérêt en faveur de M. Lachasse Vérigny, aide</Unicode>
                </TextEquiv>
                <TextStyle fontFamily="Times New Roman" fontSize="11.0"/>
            </TextLine>
            <TextLine id="tl_5" primaryLanguage="English" custom="readingOrder {index:1;}">
                <Coords points="1398,1311 4935,1311 4935,1460 1398,1460"/>
                <Baseline points="1398,1440 1507,1439 1779,1457 1921,1431 2295,1425 2677,1421 2799,1422 3129,1418 3499,1412 3623,1409 4005,1405 4401,1421 4934,1389"/>
                <Word id="w_w2aab1b1b2b5b3ab1" language="English" custom="readingOrder {index:0;}">
                    <Coords points="1398,1364 1507,1364 1507,1440 1398,1440"/>
                    <TextEquiv>
                        <Unicode>de</Unicode>
                    </TextEquiv>
                    <TextStyle fontFamily="Times New Roman" fontSize="11.0"/>
                </Word>
                <Word id="w_w2aab1b1b2b5b3ab7" language="English" custom="readingOrder {index:1;}">
                    <Coords points="1530,1380 1779,1380 1779,1457 1530,1457"/>
                    <TextEquiv>
                        <Unicode>camp</Unicode>
                    </TextEquiv>
                    <TextStyle fontFamily="Times New Roman" fontSize="11.0"/>
                </Word>
                <Word id="w_w2aab1b1b2b5b3ac17" language="English" custom="readingOrder {index:2;}">
                    <Coords points="1814,1355 1921,1355 1921,1434 1814,1434"/>
                    <TextEquiv>
                        <Unicode>du</Unicode>
                    </TextEquiv>
                    <TextStyle fontFamily="Times New Roman" fontSize="11.0"/>
                </Word>
                <Word id="w_w2aab1b1b2b5b3ac23" language="English" custom="readingOrder {index:3;}">
                    <Coords points="1962,1345 2295,1345 2295,1452 1962,1452"/>
                    <TextEquiv>
                        <Unicode>général</Unicode>
                    </TextEquiv>
                    <TextStyle fontFamily="Times New Roman" fontSize="11.0"/>
                </Word>
                <Word id="w_w2aab1b1b2b5b3ac39" language="English" custom="readingOrder {index:4;}">
                    <Coords points="2334,1349 2677,1349 2677,1426 2334,1426"/>
                    <TextEquiv>
                        <Unicode>Moreau</Unicode>
                    </TextEquiv>
                    <TextStyle fontFamily="Times New Roman" fontSize="11.0"/>
                </Word>
                <Word id="w_w2aab1b1b2b5b3ac53" language="English" custom="readingOrder {index:5;}">
                    <Coords points="2714,1351 2799,1351 2799,1422 2714,1422"/>
                    <TextEquiv>
                        <Unicode>et</Unicode>
                    </TextEquiv>
                    <TextStyle fontFamily="Times New Roman" fontSize="11.0"/>
                </Word>
                <Word id="w_w2aab1b1b2b5b3ac59" language="English" custom="readingOrder {index:6;}">
                    <Coords points="2828,1339 3129,1339 3129,1420 2828,1420"/>
                    <TextEquiv>
                        <Unicode>ancien</Unicode>
                    </TextEquiv>
                    <TextStyle fontFamily="Times New Roman" fontSize="11.0"/>
                </Word>
                <Word id="w_w2aab1b1b2b5b3ac73" language="English" custom="readingOrder {index:7;}">
                    <Coords points="3172,1333 3499,1333 3499,1415 3172,1415"/>
                    <TextEquiv>
                        <Unicode>officier</Unicode>
                    </TextEquiv>
                    <TextStyle fontFamily="Times New Roman" fontSize="11.0"/>
                </Word>
                <Word id="w_w2aab1b1b2b5b3ac91" language="English" custom="readingOrder {index:8;}">
                    <Coords points="3520,1333 3623,1333 3623,1409 3520,1409"/>
                    <TextEquiv>
                        <Unicode>de</Unicode>
                    </TextEquiv>
                    <TextStyle fontFamily="Times New Roman" fontSize="11.0"/>
                </Word>
                <Word id="w_w2aab1b1b2b5b3ac97" language="English" custom="readingOrder {index:9;}">
                    <Coords points="3670,1325 4005,1325 4005,1405 3670,1405"/>
                    <TextEquiv>
                        <Unicode>l’armée</Unicode>
                    </TextEquiv>
                    <TextStyle fontFamily="Times New Roman" fontSize="11.0"/>
                </Word>
                <Word id="w_w2aab1b1b2b5b3ad113" language="English" custom="readingOrder {index:10;}">
                    <Coords points="4038,1319 4401,1319 4401,1421 4038,1421"/>
                    <TextEquiv>
                        <Unicode>d’Italie,</Unicode>
                    </TextEquiv>
                    <TextStyle fontFamily="Times New Roman" fontSize="11.0"/>
                </Word>
                <Word id="w_w2aab1b1b2b5b3ad133" language="English" custom="readingOrder {index:11;}">
                    <Coords points="4442,1315 4934,1315 4934,1396 4442,1396"/>
                    <TextEquiv>
                        <Unicode>très-connu</Unicode>
                    </TextEquiv>
                    <TextStyle fontFamily="Times New Roman" fontSize="11.0"/>
                </Word>
                <TextEquiv>
                    <Unicode>de camp du général Moreau et ancien officier de l’armée d’Italie, très-connu</Unicode>
                </TextEquiv>
                <TextStyle fontFamily="Times New Roman" fontSize="11.0"/>
            </TextLine>
            <TextLine id="tl_6" primaryLanguage="English" custom="readingOrder {index:2;}">
                <Coords points="1401,1449 2290,1449 2290,1560 1401,1560"/>
                <Baseline points="1401,1540 1504,1542 2086,1543 2290,1527"/>
                <Word id="w_w2aab1b1b2b5b5ab1" language="English" custom="readingOrder {index:0;}">
                    <Coords points="1401,1462 1504,1462 1504,1542 1401,1542"/>
                    <TextEquiv>
                        <Unicode>de</Unicode>
                    </TextEquiv>
                    <TextStyle fontFamily="Times New Roman" fontSize="11.0"/>
                </Word>
                <Word id="w_w2aab1b1b2b5b5ab7" language="English" custom="readingOrder {index:1;}">
                    <Coords points="1557,1456 2086,1456 2086,1556 1557,1556"/>
                    <TextEquiv>
                        <Unicode>l’empereur,</Unicode>
                    </TextEquiv>
                    <TextStyle fontFamily="Times New Roman" fontSize="11.0"/>
                </Word>
                <Word id="w_w2aab1b1b2b5b5ac31" language="English" custom="readingOrder {index:2;}">
                    <Coords points="2125,1460 2290,1460 2290,1527 2125,1527"/>
                    <TextEquiv>
                        <Unicode>etc.</Unicode>
                    </TextEquiv>
                    <TextStyle fontFamily="Times New Roman" fontSize="11.0"/>
                </Word>
                <TextEquiv>
                    <Unicode>de l’empereur, etc.</Unicode>
                </TextEquiv>
                <TextStyle fontFamily="Times New Roman" fontSize="11.0"/>
            </TextLine>
            <TextEquiv>
                <Unicode>Recommandation pleine d’intérêt en faveur de M. Lachasse Vérigny, aide
de camp du général Moreau et ancien officier de l’armée d’Italie, très-connu
de l’empereur, etc.</Unicode>
            </TextEquiv>
        </TextRegion>
        <TextRegion type="paragraph" id="r_1_4" custom="readingOrder {index:4;}">
            <Coords points="1106,1608 4937,1608 4937,1784 1106,1784"/>
            <TextLine id="tl_7" primaryLanguage="English" custom="readingOrder {index:0;}">
                <Coords points="1107,1609 4936,1609 4936,1783 1107,1783"/>
                <Baseline points="1107,1769 1290,1774 2370,1749 3038,1743 3970,1753 4372,1723 4566,1723 4936,1685"/>
                <Word id="w_w2aab1b1b2b7b1ab1" language="English" custom="readingOrder {index:0;}">
                    <Coords points="1107,1663 1290,1663 1290,1774 1107,1774"/>
                    <TextEquiv>
                        <Unicode>40.</Unicode>
                    </TextEquiv>
                    <TextStyle fontFamily="Times New Roman" fontSize="13.0" bold="true"/>
                </Word>
                <Word id="w_w2aab1b1b2b7b1ab9" language="English" custom="readingOrder {index:1;}">
                    <Coords points="1383,1642 2370,1642 2370,1760 1383,1760"/>
                    <TextEquiv>
                        <Unicode>BONAPARTE</Unicode>
                    </TextEquiv>
                    <TextStyle fontFamily="Times New Roman" fontSize="13.0" bold="true"/>
                </Word>
                <Word id="w_w2aab1b1b2b7b1ac29" language="English" custom="readingOrder {index:2;}">
                    <Coords points="2425,1642 3038,1642 3038,1769 2425,1769"/>
                    <TextEquiv>
                        <Unicode>(Hortense</Unicode>
                    </TextEquiv>
                    <TextStyle fontFamily="Times New Roman" fontSize="13.0" bold="true"/>
                </Word>
                <Word id="w_w2aab1b1b2b7b1ac49" language="English" custom="readingOrder {index:3;}">
                    <Coords points="3109,1627 3970,1627 3970,1754 3109,1754"/>
                    <TextEquiv>
                        <Unicode>Beauharnais),</Unicode>
                    </TextEquiv>
                    <TextStyle fontFamily="Times New Roman" fontSize="13.0" bold="true"/>
                </Word>
                <Word id="w_w2aab1b1b2b7b1ac77" language="English" custom="readingOrder {index:4;}">
                    <Coords points="4059,1620 4372,1620 4372,1728 4059,1728"/>
                    <TextEquiv>
                        <Unicode>reine</Unicode>
                    </TextEquiv>
                    <TextStyle fontFamily="Times New Roman" fontSize="13.0" bold="true"/>
                </Word>
                <Word id="w_w2aab1b1b2b7b1ac89" language="English" custom="readingOrder {index:5;}">
                    <Coords points="4429,1615 4566,1615 4566,1723 4429,1723"/>
                    <TextEquiv>
                        <Unicode>de</Unicode>
                    </TextEquiv>
                    <TextStyle fontFamily="Times New Roman" fontSize="13.0" bold="true"/>
                </Word>
                <Word id="w_w2aab1b1b2b7b1ac95" language="English" custom="readingOrder {index:6;}">
                    <Coords points="4651,1609 4936,1609 4936,1718 4651,1718"/>
                    <TextEquiv>
                        <Unicode>Hol¬</Unicode>
                    </TextEquiv>
                    <TextStyle fontFamily="Times New Roman" fontSize="13.0" bold="true"/>
                </Word>
                <TextEquiv>
                    <Unicode>40. &lt;b&gt;BONAPARTE&lt;/b&gt; (Hortense Beauharnais), reine de Hol¬</Unicode>
                </TextEquiv>
                <TextStyle fontFamily="Times New Roman" fontSize="13.0" bold="true"/>
            </TextLine>
            <TextEquiv>
                <Unicode>40. &lt;b&gt;BONAPARTE&lt;/b&gt; (Hortense Beauharnais), reine de Hol¬</Unicode>
            </TextEquiv>
        </TextRegion>
        <TextRegion type="paragraph" id="r_1_5" custom="readingOrder {index:5;}">
            <Coords points="1558,1760 4929,1760 4929,1913 1558,1913"/>
            <TextLine id="tl_8" primaryLanguage="English" custom="readingOrder {index:0;}">
                <Coords points="1559,1761 4928,1761 4928,1912 1559,1912"/>
                <Baseline points="1559,1910 1918,1901 3876,1882 4282,1878 4516,1875 4928,1869"/>
                <Word id="w_w2aab1b1b2b9b1ab1" language="English" custom="readingOrder {index:0;}">
                    <Coords points="1559,1804 1918,1804 1918,1912 1559,1912"/>
                    <TextEquiv>
                        <Unicode>lande.</Unicode>
                    </TextEquiv>
                    <TextStyle fontFamily="Times New Roman" fontSize="13.0" bold="true"/>
                </Word>
                <Word id="w_w2aab1b1b2b9b1ac15" language="English" custom="readingOrder {index:1;}">
                    <Coords points="3727,1774 3876,1774 3876,1887 3727,1887"/>
                    <TextEquiv>
                        <Unicode>N.</Unicode>
                    </TextEquiv>
                    <TextStyle fontFamily="Times New Roman" fontSize="13.0" bold="true"/>
                </Word>
                <Word id="w_w2aab1b1b2b9b1ac21" language="English" custom="readingOrder {index:2;}">
                    <Coords points="3951,1776 4282,1776 4282,1885 3951,1885"/>
                    <TextEquiv>
                        <Unicode>1783.</Unicode>
                    </TextEquiv>
                    <TextStyle fontFamily="Times New Roman" fontSize="13.0" bold="true"/>
                </Word>
                <Word id="w_w2aab1b1b2b9b1ac33" language="English" custom="readingOrder {index:3;}">
                    <Coords points="4348,1766 4516,1766 4516,1875 4348,1875"/>
                    <TextEquiv>
                        <Unicode>M.</Unicode>
                    </TextEquiv>
                    <TextStyle fontFamily="Times New Roman" fontSize="13.0" bold="true"/>
                </Word>
                <Word id="w_w2aab1b1b2b9b1ac39" language="English" custom="readingOrder {index:4;}">
                    <Coords points="4591,1767 4928,1767 4928,1875 4591,1875"/>
                    <TextEquiv>
                        <Unicode>1837.</Unicode>
                    </TextEquiv>
                    <TextStyle fontFamily="Times New Roman" fontSize="13.0" bold="true"/>
                </Word>
                <TextEquiv>
                    <Unicode>lande. N. 1783. M. 1837.</Unicode>
                </TextEquiv>
                <TextStyle fontFamily="Times New Roman" fontSize="13.0" bold="true"/>
            </TextLine>
            <TextEquiv>
                <Unicode>lande. N. 1783. M. 1837.</Unicode>
            </TextEquiv>
        </TextRegion>
        <TextRegion type="paragraph" id="r_1_6" custom="readingOrder {index:6;}">
            <Coords points="1417,1906 4944,1906 4944,2187 1417,2187"/>
            <TextLine id="tl_9" primaryLanguage="English" custom="readingOrder {index:0;}">
                <Coords points="1532,1907 4943,1907 4943,2063 1532,2063"/>
                <Baseline points="1532,2043 1637,2040 1909,2037 2139,2024 2281,2029 2515,2025 2881,2037 3051,2023 3463,2023 3927,2014 4597,2016 4757,1999 4943,1975"/>
                <Word id="w_w2aab1b1b2c11b1ab1" language="English" custom="readingOrder {index:0;}">
                    <Coords points="1532,1958 1637,1958 1637,2043 1532,2043"/>
                    <TextEquiv>
                        <Unicode>L.</Unicode>
                    </TextEquiv>
                    <TextStyle fontFamily="Times New Roman" fontSize="11.0" bold="true"/>
                </Word>
                <Word id="w_w2aab1b1b2c11b1ab7" language="English" custom="readingOrder {index:1;}">
                    <Coords points="1707,1957 1909,1957 1909,2042 1707,2042"/>
                    <TextEquiv>
                        <Unicode>ont.</Unicode>
                    </TextEquiv>
                    <TextStyle fontFamily="Times New Roman" fontSize="11.0" bold="true"/>
                </Word>
                <Word id="w_w2aab1b1b2c11b1ac17" language="English" custom="readingOrder {index:2;}">
                    <Coords points="1972,1947 2139,1947 2139,2055 1972,2055"/>
                    <TextEquiv>
                        <Unicode>sig.</Unicode>
                    </TextEquiv>
                    <TextStyle fontFamily="Times New Roman" fontSize="11.0" bold="true"/>
                </Word>
                <Word id="w_w2aab1b1b2c11b1ac27" language="English" custom="readingOrder {index:3;}">
                    <Coords points="2228,1939 2281,1939 2281,2029 2228,2029"/>
                    <TextEquiv>
                        <Unicode>à</Unicode>
                    </TextEquiv>
                    <TextStyle fontFamily="Times New Roman" fontSize="11.0" bold="true"/>
                </Word>
                <Word id="w_w2aab1b1b2c11b1ac31" language="English" custom="readingOrder {index:4;}">
                    <Coords points="2350,1961 2515,1961 2515,2030 2350,2030"/>
                    <TextEquiv>
                        <Unicode>son</Unicode>
                    </TextEquiv>
                    <TextStyle fontFamily="Times New Roman" fontSize="11.0" bold="true"/>
                </Word>
                <Word id="w_w2aab1b1b2c11b1ac39" language="English" custom="readingOrder {index:5;}">
                    <Coords points="2592,1932 2881,1932 2881,2037 2592,2037"/>
                    <TextEquiv>
                        <Unicode>frère,</Unicode>
                    </TextEquiv>
                    <TextStyle fontFamily="Times New Roman" fontSize="11.0" bold="true"/>
                </Word>
                <Word id="w_w2aab1b1b2c11b1ac53" language="English" custom="readingOrder {index:6;}">
                    <Coords points="2964,1939 3051,1939 3051,2026 2964,2026"/>
                    <TextEquiv>
                        <Unicode>le</Unicode>
                    </TextEquiv>
                    <TextStyle fontFamily="Times New Roman" fontSize="11.0" bold="true"/>
                </Word>
                <Word id="w_w2aab1b1b2c11b1ac59" language="English" custom="readingOrder {index:7;}">
                    <Coords points="3142,1932 3463,1932 3463,2044 3142,2044"/>
                    <TextEquiv>
                        <Unicode>prince</Unicode>
                    </TextEquiv>
                    <TextStyle fontFamily="Times New Roman" fontSize="11.0" bold="true"/>
                </Word>
                <Word id="w_w2aab1b1b2c11b1ac73" language="English" custom="readingOrder {index:8;}">
                    <Coords points="3538,1929 3927,1929 3927,2019 3538,2019"/>
                    <TextEquiv>
                        <Unicode>Lucien.</Unicode>
                    </TextEquiv>
                    <TextStyle fontFamily="Times New Roman" fontSize="11.0" bold="true"/>
                </Word>
                <Word id="w_w2aab1b1b2c11b1ac89" language="English" custom="readingOrder {index:9;}">
                    <Coords points="4008,1919 4597,1919 4597,2033 4008,2033"/>
                    <TextEquiv>
                        <Unicode>Augsbourg,</Unicode>
                    </TextEquiv>
                    <TextStyle fontFamily="Times New Roman" fontSize="11.0" bold="true"/>
                </Word>
                <Word id="w_w2aab1b1b2c11b1ad111" language="English" custom="readingOrder {index:10;}">
                    <Coords points="4654,1915 4757,1915 4757,2000 4654,2000"/>
                    <TextEquiv>
                        <Unicode>16</Unicode>
                    </TextEquiv>
                    <TextStyle fontFamily="Times New Roman" fontSize="11.0" bold="true"/>
                </Word>
                <Word id="w_w2aab1b1b2c11b1ad117" language="English" custom="readingOrder {index:11;}">
                    <Coords points="4800,1908 4943,1908 4943,2002 4800,2002"/>
                    <TextEquiv>
                        <Unicode>fé¬</Unicode>
                    </TextEquiv>
                    <TextStyle fontFamily="Times New Roman" fontSize="11.0" bold="true"/>
                </Word>
                <TextEquiv>
                    <Unicode>L. aut. sig. à son frère, le prince Lucien. Augsbourg, 16 fé¬</Unicode>
                </TextEquiv>
                <TextStyle fontFamily="Times New Roman" fontSize="11.0" bold="true"/>
            </TextLine>
            <TextLine id="tl_10" primaryLanguage="English" custom="readingOrder {index:1;}">
                <Coords points="1418,2037 4519,2037 4519,2186 1418,2186"/>
                <Baseline points="1418,2166 1664,2160 1978,2156 2272,2153 2588,2148 2916,2145 3194,2146 3507,2160 3772,2137 4518,2125"/>
                <Word id="w_w2aab1b1b2c11b3ab1" language="English" custom="readingOrder {index:0;}">
                    <Coords points="1418,2075 1664,2075 1664,2166 1418,2166"/>
                    <TextEquiv>
                        <Unicode>vrier</Unicode>
                    </TextEquiv>
                    <TextStyle fontFamily="Times New Roman" fontSize="11.0" bold="true"/>
                </Word>
                <Word id="w_w2aab1b1b2c11b3ac13" language="English" custom="readingOrder {index:1;}">
                    <Coords points="1714,2072 1978,2072 1978,2160 1714,2160"/>
                    <TextEquiv>
                        <Unicode>1823.</Unicode>
                    </TextEquiv>
                    <TextStyle fontFamily="Times New Roman" fontSize="11.0" bold="true"/>
                </Word>
                <Word id="w_w2aab1b1b2c11b3ac25" language="English" custom="readingOrder {index:2;}">
                    <Coords points="2028,2062 2272,2062 2272,2155 2028,2155"/>
                    <TextEquiv>
                        <Unicode>Jolie</Unicode>
                    </TextEquiv>
                    <TextStyle fontFamily="Times New Roman" fontSize="11.0" bold="true"/>
                </Word>
                <Word id="w_w2aab1b1b2c11b3ac37" language="English" custom="readingOrder {index:3;}">
                    <Coords points="2315,2062 2588,2062 2588,2152 2315,2152"/>
                    <TextEquiv>
                        <Unicode>lettre</Unicode>
                    </TextEquiv>
                    <TextStyle fontFamily="Times New Roman" fontSize="11.0" bold="true"/>
                </Word>
                <Word id="w_w2aab1b1b2c11b3ac51" language="English" custom="readingOrder {index:4;}">
                    <Coords points="2625,2058 2916,2058 2916,2147 2625,2147"/>
                    <TextEquiv>
                        <Unicode>d'une</Unicode>
                    </TextEquiv>
                    <TextStyle fontFamily="Times New Roman" fontSize="11.0" bold="true"/>
                </Word>
                <Word id="w_w2aab1b1b2c11b3ac63" language="English" custom="readingOrder {index:5;}">
                    <Coords points="2960,2078 3194,2078 3194,2168 2960,2168"/>
                    <TextEquiv>
                        <Unicode>page</Unicode>
                    </TextEquiv>
                    <TextStyle fontFamily="Times New Roman" fontSize="11.0" bold="true"/>
                </Word>
                <Word id="w_w2aab1b1b2c11b3ac73" language="English" custom="readingOrder {index:6;}">
                    <Coords points="3239,2054 3507,2054 3507,2160 3239,2160"/>
                    <TextEquiv>
                        <Unicode>in-8,</Unicode>
                    </TextEquiv>
                    <TextStyle fontFamily="Times New Roman" fontSize="11.0" bold="true"/>
                </Word>
                <Word id="w_w2aab1b1b2c11b3ac85" language="English" custom="readingOrder {index:7;}">
                    <Coords points="3548,2070 3772,2070 3772,2141 3548,2141"/>
                    <TextEquiv>
                        <Unicode>avec</Unicode>
                    </TextEquiv>
                    <TextStyle fontFamily="Times New Roman" fontSize="11.0" bold="true"/>
                </Word>
                <Word id="w_w2aab1b1b2c11b3ac95" language="English" custom="readingOrder {index:8;}">
                    <Coords points="3804,2044 4518,2044 4518,2139 3804,2139"/>
                    <TextEquiv>
                        <Unicode>encadrement.</Unicode>
                    </TextEquiv>
                    <TextStyle fontFamily="Times New Roman" fontSize="11.0" bold="true"/>
                </Word>
                <TextEquiv>
                    <Unicode>vrier 1823. Jolie lettre d'une page in-8, avec encadrement.</Unicode>
                </TextEquiv>
                <TextStyle fontFamily="Times New Roman" fontSize="11.0" bold="true"/>
            </TextLine>
            <TextEquiv>
                <Unicode>L. aut. sig. à son frère, le prince Lucien. Augsbourg, 16 fé¬
vrier 1823. Jolie lettre d'une page in-8, avec encadrement.</Unicode>
            </TextEquiv>
        </TextRegion>
        <TextRegion type="paragraph" id="r_1_7" custom="readingOrder {index:7;}">
            <Coords points="1404,2146 4950,2146 4950,2683 1404,2683"/>
            <TextLine id="tl_11" primaryLanguage="English" custom="readingOrder {index:0;}">
                <Coords points="1503,2147 4944,2147 4944,2289 1503,2289"/>
                <Baseline points="1503,2267 1692,2268 1810,2266 2448,2258 2650,2253 3134,2250 3859,2240 4011,2239 4147,2237 4227,2235 4595,2226 4691,2218 4943,2199"/>
                <Word id="w_w2aab1b1b2c13b1ab1" language="English" custom="readingOrder {index:0;}">
                    <Coords points="1503,2188 1692,2188 1692,2268 1503,2268"/>
                    <TextEquiv>
                        <Unicode>Elle</Unicode>
                    </TextEquiv>
                    <TextStyle fontFamily="Times New Roman" fontSize="11.0"/>
                </Word>
                <Word id="w_w2aab1b1b2c13b1ac11" language="English" custom="readingOrder {index:1;}">
                    <Coords points="1733,2186 1810,2186 1810,2267 1733,2267"/>
                    <TextEquiv>
                        <Unicode>le</Unicode>
                    </TextEquiv>
                    <TextStyle fontFamily="Times New Roman" fontSize="11.0"/>
                </Word>
                <Word id="w_w2aab1b1b2c13b1ac17" language="English" custom="readingOrder {index:2;}">
                    <Coords points="1843,2180 2448,2180 2448,2283 1843,2283"/>
                    <TextEquiv>
                        <Unicode>complimente</Unicode>
                    </TextEquiv>
                    <TextStyle fontFamily="Times New Roman" fontSize="11.0"/>
                </Word>
                <Word id="w_w2aab1b1b2c13b1ac41" language="English" custom="readingOrder {index:3;}">
                    <Coords points="2501,2197 2650,2197 2650,2254 2501,2254"/>
                    <TextEquiv>
                        <Unicode>sur</Unicode>
                    </TextEquiv>
                    <TextStyle fontFamily="Times New Roman" fontSize="11.0"/>
                </Word>
                <Word id="w_w2aab1b1b2c13b1ac49" language="English" custom="readingOrder {index:4;}">
                    <Coords points="2701,2174 3134,2174 3134,2256 2701,2256"/>
                    <TextEquiv>
                        <Unicode>l’heureux</Unicode>
                    </TextEquiv>
                    <TextStyle fontFamily="Times New Roman" fontSize="11.0"/>
                </Word>
                <Word id="w_w2aab1b1b2c13b1ac69" language="English" custom="readingOrder {index:5;}">
                    <Coords points="3175,2165 3859,2165 3859,2250 3175,2250"/>
                    <TextEquiv>
                        <Unicode>accouchement</Unicode>
                    </TextEquiv>
                    <TextStyle fontFamily="Times New Roman" fontSize="11.0"/>
                </Word>
                <Word id="w_w2aab1b1b2c13b1ac95" language="English" custom="readingOrder {index:6;}">
                    <Coords points="3905,2163 4011,2163 4011,2242 3905,2242"/>
                    <TextEquiv>
                        <Unicode>de</Unicode>
                    </TextEquiv>
                    <TextStyle fontFamily="Times New Roman" fontSize="11.0"/>
                </Word>
                <Word id="w_w2aab1b1b2c13b1ad101" language="English" custom="readingOrder {index:7;}">
                    <Coords points="4057,2179 4147,2179 4147,2238 4057,2238"/>
                    <TextEquiv>
                        <Unicode>sa</Unicode>
                    </TextEquiv>
                    <TextStyle fontFamily="Times New Roman" fontSize="11.0"/>
                </Word>
                <Word id="w_w2aab1b1b2c13b1ad107" language="English" custom="readingOrder {index:8;}">
                    <Coords points="4187,2158 4503,2158 4503,2243 4187,2243"/>
                    <TextEquiv>
                        <Unicode>femme</Unicode>
                    </TextEquiv>
                    <TextStyle fontFamily="Times New Roman" fontSize="11.0"/>
                </Word>
                <Word id="w_w2aab1b1b2c13b1b1b1" language="English" custom="readingOrder {index:9;}">
                    <Coords points="4539,2206 4595,2206 4595,2243 4539,2243"/>
                    <TextEquiv>
                        <Unicode>,.</Unicode>
                    </TextEquiv>
                    <TextStyle fontFamily="Times New Roman" fontSize="11.0"/>
                </Word>
                <Word id="w_w2aab1b1b2c13b1b1b7" language="English" custom="readingOrder {index:10;}">
                    <Coords points="4651,2149 4691,2149 4691,2225 4651,2225"/>
                    <TextEquiv>
                        <Unicode>«</Unicode>
                    </TextEquiv>
                    <TextStyle fontFamily="Times New Roman" fontSize="11.0"/>
                </Word>
                <Word id="w_w2aab1b1b2c13b1b2b1" language="English" custom="readingOrder {index:11;}">
                    <Coords points="4731,2148 4943,2148 4943,2226 4731,2226"/>
                    <TextEquiv>
                        <Unicode>Cer-</Unicode>
                    </TextEquiv>
                    <TextStyle fontFamily="Times New Roman" fontSize="11.0"/>
                </Word>
                <TextEquiv>
                    <Unicode>Elle le complimente sur l’heureux accouchement de sa femme... « Cer¬</Unicode>
                </TextEquiv>
            </TextLine>
            <TextLine id="tl_12" primaryLanguage="English" custom="readingOrder {index:1;}">
                <Coords points="1408,2242 4949,2242 4949,2390 1408,2390"/>
                <Baseline points="1408,2358 1427,2358 1981,2366 2065,2360 2239,2356 2611,2354 2691,2353 2833,2351 3183,2350 3519,2344 3657,2341 3833,2341 3976,2337 4276,2334 4356,2331 4828,2324 4948,2321"/>
                <Word id="w_w2aab1b1b2c13b3ab1" language="English" custom="readingOrder {index:0;}">
                    <Coords points="1408,2301 1447,2301 1447,2368 1408,2368"/>
                    <TextEquiv>
                        <Unicode>«&lt;</Unicode>
                    </TextEquiv>
                    <TextStyle fontFamily="Times New Roman" fontSize="11.0"/>
                </Word>
                <Word id="w_w2aab1b1b2c13b3b1b1" language="English" custom="readingOrder {index:1;}">
                    <Coords points="1494,2292 1981,2292 1981,2368 1494,2368"/>
                    <TextEquiv>
                        <Unicode>tainement,</Unicode>
                    </TextEquiv>
                    <TextStyle fontFamily="Times New Roman" fontSize="11.0"/>
                </Word>
                <Word id="w_w2aab1b1b2c13b3b1c23" language="English" custom="readingOrder {index:2;}">
                    <Coords points="2016,2283 2141,2283 2141,2360 2016,2360"/>
                    <TextEquiv>
                        <Unicode>dit</Unicode>
                    </TextEquiv>
                    <TextStyle fontFamily="Times New Roman" fontSize="11.0"/>
                </Word>
                <Word id="w_w2aab1b1b2c13b3b2b1" language="English" custom="readingOrder {index:3;}">
                    <Coords points="2194,2275 2403,2275 2403,2372 2194,2372"/>
                    <TextEquiv>
                        <Unicode>elle,</Unicode>
                    </TextEquiv>
                    <TextStyle fontFamily="Times New Roman" fontSize="11.0"/>
                </Word>
                <Word id="w_w2aab1b1b2c13b3b3b1" language="English" custom="readingOrder {index:4;}">
                    <Coords points="2450,2274 2611,2274 2611,2355 2450,2355"/>
                    <TextEquiv>
                        <Unicode>elle</Unicode>
                    </TextEquiv>
                    <TextStyle fontFamily="Times New Roman" fontSize="11.0"/>
                </Word>
                <Word id="w_w2aab1b1b2c13b3b3c11" language="English" custom="readingOrder {index:5;}">
                    <Coords points="2642,2295 2749,2295 2749,2353 2642,2353"/>
                    <TextEquiv>
                        <Unicode>ne</Unicode>
                    </TextEquiv>
                    <TextStyle fontFamily="Times New Roman" fontSize="11.0"/>
                </Word>
                <Word id="w_w2aab1b1b2c13b3b4b1" language="English" custom="readingOrder {index:6;}">
                    <Coords points="2786,2283 2983,2283 2983,2369 2786,2369"/>
                    <TextEquiv>
                        <Unicode>veut</Unicode>
                    </TextEquiv>
                    <TextStyle fontFamily="Times New Roman" fontSize="11.0"/>
                </Word>
                <Word id="w_w2aab1b1b2c13b3b5b1" language="English" custom="readingOrder {index:7;}">
                    <Coords points="3030,2291 3183,2291 3183,2369 3030,2369"/>
                    <TextEquiv>
                        <Unicode>pas</Unicode>
                    </TextEquiv>
                    <TextStyle fontFamily="Times New Roman" fontSize="11.0"/>
                </Word>
                <Word id="w_w2aab1b1b2c13b3b5b9" language="English" custom="readingOrder {index:8;}">
                    <Coords points="3218,2270 3519,2270 3519,2349 3218,2349"/>
                    <TextEquiv>
                        <Unicode>laisser</Unicode>
                    </TextEquiv>
                    <TextStyle fontFamily="Times New Roman" fontSize="11.0"/>
                </Word>
                <Word id="w_w2aab1b1b2c13b3b5c25" language="English" custom="readingOrder {index:9;}">
                    <Coords points="3554,2261 3779,2261 3779,2367 3554,2367"/>
                    <TextEquiv>
                        <Unicode>périr</Unicode>
                    </TextEquiv>
                    <TextStyle fontFamily="Times New Roman" fontSize="11.0"/>
                </Word>
                <Word id="w_w2aab1b1b2c13b3b6b1" language="English" custom="readingOrder {index:10;}">
                    <Coords points="3814,2262 3891,2262 3891,2341 3814,2341"/>
                    <TextEquiv>
                        <Unicode>le</Unicode>
                    </TextEquiv>
                    <TextStyle fontFamily="Times New Roman" fontSize="11.0"/>
                </Word>
                <Word id="w_w2aab1b1b2c13b3b7b1" language="English" custom="readingOrder {index:11;}">
                    <Coords points="3924,2277 4155,2277 4155,2347 3924,2347"/>
                    <TextEquiv>
                        <Unicode>nom,</Unicode>
                    </TextEquiv>
                    <TextStyle fontFamily="Times New Roman" fontSize="11.0"/>
                </Word>
                <Word id="w_w2aab1b1b2c13b3b8b1" language="English" custom="readingOrder {index:12;}">
                    <Coords points="4194,2266 4276,2266 4276,2334 4194,2334"/>
                    <TextEquiv>
                        <Unicode>et</Unicode>
                    </TextEquiv>
                    <TextStyle fontFamily="Times New Roman" fontSize="11.0"/>
                </Word>
                <Word id="w_w2aab1b1b2c13b3b8b7" language="English" custom="readingOrder {index:13;}">
                    <Coords points="4316,2255 4488,2255 4488,2332 4316,2332"/>
                    <TextEquiv>
                        <Unicode>s’en</Unicode>
                    </TextEquiv>
                    <TextStyle fontFamily="Times New Roman" fontSize="11.0"/>
                </Word>
                <Word id="w_w2aab1b1b2c13b3b9b1" language="English" custom="readingOrder {index:14;}">
                    <Coords points="4532,2261 4828,2261 4828,2327 4532,2327"/>
                    <TextEquiv>
                        <Unicode>trouve</Unicode>
                    </TextEquiv>
                    <TextStyle fontFamily="Times New Roman" fontSize="11.0"/>
                </Word>
                <Word id="w_w2aab1b1b2c13b3b9c15" language="English" custom="readingOrder {index:15;}">
                    <Coords points="4872,2243 4948,2243 4948,2321 4872,2321"/>
                    <TextEquiv>
                        <Unicode>le</Unicode>
                    </TextEquiv>
                    <TextStyle fontFamily="Times New Roman" fontSize="11.0"/>
                </Word>
                <TextEquiv>
                    <Unicode>« tainement, dit elle, elle ne veut pas laisser périr le nom, et s’en trouve le</Unicode>
                </TextEquiv>
            </TextLine>
            <TextLine id="tl_13" primaryLanguage="English" custom="readingOrder {index:2;}">
                <Coords points="1405,2343 4944,2343 4944,2490 1405,2490"/>
                <Baseline points="1405,2456 1444,2456 1680,2466 1758,2461 2060,2460 2860,2453 2974,2452 3260,2461 3532,2444 3810,2441 4216,2433 4302,2432 4508,2429 4943,2419"/>
                <Word id="w_w2aab1b1b2c13b5ab1" language="English" custom="readingOrder {index:0;}">
                    <Coords points="1405,2411 1444,2411 1444,2490 1405,2490"/>
                    <TextEquiv>
                        <Unicode>«</Unicode>
                    </TextEquiv>
                    <TextStyle fontFamily="Times New Roman" fontSize="11.0"/>
                </Word>
                <Word id="w_w2aab1b1b2c13b5b1b1" language="English" custom="readingOrder {index:1;}">
                    <Coords points="1487,2386 1680,2386 1680,2489 1487,2489"/>
                    <TextEquiv>
                        <Unicode>plus</Unicode>
                    </TextEquiv>
                    <TextStyle fontFamily="Times New Roman" fontSize="11.0"/>
                </Word>
                <Word id="w_w2aab1b1b2c13b5b1c11" language="English" custom="readingOrder {index:2;}">
                    <Coords points="1717,2386 1986,2386 1986,2464 1717,2464"/>
                    <TextEquiv>
                        <Unicode>ferme</Unicode>
                    </TextEquiv>
                    <TextStyle fontFamily="Times New Roman" fontSize="11.0"/>
                </Word>
                <Word id="w_w2aab1b1b2c13b5b2b1" language="English" custom="readingOrder {index:3;}">
                    <Coords points="2021,2378 2486,2378 2486,2460 2021,2460"/>
                    <TextEquiv>
                        <Unicode>soutien....</Unicode>
                    </TextEquiv>
                    <TextStyle fontFamily="Times New Roman" fontSize="11.0"/>
                </Word>
                <Word id="w_w2aab1b1b2c13b5b3b1" language="English" custom="readingOrder {index:4;}">
                    <Coords points="2539,2374 2860,2374 2860,2476 2539,2476"/>
                    <TextEquiv>
                        <Unicode>Malgré</Unicode>
                    </TextEquiv>
                    <TextStyle fontFamily="Times New Roman" fontSize="11.0"/>
                </Word>
                <Word id="w_w2aab1b1b2c13b5b3c15" language="English" custom="readingOrder {index:5;}">
                    <Coords points="2897,2370 2974,2370 2974,2452 2897,2452"/>
                    <TextEquiv>
                        <Unicode>le</Unicode>
                    </TextEquiv>
                    <TextStyle fontFamily="Times New Roman" fontSize="11.0"/>
                </Word>
                <Word id="w_w2aab1b1b2c13b5b3c21" language="English" custom="readingOrder {index:6;}">
                    <Coords points="3007,2369 3260,2369 3260,2461 3007,2461"/>
                    <TextEquiv>
                        <Unicode>froid,</Unicode>
                    </TextEquiv>
                    <TextStyle fontFamily="Times New Roman" fontSize="11.0"/>
                </Word>
                <Word id="w_w2aab1b1b2c13b5b3c35" language="English" custom="readingOrder {index:7;}">
                    <Coords points="3315,2388 3532,2388 3532,2447 3315,2447"/>
                    <TextEquiv>
                        <Unicode>nous</Unicode>
                    </TextEquiv>
                    <TextStyle fontFamily="Times New Roman" fontSize="11.0"/>
                </Word>
                <Word id="w_w2aab1b1b2c13b5b3c45" language="English" custom="readingOrder {index:8;}">
                    <Coords points="3593,2383 3810,2383 3810,2441 3593,2441"/>
                    <TextEquiv>
                        <Unicode>nous</Unicode>
                    </TextEquiv>
                    <TextStyle fontFamily="Times New Roman" fontSize="11.0"/>
                </Word>
                <Word id="w_w2aab1b1b2c13b5b3c55" language="English" custom="readingOrder {index:9;}">
                    <Coords points="3861,2368 4216,2368 4216,2460 3861,2460"/>
                    <TextEquiv>
                        <Unicode>portons</Unicode>
                    </TextEquiv>
                    <TextStyle fontFamily="Times New Roman" fontSize="11.0"/>
                </Word>
                <Word id="w_w2aab1b1b2c13b5b3c71" language="English" custom="readingOrder {index:10;}">
                    <Coords points="4255,2351 4444,2351 4444,2432 4255,2432"/>
                    <TextEquiv>
                        <Unicode>bien</Unicode>
                    </TextEquiv>
                    <TextStyle fontFamily="Times New Roman" fontSize="11.0"/>
                </Word>
                <Word id="w_w2aab1b1b2c13b5b4b1" language="English" custom="readingOrder {index:11;}">
                    <Coords points="4487,2347 4644,2347 4644,2442 4487,2442"/>
                    <TextEquiv>
                        <Unicode>ici;</Unicode>
                    </TextEquiv>
                    <TextStyle fontFamily="Times New Roman" fontSize="11.0"/>
                </Word>
                <Word id="w_w2aab1b1b2c13b5b5b1" language="English" custom="readingOrder {index:12;}">
                    <Coords points="4683,2343 4943,2343 4943,2423 4683,2423"/>
                    <TextEquiv>
                        <Unicode>Louis</Unicode>
                    </TextEquiv>
                    <TextStyle fontFamily="Times New Roman" fontSize="11.0"/>
                </Word>
                <TextEquiv>
                    <Unicode>« plus ferme soutien.... Malgré le froid, nous nous portons bien ici; Louis</Unicode>
                </TextEquiv>
            </TextLine>
            <TextLine id="tl_14" primaryLanguage="English" custom="readingOrder {index:3;}">
                <Coords points="1406,2440 4949,2440 4949,2590 1406,2590"/>
                <Baseline points="1406,2558 1445,2558 1873,2562 2163,2572 2293,2555 2549,2552 2741,2554 2989,2552 3317,2548 3891,2538 4109,2536 4273,2532 4815,2522 4948,2517"/>
                <Word id="w_w2aab1b1b2c13b7ab1" language="English" custom="readingOrder {index:0;}">
                    <Coords points="1406,2499 1445,2499 1445,2566 1406,2566"/>
                    <TextEquiv>
                        <Unicode>«</Unicode>
                    </TextEquiv>
                    <TextStyle fontFamily="Times New Roman" fontSize="11.0"/>
                </Word>
                <Word id="w_w2aab1b1b2c13b7b1b1" language="English" custom="readingOrder {index:1;}">
                    <Coords points="1494,2482 1873,2482 1873,2566 1494,2566"/>
                    <TextEquiv>
                        <Unicode>travaille</Unicode>
                    </TextEquiv>
                    <TextStyle fontFamily="Times New Roman" fontSize="11.0"/>
                </Word>
                <Word id="w_w2aab1b1b2c13b7b1c21" language="English" custom="readingOrder {index:2;}">
                    <Coords points="1934,2482 2163,2482 2163,2572 1934,2572"/>
                    <TextEquiv>
                        <Unicode>bien,</Unicode>
                    </TextEquiv>
                    <TextStyle fontFamily="Times New Roman" fontSize="11.0"/>
                </Word>
                <Word id="w_w2aab1b1b2c13b7b1c33" language="English" custom="readingOrder {index:3;}">
                    <Coords points="2208,2487 2293,2487 2293,2556 2208,2556"/>
                    <TextEquiv>
                        <Unicode>et</Unicode>
                    </TextEquiv>
                    <TextStyle fontFamily="Times New Roman" fontSize="11.0"/>
                </Word>
                <Word id="w_w2aab1b1b2c13b7b1c39" language="English" custom="readingOrder {index:4;}">
                    <Coords points="2330,2473 2549,2473 2549,2556 2330,2556"/>
                    <TextEquiv>
                        <Unicode>voilà</Unicode>
                    </TextEquiv>
                    <TextStyle fontFamily="Times New Roman" fontSize="11.0"/>
                </Word>
                <Word id="w_w2aab1b1b2c13b7b1c51" language="English" custom="readingOrder {index:5;}">
                    <Coords points="2606,2497 2741,2497 2741,2554 2606,2554"/>
                    <TextEquiv>
                        <Unicode>ma</Unicode>
                    </TextEquiv>
                    <TextStyle fontFamily="Times New Roman" fontSize="11.0"/>
                </Word>
                <Word id="w_w2aab1b1b2c13b7b1c57" language="English" custom="readingOrder {index:6;}">
                    <Coords points="2798,2471 2989,2471 2989,2575 2798,2575"/>
                    <TextEquiv>
                        <Unicode>plus</Unicode>
                    </TextEquiv>
                    <TextStyle fontFamily="Times New Roman" fontSize="11.0"/>
                </Word>
                <Word id="w_w2aab1b1b2c13b7b1c67" language="English" custom="readingOrder {index:7;}">
                    <Coords points="3040,2470 3317,2470 3317,2550 3040,2550"/>
                    <TextEquiv>
                        <Unicode>douce</Unicode>
                    </TextEquiv>
                    <TextStyle fontFamily="Times New Roman" fontSize="11.0"/>
                </Word>
                <Word id="w_w2aab1b1b2c13b7b1c79" language="English" custom="readingOrder {index:8;}">
                    <Coords points="3376,2461 3891,2461 3891,2565 3376,2565"/>
                    <TextEquiv>
                        <Unicode>occupation</Unicode>
                    </TextEquiv>
                    <TextStyle fontFamily="Times New Roman" fontSize="11.0"/>
                </Word>
                <Word id="w_w2aab1b1b2c13b7b1d101" language="English" custom="readingOrder {index:9;}">
                    <Coords points="3940,2477 4109,2477 4109,2561 3940,2561"/>
                    <TextEquiv>
                        <Unicode>que</Unicode>
                    </TextEquiv>
                    <TextStyle fontFamily="Times New Roman" fontSize="11.0"/>
                </Word>
                <Word id="w_w2aab1b1b2c13b7b1d109" language="English" custom="readingOrder {index:10;}">
                    <Coords points="4164,2454 4273,2454 4273,2533 4164,2533"/>
                    <TextEquiv>
                        <Unicode>de</Unicode>
                    </TextEquiv>
                    <TextStyle fontFamily="Times New Roman" fontSize="11.0"/>
                </Word>
                <Word id="w_w2aab1b1b2c13b7b1d115" language="English" custom="readingOrder {index:11;}">
                    <Coords points="4328,2454 4815,2454 4815,2545 4328,2545"/>
                    <TextEquiv>
                        <Unicode>m’occuper</Unicode>
                    </TextEquiv>
                    <TextStyle fontFamily="Times New Roman" fontSize="11.0"/>
                </Word>
                <Word id="w_w2aab1b1b2c13b7b1d135" language="English" custom="readingOrder {index:12;}">
                    <Coords points="4844,2441 4948,2441 4948,2520 4844,2520"/>
                    <TextEquiv>
                        <Unicode>de</Unicode>
                    </TextEquiv>
                    <TextStyle fontFamily="Times New Roman" fontSize="11.0"/>
                </Word>
                <TextEquiv>
                    <Unicode>« travaille bien, et voilà ma plus douce occupation que de m’occuper de</Unicode>
                </TextEquiv>
            </TextLine>
            <TextLine id="tl_15" primaryLanguage="English" custom="readingOrder {index:4;}">
                <Coords points="1405,2583 1916,2583 1916,2682 1405,2682"/>
                <Baseline points="1405,2656 1444,2656 1638,2680 1810,2662 1916,2651"/>
                <Word id="w_w2aab1b1b2c13b9ab1" language="English" custom="readingOrder {index:0;}">
                    <Coords points="1405,2587 1444,2587 1444,2664 1405,2664"/>
                    <TextEquiv>
                        <Unicode>«</Unicode>
                    </TextEquiv>
                    <TextStyle fontFamily="Times New Roman" fontSize="11.0"/>
                </Word>
                <Word id="w_w2aab1b1b2c13b9b1b1" language="English" custom="readingOrder {index:1;}">
                    <Coords points="1491,2587 1638,2587 1638,2680 1491,2680"/>
                    <TextEquiv>
                        <Unicode>lui,</Unicode>
                    </TextEquiv>
                    <TextStyle fontFamily="Times New Roman" fontSize="11.0"/>
                </Word>
                <Word id="w_w2aab1b1b2c13b9b1c11" language="English" custom="readingOrder {index:2;}">
                    <Coords points="1675,2594 1838,2594 1838,2665 1675,2665"/>
                    <TextEquiv>
                        <Unicode>etc.</Unicode>
                    </TextEquiv>
                    <TextStyle fontFamily="Times New Roman" fontSize="11.0"/>
                </Word>
                <Word id="w_w2aab1b1b2c13b9b2b1" language="English" custom="readingOrder {index:3;}">
                    <Coords points="1875,2613 1916,2613 1916,2651 1875,2651"/>
                    <TextEquiv>
                        <Unicode>»</Unicode>
                    </TextEquiv>
                    <TextStyle fontFamily="Times New Roman" fontSize="11.0"/>
                </Word>
                <TextEquiv>
                    <Unicode>« lui, etc. »</Unicode>
                </TextEquiv>
            </TextLine>
            <TextEquiv>
                <Unicode>Elle le complimente sur l’heureux accouchement de sa femme... « Cer¬
« tainement, dit elle, elle ne veut pas laisser périr le nom, et s’en trouve le
« plus ferme soutien.... Malgré le froid, nous nous portons bien ici; Louis
« travaille bien, et voilà ma plus douce occupation que de m’occuper de
« lui, etc. »</Unicode>
            </TextEquiv>
        </TextRegion>
        <TextRegion type="paragraph" id="r_1_8" custom="readingOrder {index:8;}">
            <Coords points="1110,2737 4953,2737 4953,2924 1110,2924"/>
            <TextLine id="tl_16" primaryLanguage="English" custom="readingOrder {index:0;}">
                <Coords points="1111,2738 4952,2738 4952,2923 1111,2923"/>
                <Baseline points="1111,2891 1294,2890 2372,2877 2660,2877 2838,2874 3308,2869 3834,2873 4086,2856 4322,2856 4750,2843 4952,2839"/>
                <Word id="w_w2aab1b1b2c15b1ab1" language="English" custom="readingOrder {index:0;}">
                    <Coords points="1111,2785 1294,2785 1294,2891 1111,2891"/>
                    <TextEquiv>
                        <Unicode>41.</Unicode>
                    </TextEquiv>
                    <TextStyle fontFamily="Times New Roman" fontSize="13.0" bold="true"/>
                </Word>
                <Word id="w_w2aab1b1b2c15b1ab9" language="English" custom="readingOrder {index:1;}">
                    <Coords points="1387,2768 2372,2768 2372,2883 1387,2883"/>
                    <TextEquiv>
                        <Unicode>BONAPARTE</Unicode>
                    </TextEquiv>
                    <TextStyle fontFamily="Times New Roman" fontSize="13.0" bold="true"/>
                </Word>
                <Word id="w_w2aab1b1b2c15b1ac29" language="English" custom="readingOrder {index:2;}">
                    <Coords points="2431,2770 2660,2770 2660,2899 2431,2899"/>
                    <TextEquiv>
                        <Unicode>(dit</Unicode>
                    </TextEquiv>
                    <TextStyle fontFamily="Times New Roman" fontSize="13.0" bold="true"/>
                </Word>
                <Word id="w_w2aab1b1b2c15b1ac39" language="English" custom="readingOrder {index:3;}">
                    <Coords points="2739,2772 2838,2772 2838,2874 2739,2874"/>
                    <TextEquiv>
                        <Unicode>le</Unicode>
                    </TextEquiv>
                    <TextStyle fontFamily="Times New Roman" fontSize="13.0" bold="true"/>
                </Word>
                <Word id="w_w2aab1b1b2c15b1ac45" language="English" custom="readingOrder {index:4;}">
                    <Coords points="2919,2768 3308,2768 3308,2904 2919,2904"/>
                    <TextEquiv>
                        <Unicode>prince</Unicode>
                    </TextEquiv>
                    <TextStyle fontFamily="Times New Roman" fontSize="13.0" bold="true"/>
                </Word>
                <Word id="w_w2aab1b1b2c15b1ac59" language="English" custom="readingOrder {index:5;}">
                    <Coords points="3375,2758 3834,2758 3834,2883 3375,2883"/>
                    <TextEquiv>
                        <Unicode>Louis),</Unicode>
                    </TextEquiv>
                    <TextStyle fontFamily="Times New Roman" fontSize="13.0" bold="true"/>
                </Word>
                <Word id="w_w2aab1b1b2c15b1ac75" language="English" custom="readingOrder {index:6;}">
                    <Coords points="3919,2752 4086,2752 4086,2857 3919,2857"/>
                    <TextEquiv>
                        <Unicode>(ils</Unicode>
                    </TextEquiv>
                    <TextStyle fontFamily="Times New Roman" fontSize="13.0" bold="true"/>
                </Word>
                <Word id="w_w2aab1b1b2c15b1ac85" language="English" custom="readingOrder {index:7;}">
                    <Coords points="4183,2750 4322,2750 4322,2856 4183,2856"/>
                    <TextEquiv>
                        <Unicode>de</Unicode>
                    </TextEquiv>
                    <TextStyle fontFamily="Times New Roman" fontSize="13.0" bold="true"/>
                </Word>
                <Word id="w_w2aab1b1b2c15b1ac91" language="English" custom="readingOrder {index:8;}">
                    <Coords points="4413,2743 4750,2743 4750,2850 4413,2850"/>
                    <TextEquiv>
                        <Unicode>Louis</Unicode>
                    </TextEquiv>
                    <TextStyle fontFamily="Times New Roman" fontSize="13.0" bold="true"/>
                </Word>
                <Word id="w_w2aab1b1b2c15b1ad103" language="English" custom="readingOrder {index:9;}">
                    <Coords points="4843,2742 4952,2742 4952,2844 4843,2844"/>
                    <TextEquiv>
                        <Unicode>et</Unicode>
                    </TextEquiv>
                    <TextStyle fontFamily="Times New Roman" fontSize="13.0" bold="true"/>
                </Word>
                <TextEquiv>
                    <Unicode>41. &lt;b&gt;BONAPARTE&lt;/b&gt; (dit le prince Louis), fils de Louis et</Unicode>
                </TextEquiv>
                <TextStyle fontFamily="Times New Roman" fontSize="13.0" bold="true"/>
            </TextLine>
            <TextEquiv>
                <Unicode>41. &lt;b&gt;BONAPARTE&lt;/b&gt; (dit le prince Louis), fils de Louis et</Unicode>
            </TextEquiv>
        </TextRegion>
        <TextRegion type="paragraph" id="r_1_9" custom="readingOrder {index:9;}">
            <Coords points="1556,2900 4309,2900 4309,3068 1556,3068"/>
            <TextLine id="tl_17" primaryLanguage="English" custom="readingOrder {index:0;}">
                <Coords points="1557,2901 4308,2901 4308,3067 1557,3067"/>
                <Baseline points="1557,3037 2300,3055 3010,3026 3208,3022 3722,3014 3916,3010 4308,3006"/>
                <Word id="w_w2aab1b1b2c17b1ab1" language="English" custom="readingOrder {index:0;}">
                    <Coords points="1557,2928 2300,2928 2300,3055 1557,3055"/>
                    <TextEquiv>
                        <Unicode>d’Horlense,</Unicode>
                    </TextEquiv>
                    <TextStyle fontFamily="Times New Roman" fontSize="13.0" bold="true"/>
                </Word>
                <Word id="w_w2aab1b1b2c17b1ac25" language="English" custom="readingOrder {index:1;}">
                    <Coords points="2375,2925 3010,2925 3010,3058 2375,3058"/>
                    <TextEquiv>
                        <Unicode>prisonnier</Unicode>
                    </TextEquiv>
                    <TextStyle fontFamily="Times New Roman" fontSize="13.0" bold="true"/>
                </Word>
                <Word id="w_w2aab1b1b2c17b1ac47" language="English" custom="readingOrder {index:2;}">
                    <Coords points="3069,2946 3208,2946 3208,3024 3069,3024"/>
                    <TextEquiv>
                        <Unicode>au</Unicode>
                    </TextEquiv>
                    <TextStyle fontFamily="Times New Roman" fontSize="13.0" bold="true"/>
                </Word>
                <Word id="w_w2aab1b1b2c17b1ac53" language="English" custom="readingOrder {index:3;}">
                    <Coords points="3263,2916 3722,2916 3722,3020 3263,3020"/>
                    <TextEquiv>
                        <Unicode>château</Unicode>
                    </TextEquiv>
                    <TextStyle fontFamily="Times New Roman" fontSize="13.0" bold="true"/>
                </Word>
                <Word id="w_w2aab1b1b2c17b1ac69" language="English" custom="readingOrder {index:4;}">
                    <Coords points="3777,2908 3916,2908 3916,3013 3777,3013"/>
                    <TextEquiv>
                        <Unicode>de</Unicode>
                    </TextEquiv>
                    <TextStyle fontFamily="Times New Roman" fontSize="13.0" bold="true"/>
                </Word>
                <Word id="w_w2aab1b1b2c17b1ac75" language="English" custom="readingOrder {index:5;}">
                    <Coords points="3979,2904 4308,2904 4308,3010 3979,3010"/>
                    <TextEquiv>
                        <Unicode>Ham.</Unicode>
                    </TextEquiv>
                    <TextStyle fontFamily="Times New Roman" fontSize="13.0" bold="true"/>
                </Word>
                <TextEquiv>
                    <Unicode>d’Hortense, prisonnier au château de Ham.</Unicode>
                </TextEquiv>
                <TextStyle fontFamily="Times New Roman" fontSize="13.0" bold="true"/>
            </TextLine>
            <TextEquiv>
                <Unicode>d’Hortense, prisonnier au château de Ham.</Unicode>
            </TextEquiv>
        </TextRegion>
        <TextRegion type="paragraph" id="r_1_10" custom="readingOrder {index:10;}">
            <Coords points="1415,3036 4952,3036 4952,3317 1415,3317"/>
            <TextLine id="tl_18" primaryLanguage="English" custom="readingOrder {index:0;}">
                <Coords points="1540,3037 4951,3037 4951,3197 1540,3197"/>
                <Baseline points="1540,3169 1801,3168 2171,3164 2329,3161 2707,3159 2969,3158 3191,3153 3377,3150 3605,3147 4111,3160 4205,3137 4381,3135 4827,3126 4951,3143"/>
                <Word id="w_w2aab1b1b2c19b1ab1" language="English" custom="readingOrder {index:0;}">
                    <Coords points="1540,3081 1801,3081 1801,3169 1540,3169"/>
                    <TextEquiv>
                        <Unicode>Trois</Unicode>
                    </TextEquiv>
                    <TextStyle fontFamily="Times New Roman" fontSize="11.0" bold="true"/>
                </Word>
                <Word id="w_w2aab1b1b2c19b1ac13" language="English" custom="readingOrder {index:1;}">
                    <Coords points="1852,3079 2171,3079 2171,3165 1852,3165"/>
                    <TextEquiv>
                        <Unicode>lettres</Unicode>
                    </TextEquiv>
                    <TextStyle fontFamily="Times New Roman" fontSize="11.0" bold="true"/>
                </Word>
                <Word id="w_w2aab1b1b2c19b1ac29" language="English" custom="readingOrder {index:2;}">
                    <Coords points="2213,3100 2329,3100 2329,3161 2213,3161"/>
                    <TextEquiv>
                        <Unicode>ou</Unicode>
                    </TextEquiv>
                    <TextStyle fontFamily="Times New Roman" fontSize="11.0" bold="true"/>
                </Word>
                <Word id="w_w2aab1b1b2c19b1ac35" language="English" custom="readingOrder {index:3;}">
                    <Coords points="2388,3072 2707,3072 2707,3162 2388,3162"/>
                    <TextEquiv>
                        <Unicode>billets</Unicode>
                    </TextEquiv>
                    <TextStyle fontFamily="Times New Roman" fontSize="11.0" bold="true"/>
                </Word>
                <Word id="w_w2aab1b1b2c19b1ac51" language="English" custom="readingOrder {index:4;}">
                    <Coords points="2768,3078 2969,3078 2969,3160 2768,3160"/>
                    <TextEquiv>
                        <Unicode>aut.</Unicode>
                    </TextEquiv>
                    <TextStyle fontFamily="Times New Roman" fontSize="11.0" bold="true"/>
                </Word>
                <Word id="w_w2aab1b1b2c19b1ac61" language="English" custom="readingOrder {index:5;}">
                    <Coords points="3020,3066 3191,3066 3191,3180 3020,3180"/>
                    <TextEquiv>
                        <Unicode>sig.</Unicode>
                    </TextEquiv>
                    <TextStyle fontFamily="Times New Roman" fontSize="11.0" bold="true"/>
                </Word>
                <Word id="w_w2aab1b1b2c19b1ac71" language="English" custom="readingOrder {index:6;}">
                    <Coords points="3258,3062 3377,3062 3377,3152 3258,3152"/>
                    <TextEquiv>
                        <Unicode>de</Unicode>
                    </TextEquiv>
                    <TextStyle fontFamily="Times New Roman" fontSize="11.0" bold="true"/>
                </Word>
                <Word id="w_w2aab1b1b2c19b1ac77" language="English" custom="readingOrder {index:7;}">
                    <Coords points="3440,3083 3605,3083 3605,3150 3440,3150"/>
                    <TextEquiv>
                        <Unicode>son</Unicode>
                    </TextEquiv>
                    <TextStyle fontFamily="Times New Roman" fontSize="11.0" bold="true"/>
                </Word>
                <Word id="w_w2aab1b1b2c19b1ac85" language="English" custom="readingOrder {index:8;}">
                    <Coords points="3656,3053 4111,3053 4111,3168 3656,3168"/>
                    <TextEquiv>
                        <Unicode>paraphe,</Unicode>
                    </TextEquiv>
                    <TextStyle fontFamily="Times New Roman" fontSize="11.0" bold="true"/>
                </Word>
                <Word id="w_w2aab1b1b2c19b1ad103" language="English" custom="readingOrder {index:9;}">
                    <Coords points="4156,3046 4205,3046 4205,3137 4156,3137"/>
                    <TextEquiv>
                        <Unicode>à</Unicode>
                    </TextEquiv>
                    <TextStyle fontFamily="Times New Roman" fontSize="11.0" bold="true"/>
                </Word>
                <Word id="w_w2aab1b1b2c19b1ad107" language="English" custom="readingOrder {index:10;}">
                    <Coords points="4254,3053 4381,3053 4381,3136 4254,3136"/>
                    <TextEquiv>
                        <Unicode>M.</Unicode>
                    </TextEquiv>
                    <TextStyle fontFamily="Times New Roman" fontSize="11.0" bold="true"/>
                </Word>
                <Word id="w_w2aab1b1b2c19b1ad113" language="English" custom="readingOrder {index:11;}">
                    <Coords points="4434,3037 4887,3037 4887,3143 4434,3143"/>
                    <TextEquiv>
                        <Unicode>Lombard</Unicode>
                    </TextEquiv>
                    <TextStyle fontFamily="Times New Roman" fontSize="11.0" bold="true"/>
                </Word>
                <Word id="w_w2aab1b1b2c19b1b1b1" language="English" custom="readingOrder {index:12;}">
                    <Coords points="4928,3069 4951,3069 4951,3143 4928,3143"/>
                    <TextEquiv>
                        <Unicode>;</Unicode>
                    </TextEquiv>
                    <TextStyle fontFamily="Times New Roman" fontSize="11.0" bold="true"/>
                </Word>
                <TextEquiv>
                    <Unicode>Trois lettres ou billets aut. sig. de son paraphe, à M. Lombard;</Unicode>
                </TextEquiv>
            </TextLine>
            <TextLine id="tl_19" primaryLanguage="English" custom="readingOrder {index:1;}">
                <Coords points="1416,3192 2699,3192 2699,3316 1416,3316"/>
                <Baseline points="1416,3290 1937,3309 2042,3284 2374,3284 2698,3281"/>
                <Word id="w_w2aab1b1b2c19b3ab1" language="English" custom="readingOrder {index:0;}">
                    <Coords points="1416,3202 1937,3202 1937,3309 1416,3309"/>
                    <TextEquiv>
                        <Unicode>ensemble,</Unicode>
                    </TextEquiv>
                    <TextStyle fontFamily="Times New Roman" fontSize="11.0" bold="true"/>
                </Word>
                <Word id="w_w2aab1b1b2c19b3ac21" language="English" custom="readingOrder {index:1;}">
                    <Coords points="1992,3199 2042,3199 2042,3284 1992,3284"/>
                    <TextEquiv>
                        <Unicode>5</Unicode>
                    </TextEquiv>
                    <TextStyle fontFamily="Times New Roman" fontSize="11.0" bold="true"/>
                </Word>
                <Word id="w_w2aab1b1b2c19b3ac25" language="English" custom="readingOrder {index:2;}">
                    <Coords points="2092,3220 2374,3220 2374,3309 2092,3309"/>
                    <TextEquiv>
                        <Unicode>pages</Unicode>
                    </TextEquiv>
                    <TextStyle fontFamily="Times New Roman" fontSize="11.0" bold="true"/>
                </Word>
                <Word id="w_w2aab1b1b2c19b3ac37" language="English" custom="readingOrder {index:3;}">
                    <Coords points="2446,3193 2698,3193 2698,3281 2446,3281"/>
                    <TextEquiv>
                        <Unicode>in-8.</Unicode>
                    </TextEquiv>
                    <TextStyle fontFamily="Times New Roman" fontSize="11.0" bold="true"/>
                </Word>
                <TextEquiv>
                    <Unicode>ensemble, 5 pages in-8.</Unicode>
                </TextEquiv>
                <TextStyle fontFamily="Times New Roman" fontSize="11.0" bold="true"/>
            </TextLine>
            <TextEquiv>
                <Unicode>Trois lettres ou billets aut. sig. de son paraphe, à M. Lombard;
ensemble, 5 pages in-8.</Unicode>
            </TextEquiv>
        </TextRegion>
        <TextRegion type="paragraph" id="r_1_11" custom="readingOrder {index:11;}">
            <Coords points="1413,3271 4965,3271 4965,4511 1413,4511"/>
            <TextLine id="tl_20" primaryLanguage="English" custom="readingOrder {index:0;}">
                <Coords points="1521,3272 4954,3272 4954,3433 1521,3433"/>
                <Baseline points="1521,3395 1752,3395 1808,3396 2028,3390 2260,3390 2404,3392 2800,3388 2886,3385 3181,3376 3341,3372 3509,3372 3993,3365 4229,3362 4487,3360 4585,3357 4953,3349"/>
                <Word id="w_w2aab1b1b2c21b1ab1" language="English" custom="readingOrder {index:0;}">
                    <Coords points="1521,3320 1752,3320 1752,3396 1521,3396"/>
                    <TextEquiv>
                        <Unicode>Dans</Unicode>
                    </TextEquiv>
                    <TextStyle fontFamily="Times New Roman" fontSize="11.0"/>
                </Word>
                <Word id="w_w2aab1b1b2c21b1ac11" language="English" custom="readingOrder {index:1;}">
                    <Coords points="1789,3317 1864,3317 1864,3396 1789,3396"/>
                    <TextEquiv>
                        <Unicode>la</Unicode>
                    </TextEquiv>
                    <TextStyle fontFamily="Times New Roman" fontSize="11.0"/>
                </Word>
                <Word id="w_w2aab1b1b2c21b1b1b1" language="English" custom="readingOrder {index:2;}">
                    <Coords points="1925,3314 2170,3314 2170,3393 1925,3393"/>
                    <TextEquiv>
                        <Unicode>lettre</Unicode>
                    </TextEquiv>
                    <TextStyle fontFamily="Times New Roman" fontSize="11.0"/>
                </Word>
                <Word id="w_w2aab1b1b2c21b1b2b1" language="English" custom="readingOrder {index:3;}">
                    <Coords points="2215,3313 2324,3313 2324,3392 2215,3392"/>
                    <TextEquiv>
                        <Unicode>du</Unicode>
                    </TextEquiv>
                    <TextStyle fontFamily="Times New Roman" fontSize="11.0"/>
                </Word>
                <Word id="w_w2aab1b1b2c21b1b3b1" language="English" custom="readingOrder {index:4;}">
                    <Coords points="2363,3326 2404,3326 2404,3392 2363,3392"/>
                    <TextEquiv>
                        <Unicode>5</Unicode>
                    </TextEquiv>
                    <TextStyle fontFamily="Times New Roman" fontSize="11.0"/>
                </Word>
                <Word id="w_w2aab1b1b2c21b1b3b5" language="English" custom="readingOrder {index:5;}">
                    <Coords points="2443,3308 2800,3308 2800,3389 2443,3389"/>
                    <TextEquiv>
                        <Unicode>octobre</Unicode>
                    </TextEquiv>
                    <TextStyle fontFamily="Times New Roman" fontSize="11.0"/>
                </Word>
                <Word id="w_w2aab1b1b2c21b1b3c21" language="English" custom="readingOrder {index:6;}">
                    <Coords points="2859,3302 3094,3302 3094,3392 2859,3392"/>
                    <TextEquiv>
                        <Unicode>1839,</Unicode>
                    </TextEquiv>
                    <TextStyle fontFamily="Times New Roman" fontSize="11.0"/>
                </Word>
                <Word id="w_w2aab1b1b2c21b1b4b1" language="English" custom="readingOrder {index:7;}">
                    <Coords points="3129,3297 3181,3297 3181,3380 3129,3380"/>
                    <TextEquiv>
                        <Unicode>il</Unicode>
                    </TextEquiv>
                    <TextStyle fontFamily="Times New Roman" fontSize="11.0"/>
                </Word>
                <Word id="w_w2aab1b1b2c21b1b4b7" language="English" custom="readingOrder {index:8;}">
                    <Coords points="3227,3296 3341,3296 3341,3376 3227,3376"/>
                    <TextEquiv>
                        <Unicode>lui</Unicode>
                    </TextEquiv>
                    <TextStyle fontFamily="Times New Roman" fontSize="11.0"/>
                </Word>
                <Word id="w_w2aab1b1b2c21b1b4c15" language="English" custom="readingOrder {index:9;}">
                    <Coords points="3383,3294 3509,3294 3509,3375 3383,3375"/>
                    <TextEquiv>
                        <Unicode>dit</Unicode>
                    </TextEquiv>
                    <TextStyle fontFamily="Times New Roman" fontSize="11.0"/>
                </Word>
                <Word id="w_w2aab1b1b2c21b1b4c23" language="English" custom="readingOrder {index:10;}">
                    <Coords points="3545,3290 3993,3290 3993,3411 3545,3411"/>
                    <TextEquiv>
                        <Unicode>qu’aulant</Unicode>
                    </TextEquiv>
                    <TextStyle fontFamily="Times New Roman" fontSize="11.0"/>
                </Word>
                <Word id="w_w2aab1b1b2c21b1b4c43" language="English" custom="readingOrder {index:11;}">
                    <Coords points="4029,3282 4229,3282 4229,3386 4029,3386"/>
                    <TextEquiv>
                        <Unicode>qu’il</Unicode>
                    </TextEquiv>
                    <TextStyle fontFamily="Times New Roman" fontSize="11.0"/>
                </Word>
                <Word id="w_w2aab1b1b2c21b1b4c55" language="English" custom="readingOrder {index:12;}">
                    <Coords points="4269,3283 4487,3283 4487,3362 4269,3362"/>
                    <TextEquiv>
                        <Unicode>aime</Unicode>
                    </TextEquiv>
                    <TextStyle fontFamily="Times New Roman" fontSize="11.0"/>
                </Word>
                <Word id="w_w2aab1b1b2c21b1b4c65" language="English" custom="readingOrder {index:13;}">
                    <Coords points="4541,3278 4585,3278 4585,3357 4541,3357"/>
                    <TextEquiv>
                        <Unicode>à</Unicode>
                    </TextEquiv>
                    <TextStyle fontFamily="Times New Roman" fontSize="11.0"/>
                </Word>
                <Word id="w_w2aab1b1b2c21b1b4c69" language="English" custom="readingOrder {index:14;}">
                    <Coords points="4621,3275 4953,3275 4953,3356 4621,3356"/>
                    <TextEquiv>
                        <Unicode>donner</Unicode>
                    </TextEquiv>
                    <TextStyle fontFamily="Times New Roman" fontSize="11.0"/>
                </Word>
                <TextEquiv>
                    <Unicode>Dans la lettre du 5 octobre 1839, il lui dit qu’autant qu’il aime à donner</Unicode>
                </TextEquiv>
            </TextLine>
            <TextLine id="tl_21" primaryLanguage="English" custom="readingOrder {index:1;}">
                <Coords points="1414,3370 4957,3370 4957,3520 1414,3520"/>
                <Baseline points="1414,3496 1565,3493 1877,3494 1959,3493 2111,3491 2305,3481 2689,3487 3033,3479 3093,3476 3275,3475 3519,3470 3603,3471 3786,3465 4121,3476 4456,3458 4550,3453 4818,3450 4956,3447"/>
                <Word id="w_w2aab1b1b2c21b3ab1" language="English" custom="readingOrder {index:0;}">
                    <Coords points="1414,3420 1565,3420 1565,3496 1414,3496"/>
                    <TextEquiv>
                        <Unicode>des</Unicode>
                    </TextEquiv>
                    <TextStyle fontFamily="Times New Roman" fontSize="11.0"/>
                </Word>
                <Word id="w_w2aab1b1b2c21b3ab9" language="English" custom="readingOrder {index:1;}">
                    <Coords points="1598,3418 1877,3418 1877,3515 1598,3515"/>
                    <TextEquiv>
                        <Unicode>éloges</Unicode>
                    </TextEquiv>
                    <TextStyle fontFamily="Times New Roman" fontSize="11.0"/>
                </Word>
                <Word id="w_w2aab1b1b2c21b3ac23" language="English" custom="readingOrder {index:2;}">
                    <Coords points="1914,3414 1959,3414 1959,3493 1914,3493"/>
                    <TextEquiv>
                        <Unicode>à</Unicode>
                    </TextEquiv>
                    <TextStyle fontFamily="Times New Roman" fontSize="11.0"/>
                </Word>
                <Word id="w_w2aab1b1b2c21b3b1b1" language="English" custom="readingOrder {index:3;}">
                    <Coords points="2004,3415 2111,3415 2111,3492 2004,3492"/>
                    <TextEquiv>
                        <Unicode>M.</Unicode>
                    </TextEquiv>
                    <TextStyle fontFamily="Times New Roman" fontSize="11.0"/>
                </Word>
                <Word id="w_w2aab1b1b2c21b3b1b7" language="English" custom="readingOrder {index:4;}">
                    <Coords points="2150,3413 2305,3413 2305,3491 2150,3491"/>
                    <TextEquiv>
                        <Unicode>Ch-</Unicode>
                    </TextEquiv>
                    <TextStyle fontFamily="Times New Roman" fontSize="11.0"/>
                </Word>
                <Word id="w_w2aab1b1b2c21b3b1c15" language="English" custom="readingOrder {index:5;}">
                    <Coords points="2342,3409 2689,3409 2689,3490 2342,3490"/>
                    <TextEquiv>
                        <Unicode>Durand</Unicode>
                    </TextEquiv>
                    <TextStyle fontFamily="Times New Roman" fontSize="11.0"/>
                </Word>
                <Word id="w_w2aab1b1b2c21b3b1c29" language="English" custom="readingOrder {index:6;}">
                    <Coords points="2748,3401 3033,3401 3033,3506 2748,3506"/>
                    <TextEquiv>
                        <Unicode>quand</Unicode>
                    </TextEquiv>
                    <TextStyle fontFamily="Times New Roman" fontSize="11.0"/>
                </Word>
                <Word id="w_w2aab1b1b2c21b3b1c41" language="English" custom="readingOrder {index:7;}">
                    <Coords points="3070,3395 3125,3395 3125,3478 3070,3478"/>
                    <TextEquiv>
                        <Unicode>il</Unicode>
                    </TextEquiv>
                    <TextStyle fontFamily="Times New Roman" fontSize="11.0"/>
                </Word>
                <Word id="w_w2aab1b1b2c21b3b2b1" language="English" custom="readingOrder {index:8;}">
                    <Coords points="3184,3420 3275,3420 3275,3477 3184,3477"/>
                    <TextEquiv>
                        <Unicode>se</Unicode>
                    </TextEquiv>
                    <TextStyle fontFamily="Times New Roman" fontSize="11.0"/>
                </Word>
                <Word id="w_w2aab1b1b2c21b3b2b7" language="English" custom="readingOrder {index:9;}">
                    <Coords points="3314,3395 3519,3395 3519,3473 3314,3473"/>
                    <TextEquiv>
                        <Unicode>livre</Unicode>
                    </TextEquiv>
                    <TextStyle fontFamily="Times New Roman" fontSize="11.0"/>
                </Word>
                <Word id="w_w2aab1b1b2c21b3b2c19" language="English" custom="readingOrder {index:10;}">
                    <Coords points="3556,3413 3603,3413 3603,3471 3556,3471"/>
                    <TextEquiv>
                        <Unicode>a</Unicode>
                    </TextEquiv>
                    <TextStyle fontFamily="Times New Roman" fontSize="11.0"/>
                </Word>
                <Word id="w_w2aab1b1b2c21b3b3b1" language="English" custom="readingOrder {index:11;}">
                    <Coords points="3634,3409 3786,3409 3786,3468 3634,3468"/>
                    <TextEquiv>
                        <Unicode>son</Unicode>
                    </TextEquiv>
                    <TextStyle fontFamily="Times New Roman" fontSize="11.0"/>
                </Word>
                <Word id="w_w2aab1b1b2c21b3b3b9" language="English" custom="readingOrder {index:12;}">
                    <Coords points="3828,3387 4121,3387 4121,3476 3828,3476"/>
                    <TextEquiv>
                        <Unicode>talent,</Unicode>
                    </TextEquiv>
                    <TextStyle fontFamily="Times New Roman" fontSize="11.0"/>
                </Word>
                <Word id="w_w2aab1b1b2c21b3b3c25" language="English" custom="readingOrder {index:13;}">
                    <Coords points="4154,3390 4456,3390 4456,3463 4154,3463"/>
                    <TextEquiv>
                        <Unicode>autant</Unicode>
                    </TextEquiv>
                    <TextStyle fontFamily="Times New Roman" fontSize="11.0"/>
                </Word>
                <Word id="w_w2aab1b1b2c21b3b3c39" language="English" custom="readingOrder {index:14;}">
                    <Coords points="4500,3377 4550,3377 4550,3455 4500,3455"/>
                    <TextEquiv>
                        <Unicode>il</Unicode>
                    </TextEquiv>
                    <TextStyle fontFamily="Times New Roman" fontSize="11.0"/>
                </Word>
                <Word id="w_w2aab1b1b2c21b3b3c45" language="English" custom="readingOrder {index:15;}">
                    <Coords points="4600,3374 4818,3374 4818,3456 4600,3456"/>
                    <TextEquiv>
                        <Unicode>croit</Unicode>
                    </TextEquiv>
                    <TextStyle fontFamily="Times New Roman" fontSize="11.0"/>
                </Word>
                <Word id="w_w2aab1b1b2c21b3b3c57" language="English" custom="readingOrder {index:16;}">
                    <Coords points="4852,3371 4956,3371 4956,3450 4852,3450"/>
                    <TextEquiv>
                        <Unicode>de</Unicode>
                    </TextEquiv>
                    <TextStyle fontFamily="Times New Roman" fontSize="11.0"/>
                </Word>
                <TextEquiv>
                    <Unicode>des éloges à M. Ch. Durand quand il se livre a son talent, autant il croit de</Unicode>
                </TextEquiv>
            </TextLine>
            <TextLine id="tl_22" primaryLanguage="English" custom="readingOrder {index:2;}">
                <Coords points="1417,3468 4954,3468 4954,3620 1417,3620"/>
                <Baseline points="1417,3596 1572,3595 1770,3593 1994,3588 2202,3588 2286,3589 2794,3582 2888,3581 3898,3564 3992,3563 4150,3561 4411,3559 4559,3555 4953,3547"/>
                <Word id="w_w2aab1b1b2c21b5ab1" language="English" custom="readingOrder {index:0;}">
                    <Coords points="1417,3539 1572,3539 1572,3596 1417,3596"/>
                    <TextEquiv>
                        <Unicode>son</Unicode>
                    </TextEquiv>
                    <TextStyle fontFamily="Times New Roman" fontSize="11.0"/>
                </Word>
                <Word id="w_w2aab1b1b2c21b5ab9" language="English" custom="readingOrder {index:1;}">
                    <Coords points="1615,3512 1910,3512 1910,3594 1615,3594"/>
                    <TextEquiv>
                        <Unicode>devoir</Unicode>
                    </TextEquiv>
                    <TextStyle fontFamily="Times New Roman" fontSize="11.0"/>
                </Word>
                <Word id="w_w2aab1b1b2c21b5b1b1" language="English" custom="readingOrder {index:2;}">
                    <Coords points="1947,3511 2050,3511 2050,3590 1947,3590"/>
                    <TextEquiv>
                        <Unicode>de</Unicode>
                    </TextEquiv>
                    <TextStyle fontFamily="Times New Roman" fontSize="11.0"/>
                </Word>
                <Word id="w_w2aab1b1b2c21b5b2b1" language="English" custom="readingOrder {index:3;}">
                    <Coords points="2089,3511 2202,3511 2202,3589 2089,3589"/>
                    <TextEquiv>
                        <Unicode>lui</Unicode>
                    </TextEquiv>
                    <TextStyle fontFamily="Times New Roman" fontSize="11.0"/>
                </Word>
                <Word id="w_w2aab1b1b2c21b5b2b9" language="English" custom="readingOrder {index:4;}">
                    <Coords points="2241,3509 2660,3509 2660,3610 2241,3610"/>
                    <TextEquiv>
                        <Unicode>exprimer</Unicode>
                    </TextEquiv>
                    <TextStyle fontFamily="Times New Roman" fontSize="11.0"/>
                </Word>
                <Word id="w_w2aab1b1b2c21b5b3b1" language="English" custom="readingOrder {index:5;}">
                    <Coords points="2701,3525 2794,3525 2794,3582 2701,3582"/>
                    <TextEquiv>
                        <Unicode>sa</Unicode>
                    </TextEquiv>
                    <TextStyle fontFamily="Times New Roman" fontSize="11.0"/>
                </Word>
                <Word id="w_w2aab1b1b2c21b5b3b7" language="English" custom="readingOrder {index:6;}">
                    <Coords points="2841,3494 3560,3494 3560,3600 2841,3600"/>
                    <TextEquiv>
                        <Unicode>désapprobation</Unicode>
                    </TextEquiv>
                    <TextStyle fontFamily="Times New Roman" fontSize="11.0"/>
                </Word>
                <Word id="w_w2aab1b1b2c21b5b4b1" language="English" custom="readingOrder {index:7;}">
                    <Coords points="3615,3488 3898,3488 3898,3589 3615,3589"/>
                    <TextEquiv>
                        <Unicode>quand</Unicode>
                    </TextEquiv>
                    <TextStyle fontFamily="Times New Roman" fontSize="11.0"/>
                </Word>
                <Word id="w_w2aab1b1b2c21b5b4c13" language="English" custom="readingOrder {index:8;}">
                    <Coords points="3939,3487 3992,3487 3992,3563 3939,3563"/>
                    <TextEquiv>
                        <Unicode>il</Unicode>
                    </TextEquiv>
                    <TextStyle fontFamily="Times New Roman" fontSize="11.0"/>
                </Word>
                <Word id="w_w2aab1b1b2c21b5b4c19" language="English" custom="readingOrder {index:9;}">
                    <Coords points="4051,3482 4150,3482 4150,3562 4051,3562"/>
                    <TextEquiv>
                        <Unicode>lit</Unicode>
                    </TextEquiv>
                    <TextStyle fontFamily="Times New Roman" fontSize="11.0"/>
                </Word>
                <Word id="w_w2aab1b1b2c21b5b4c27" language="English" custom="readingOrder {index:10;}">
                    <Coords points="4199,3482 4411,3482 4411,3561 4199,3561"/>
                    <TextEquiv>
                        <Unicode>dans</Unicode>
                    </TextEquiv>
                    <TextStyle fontFamily="Times New Roman" fontSize="11.0"/>
                </Word>
                <Word id="w_w2aab1b1b2c21b5b4c37" language="English" custom="readingOrder {index:11;}">
                    <Coords points="4451,3499 4559,3499 4559,3556 4451,3556"/>
                    <TextEquiv>
                        <Unicode>un</Unicode>
                    </TextEquiv>
                    <TextStyle fontFamily="Times New Roman" fontSize="11.0"/>
                </Word>
                <Word id="w_w2aab1b1b2c21b5b4c43" language="English" custom="readingOrder {index:12;}">
                    <Coords points="4611,3468 4953,3468 4953,3578 4611,3578"/>
                    <TextEquiv>
                        <Unicode>journal</Unicode>
                    </TextEquiv>
                    <TextStyle fontFamily="Times New Roman" fontSize="11.0"/>
                </Word>
                <TextEquiv>
                    <Unicode>son devoir de lui exprimer sa désapprobation quand il lit dans un journal</Unicode>
                </TextEquiv>
            </TextLine>
            <TextLine id="tl_23" primaryLanguage="English" custom="readingOrder {index:3;}">
                <Coords points="1418,3570 4961,3570 4961,3716 1418,3716"/>
                <Baseline points="1418,3694 1723,3693 1785,3690 2359,3687 2541,3687 2683,3683 3023,3677 3687,3664 3997,3685 4211,3661 4503,3678 4701,3672 4960,3645"/>
                <Word id="w_w2aab1b1b2c21b7ab1" language="English" custom="readingOrder {index:0;}">
                    <Coords points="1418,3615 1723,3615 1723,3715 1418,3715"/>
                    <TextEquiv>
                        <Unicode>auquel</Unicode>
                    </TextEquiv>
                    <TextStyle fontFamily="Times New Roman" fontSize="11.0"/>
                </Word>
                <Word id="w_w2aab1b1b2c21b7ac15" language="English" custom="readingOrder {index:1;}">
                    <Coords points="1764,3613 1817,3613 1817,3692 1764,3692"/>
                    <TextEquiv>
                        <Unicode>il</Unicode>
                    </TextEquiv>
                    <TextStyle fontFamily="Times New Roman" fontSize="11.0"/>
                </Word>
                <Word id="w_w2aab1b1b2c21b7b1b1" language="English" custom="readingOrder {index:2;}">
                    <Coords points="1876,3612 2359,3612 2359,3690 1876,3690"/>
                    <TextEquiv>
                        <Unicode>s’intéresse</Unicode>
                    </TextEquiv>
                    <TextStyle fontFamily="Times New Roman" fontSize="11.0"/>
                </Word>
                <Word id="w_w2aab1b1b2c21b7b1c25" language="English" custom="readingOrder {index:3;}">
                    <Coords points="2392,3607 2541,3607 2541,3687 2392,3687"/>
                    <TextEquiv>
                        <Unicode>des</Unicode>
                    </TextEquiv>
                    <TextStyle fontFamily="Times New Roman" fontSize="11.0"/>
                </Word>
                <Word id="w_w2aab1b1b2c21b7b1c33" language="English" custom="readingOrder {index:4;}">
                    <Coords points="2590,3601 2937,3601 2937,3683 2590,3683"/>
                    <TextEquiv>
                        <Unicode>articles</Unicode>
                    </TextEquiv>
                    <TextStyle fontFamily="Times New Roman" fontSize="11.0"/>
                </Word>
                <Word id="w_w2aab1b1b2c21b7b2b1" language="English" custom="readingOrder {index:5;}">
                    <Coords points="2976,3594 3209,3594 3209,3678 2976,3678"/>
                    <TextEquiv>
                        <Unicode>aussi</Unicode>
                    </TextEquiv>
                    <TextStyle fontFamily="Times New Roman" fontSize="11.0"/>
                </Word>
                <Word id="w_w2aab1b1b2c21b7b3b1" language="English" custom="readingOrder {index:6;}">
                    <Coords points="3268,3594 3891,3594 3891,3686 3268,3686"/>
                    <TextEquiv>
                        <Unicode>inconvenants</Unicode>
                    </TextEquiv>
                    <TextStyle fontFamily="Times New Roman" fontSize="11.0"/>
                </Word>
                <Word id="w_w2aab1b1b2c21b7b4b1" language="English" custom="readingOrder {index:7;}">
                    <Coords points="3944,3601 4111,3601 4111,3685 3944,3685"/>
                    <TextEquiv>
                        <Unicode>que</Unicode>
                    </TextEquiv>
                    <TextStyle fontFamily="Times New Roman" fontSize="11.0"/>
                </Word>
                <Word id="w_w2aab1b1b2c21b7b5b1" language="English" custom="readingOrder {index:8;}">
                    <Coords points="4166,3580 4389,3580 4389,3678 4166,3678"/>
                    <TextEquiv>
                        <Unicode>celui</Unicode>
                    </TextEquiv>
                    <TextStyle fontFamily="Times New Roman" fontSize="11.0"/>
                </Word>
                <Word id="w_w2aab1b1b2c21b7b6b1" language="English" custom="readingOrder {index:9;}">
                    <Coords points="4450,3576 4594,3576 4594,3678 4450,3678"/>
                    <TextEquiv>
                        <Unicode>qui</Unicode>
                    </TextEquiv>
                    <TextStyle fontFamily="Times New Roman" fontSize="11.0"/>
                </Word>
                <Word id="w_w2aab1b1b2c21b7b7b1" language="English" custom="readingOrder {index:10;}">
                    <Coords points="4650,3595 4701,3595 4701,3672 4650,3672"/>
                    <TextEquiv>
                        <Unicode>y</Unicode>
                    </TextEquiv>
                    <TextStyle fontFamily="Times New Roman" fontSize="11.0"/>
                </Word>
                <Word id="w_w2aab1b1b2c21b7b7b5" language="English" custom="readingOrder {index:11;}">
                    <Coords points="4752,3571 4960,3571 4960,3649 4752,3649"/>
                    <TextEquiv>
                        <Unicode>était</Unicode>
                    </TextEquiv>
                    <TextStyle fontFamily="Times New Roman" fontSize="11.0"/>
                </Word>
                <TextEquiv>
                    <Unicode>auquel il s’intéresse des articles aussi inconvenants que celui qui y était</Unicode>
                </TextEquiv>
            </TextLine>
            <TextLine id="tl_24" primaryLanguage="English" custom="readingOrder {index:4;}">
                <Coords points="1419,3668 4962,3668 4962,3812 1419,3812"/>
                <Baseline points="1419,3792 1698,3794 1944,3789 2060,3790 2206,3760 2286,3785 2452,3786 2992,3778 3072,3767 3192,3772 3700,3766 3812,3767 4186,3773 4380,3757 4466,3756 4610,3751 4961,3727"/>
                <Word id="w_w2aab1b1b2c21b9ab1" language="English" custom="readingOrder {index:0;}">
                    <Coords points="1419,3717 1698,3717 1698,3794 1419,3794"/>
                    <TextEquiv>
                        <Unicode>inséré</Unicode>
                    </TextEquiv>
                    <TextStyle fontFamily="Times New Roman" fontSize="11.0"/>
                </Word>
                <Word id="w_w2aab1b1b2c21b9ac15" language="English" custom="readingOrder {index:1;}">
                    <Coords points="1731,3712 1944,3712 1944,3791 1731,3791"/>
                    <TextEquiv>
                        <Unicode>dans</Unicode>
                    </TextEquiv>
                    <TextStyle fontFamily="Times New Roman" fontSize="11.0"/>
                </Word>
                <Word id="w_w2aab1b1b2c21b9ac25" language="English" custom="readingOrder {index:2;}">
                    <Coords points="1981,3710 2060,3710 2060,3790 1981,3790"/>
                    <TextEquiv>
                        <Unicode>le</Unicode>
                    </TextEquiv>
                    <TextStyle fontFamily="Times New Roman" fontSize="11.0"/>
                </Word>
                <Word id="w_w2aab1b1b2c21b9ac31" language="English" custom="readingOrder {index:3;}">
                    <Coords points="2111,3728 2206,3728 2206,3789 2111,3789"/>
                    <TextEquiv>
                        <Unicode>n°</Unicode>
                    </TextEquiv>
                    <TextStyle fontFamily="Times New Roman" fontSize="11.0"/>
                </Word>
                <Word id="w_w2aab1b1b2c21b9ac37" language="English" custom="readingOrder {index:4;}">
                    <Coords points="2237,3709 2350,3709 2350,3787 2237,3787"/>
                    <TextEquiv>
                        <Unicode>du</Unicode>
                    </TextEquiv>
                    <TextStyle fontFamily="Times New Roman" fontSize="11.0"/>
                </Word>
                <Word id="w_w2aab1b1b2c21b9b1b1" language="English" custom="readingOrder {index:5;}">
                    <Coords points="2407,3719 2452,3719 2452,3786 2407,3786"/>
                    <TextEquiv>
                        <Unicode>2</Unicode>
                    </TextEquiv>
                    <TextStyle fontFamily="Times New Roman" fontSize="11.0"/>
                </Word>
                <Word id="w_w2aab1b1b2c21b9b1b5" language="English" custom="readingOrder {index:6;}">
                    <Coords points="2501,3704 2992,3704 2992,3786 2501,3786"/>
                    <TextEquiv>
                        <Unicode>octobre....</Unicode>
                    </TextEquiv>
                    <TextStyle fontFamily="Times New Roman" fontSize="11.0"/>
                </Word>
                <Word id="w_w2aab1b1b2c21b9b1c29" language="English" custom="readingOrder {index:7;}">
                    <Coords points="3031,3696 3072,3696 3072,3772 3031,3772"/>
                    <TextEquiv>
                        <Unicode>«</Unicode>
                    </TextEquiv>
                    <TextStyle fontFamily="Times New Roman" fontSize="11.0"/>
                </Word>
                <Word id="w_w2aab1b1b2c21b9b2b1" language="English" custom="readingOrder {index:8;}">
                    <Coords points="3127,3689 3580,3689 3580,3773 3127,3773"/>
                    <TextEquiv>
                        <Unicode>Comment</Unicode>
                    </TextEquiv>
                    <TextStyle fontFamily="Times New Roman" fontSize="11.0"/>
                </Word>
                <Word id="w_w2aab1b1b2c21b9b3b1" language="English" custom="readingOrder {index:9;}">
                    <Coords points="3619,3688 3700,3688 3700,3767 3619,3767"/>
                    <TextEquiv>
                        <Unicode>le</Unicode>
                    </TextEquiv>
                    <TextStyle fontFamily="Times New Roman" fontSize="11.0" italic="true"/>
                </Word>
                <Word id="w_w2aab1b1b2c21b9b3b7" language="English" custom="readingOrder {index:10;}">
                    <Coords points="3751,3684 4138,3684 4138,3786 3751,3786"/>
                    <TextEquiv>
                        <Unicode>Capitole</Unicode>
                    </TextEquiv>
                    <TextStyle fontFamily="Times New Roman" fontSize="11.0" italic="true"/>
                </Word>
                <Word id="w_w2aab1b1b2c21b9b4b1" language="English" custom="readingOrder {index:11;}">
                    <Coords points="4159,3743 4186,3743 4186,3773 4159,3773"/>
                    <TextEquiv>
                        <Unicode>,</Unicode>
                    </TextEquiv>
                    <TextStyle fontFamily="Times New Roman" fontSize="11.0"/>
                </Word>
                <Word id="w_w2aab1b1b2c21b9b4b5" language="English" custom="readingOrder {index:12;}">
                    <Coords points="4235,3681 4380,3681 4380,3778 4235,3778"/>
                    <TextEquiv>
                        <Unicode>qui</Unicode>
                    </TextEquiv>
                    <TextStyle fontFamily="Times New Roman" fontSize="11.0"/>
                </Word>
                <Word id="w_w2aab1b1b2c21b9b4c13" language="English" custom="readingOrder {index:13;}">
                    <Coords points="4427,3675 4520,3675 4520,3756 4427,3756"/>
                    <TextEquiv>
                        <Unicode>se</Unicode>
                    </TextEquiv>
                    <TextStyle fontFamily="Times New Roman" fontSize="11.0"/>
                </Word>
                <Word id="w_w2aab1b1b2c21b9b5b1" language="English" custom="readingOrder {index:14;}">
                    <Coords points="4571,3671 4730,3671 4730,3752 4571,3752"/>
                    <TextEquiv>
                        <Unicode>fait</Unicode>
                    </TextEquiv>
                    <TextStyle fontFamily="Times New Roman" fontSize="11.0"/>
                </Word>
                <Word id="w_w2aab1b1b2c21b9b6b1" language="English" custom="readingOrder {index:15;}">
                    <Coords points="4765,3670 4961,3670 4961,3748 4765,3748"/>
                    <TextEquiv>
                        <Unicode>l’or-</Unicode>
                    </TextEquiv>
                    <TextStyle fontFamily="Times New Roman" fontSize="11.0"/>
                </Word>
                <TextEquiv>
                    <Unicode>inséré dans le n° du 2 octobre.... « Comment &lt;i&gt;le Capitole&lt;/i&gt;, qui se fait l’or¬</Unicode>
                </TextEquiv>
            </TextLine>
            <TextLine id="tl_25" primaryLanguage="English" custom="readingOrder {index:5;}">
                <Coords points="1416,3766 4963,3766 4963,3918 1416,3918"/>
                <Baseline points="1416,3884 1455,3884 1541,3913 1859,3890 2403,3886 2629,3882 2751,3880 3231,3873 3691,3882 4023,3859 4431,3854 4555,3851 4963,3845"/>
                <Word id="w_w2aab1b1b2c21c11ab1" language="English" custom="readingOrder {index:0;}">
                    <Coords points="1416,3848 1455,3848 1455,3884 1416,3884"/>
                    <TextEquiv>
                        <Unicode>«</Unicode>
                    </TextEquiv>
                    <TextStyle fontFamily="Times New Roman" fontSize="11.0"/>
                </Word>
                <Word id="w_w2aab1b1b2c21c11ab5" language="English" custom="readingOrder {index:1;}">
                    <Coords points="1494,3817 1707,3817 1707,3913 1494,3913"/>
                    <TextEquiv>
                        <Unicode>gane</Unicode>
                    </TextEquiv>
                    <TextStyle fontFamily="Times New Roman" fontSize="11.0"/>
                </Word>
                <Word id="w_w2aab1b1b2c21c11b1b1" language="English" custom="readingOrder {index:2;}">
                    <Coords points="1748,3816 1859,3816 1859,3893 1748,3893"/>
                    <TextEquiv>
                        <Unicode>du</Unicode>
                    </TextEquiv>
                    <TextStyle fontFamily="Times New Roman" fontSize="11.0"/>
                </Word>
                <Word id="w_w2aab1b1b2c21c11b1b7" language="English" custom="readingOrder {index:3;}">
                    <Coords points="1902,3806 2545,3806 2545,3912 1902,3912"/>
                    <TextEquiv>
                        <Unicode>napoléonisnie</Unicode>
                    </TextEquiv>
                    <TextStyle fontFamily="Times New Roman" fontSize="11.0"/>
                </Word>
                <Word id="w_w2aab1b1b2c21c11b2b1" language="English" custom="readingOrder {index:4;}">
                    <Coords points="2582,3804 2669,3804 2669,3883 2582,3883"/>
                    <TextEquiv>
                        <Unicode>et</Unicode>
                    </TextEquiv>
                    <TextStyle fontFamily="Times New Roman" fontSize="11.0"/>
                </Word>
                <Word id="w_w2aab1b1b2c21c11b3b1" language="English" custom="readingOrder {index:5;}">
                    <Coords points="2704,3804 2815,3804 2815,3880 2704,3880"/>
                    <TextEquiv>
                        <Unicode>du</Unicode>
                    </TextEquiv>
                    <TextStyle fontFamily="Times New Roman" fontSize="11.0"/>
                </Word>
                <Word id="w_w2aab1b1b2c21c11b4b1" language="English" custom="readingOrder {index:6;}">
                    <Coords points="2854,3794 3231,3794 3231,3896 2854,3896"/>
                    <TextEquiv>
                        <Unicode>système</Unicode>
                    </TextEquiv>
                    <TextStyle fontFamily="Times New Roman" fontSize="11.0"/>
                </Word>
                <Word id="w_w2aab1b1b2c21c11b4c17" language="English" custom="readingOrder {index:7;}">
                    <Coords points="3266,3786 3691,3786 3691,3891 3266,3891"/>
                    <TextEquiv>
                        <Unicode>impérial,</Unicode>
                    </TextEquiv>
                    <TextStyle fontFamily="Times New Roman" fontSize="11.0"/>
                </Word>
                <Word id="w_w2aab1b1b2c21c11b4c37" language="English" custom="readingOrder {index:8;}">
                    <Coords points="3734,3780 4023,3780 4023,3863 3734,3863"/>
                    <TextEquiv>
                        <Unicode>va-t-il</Unicode>
                    </TextEquiv>
                    <TextStyle fontFamily="Times New Roman" fontSize="11.0"/>
                </Word>
                <Word id="w_w2aab1b1b2c21c11b4c53" language="English" custom="readingOrder {index:9;}">
                    <Coords points="4074,3777 4431,3777 4431,3882 4074,3882"/>
                    <TextEquiv>
                        <Unicode>prêcher</Unicode>
                    </TextEquiv>
                    <TextStyle fontFamily="Times New Roman" fontSize="11.0"/>
                </Word>
                <Word id="w_w2aab1b1b2c21c11b4c69" language="English" custom="readingOrder {index:10;}">
                    <Coords points="4478,3773 4555,3773 4555,3851 4478,3851"/>
                    <TextEquiv>
                        <Unicode>le</Unicode>
                    </TextEquiv>
                    <TextStyle fontFamily="Times New Roman" fontSize="11.0"/>
                </Word>
                <Word id="w_w2aab1b1b2c21c11b4c75" language="English" custom="readingOrder {index:11;}">
                    <Coords points="4590,3768 4963,3768 4963,3872 4590,3872"/>
                    <TextEquiv>
                        <Unicode>système</Unicode>
                    </TextEquiv>
                    <TextStyle fontFamily="Times New Roman" fontSize="11.0"/>
                </Word>
                <TextEquiv>
                    <Unicode>« gane du napoléonisme et du système impérial, va-t-il prêcher le système</Unicode>
                </TextEquiv>
            </TextLine>
            <TextLine id="tl_26" primaryLanguage="English" custom="readingOrder {index:6;}">
                <Coords points="1417,3864 4964,3864 4964,4016 1417,4016"/>
                <Baseline points="1417,3982 1458,3982 1548,3991 2070,3990 2156,3987 2766,3980 3270,3967 3712,3962 3924,3960 4072,3958 4514,3949 4734,3947 4964,3941"/>
                <Word id="w_w2aab1b1b2c21c13ab1" language="English" custom="readingOrder {index:0;}">
                    <Coords points="1417,3915 1458,3915 1458,3992 1417,3992"/>
                    <TextEquiv>
                        <Unicode>«</Unicode>
                    </TextEquiv>
                    <TextStyle fontFamily="Times New Roman" fontSize="11.0"/>
                </Word>
                <Word id="w_w2aab1b1b2c21c13b1b1" language="English" custom="readingOrder {index:1;}">
                    <Coords points="1501,3915 1652,3915 1652,3994 1501,3994"/>
                    <TextEquiv>
                        <Unicode>des</Unicode>
                    </TextEquiv>
                    <TextStyle fontFamily="Times New Roman" fontSize="11.0"/>
                </Word>
                <Word id="w_w2aab1b1b2c21c13b2b1" language="English" custom="readingOrder {index:2;}">
                    <Coords points="1689,3909 2070,3909 2070,3993 1689,3993"/>
                    <TextEquiv>
                        <Unicode>cochons</Unicode>
                    </TextEquiv>
                    <TextStyle fontFamily="Times New Roman" fontSize="11.0"/>
                </Word>
                <Word id="w_w2aab1b1b2c21c13b2c17" language="English" custom="readingOrder {index:3;}">
                    <Coords points="2113,3910 2156,3910 2156,3987 2113,3987"/>
                    <TextEquiv>
                        <Unicode>à</Unicode>
                    </TextEquiv>
                    <TextStyle fontFamily="Times New Roman" fontSize="11.0"/>
                </Word>
                <Word id="w_w2aab1b1b2c21c13b2c21" language="English" custom="readingOrder {index:4;}">
                    <Coords points="2203,3904 2766,3904 2766,4006 2203,4006"/>
                    <TextEquiv>
                        <Unicode>l’engrais!....</Unicode>
                    </TextEquiv>
                    <TextStyle fontFamily="Times New Roman" fontSize="11.0"/>
                </Word>
                <Word id="w_w2aab1b1b2c21c13b2c51" language="English" custom="readingOrder {index:5;}">
                    <Coords points="2817,3900 3270,3900 3270,3977 2817,3977"/>
                    <TextEquiv>
                        <Unicode>Comment</Unicode>
                    </TextEquiv>
                    <TextStyle fontFamily="Times New Roman" fontSize="11.0"/>
                </Word>
                <Word id="w_w2aab1b1b2c21c13b2c67" language="English" custom="readingOrder {index:6;}">
                    <Coords points="3305,3883 3822,3883 3822,3970 3305,3970"/>
                    <TextEquiv>
                        <Unicode>souffre-t-il</Unicode>
                    </TextEquiv>
                    <TextStyle fontFamily="Times New Roman" fontSize="11.0"/>
                </Word>
                <Word id="w_w2aab1b1b2c21c13b3b1" language="English" custom="readingOrder {index:7;}">
                    <Coords points="3875,3902 3984,3902 3984,3960 3875,3960"/>
                    <TextEquiv>
                        <Unicode>un</Unicode>
                    </TextEquiv>
                    <TextStyle fontFamily="Times New Roman" fontSize="11.0"/>
                </Word>
                <Word id="w_w2aab1b1b2c21c13b4b1" language="English" custom="readingOrder {index:8;}">
                    <Coords points="4029,3876 4330,3876 4330,3977 4029,3977"/>
                    <TextEquiv>
                        <Unicode>article</Unicode>
                    </TextEquiv>
                    <TextStyle fontFamily="Times New Roman" fontSize="11.0"/>
                </Word>
                <Word id="w_w2aab1b1b2c21c13b5b1" language="English" custom="readingOrder {index:9;}">
                    <Coords points="4369,3875 4514,3875 4514,3977 4369,3977"/>
                    <TextEquiv>
                        <Unicode>qui</Unicode>
                    </TextEquiv>
                    <TextStyle fontFamily="Times New Roman" fontSize="11.0"/>
                </Word>
                <Word id="w_w2aab1b1b2c21c13b5b9" language="English" custom="readingOrder {index:10;}">
                    <Coords points="4581,3865 4848,3865 4848,3950 4581,3950"/>
                    <TextEquiv>
                        <Unicode>traîne</Unicode>
                    </TextEquiv>
                    <TextStyle fontFamily="Times New Roman" fontSize="11.0"/>
                </Word>
                <Word id="w_w2aab1b1b2c21c13b6b1" language="English" custom="readingOrder {index:11;}">
                    <Coords points="4885,3865 4964,3865 4964,3943 4885,3943"/>
                    <TextEquiv>
                        <Unicode>le</Unicode>
                    </TextEquiv>
                    <TextStyle fontFamily="Times New Roman" fontSize="11.0"/>
                </Word>
                <TextEquiv>
                    <Unicode>« des cochons à l’engrais!.... Comment souffre-t-il un article qui traîne le</Unicode>
                </TextEquiv>
            </TextLine>
            <TextLine id="tl_27" primaryLanguage="English" custom="readingOrder {index:7;}">
                <Coords points="1418,3964 4963,3964 4963,4132 1418,4132"/>
                <Baseline points="1419,4080 1459,4080 1521,4131 2081,4087 2349,4085 2723,4081 2909,4077 3393,4070 3535,4064 3655,4063 4277,4054 4561,4051 4963,4043"/>
                <Word id="w_w2aab1b1b2c21c15ab1" language="English" custom="readingOrder {index:0;}">
                    <Coords points="1419,4017 1459,4017 1459,4132 1419,4132"/>
                    <TextEquiv>
                        <Unicode>«</Unicode>
                    </TextEquiv>
                    <TextStyle fontFamily="Times New Roman" fontSize="11.0"/>
                </Word>
                <Word id="w_w2aab1b1b2c21c15b1b1" language="English" custom="readingOrder {index:1;}">
                    <Coords points="1490,4009 1829,4009 1829,4131 1490,4131"/>
                    <TextEquiv>
                        <Unicode>journal</Unicode>
                    </TextEquiv>
                    <TextStyle fontFamily="Times New Roman" fontSize="11.0"/>
                </Word>
                <Word id="w_w2aab1b1b2c21c15b2b1" language="English" custom="readingOrder {index:2;}">
                    <Coords points="1866,4009 2081,4009 2081,4089 1866,4089"/>
                    <TextEquiv>
                        <Unicode>dans</Unicode>
                    </TextEquiv>
                    <TextStyle fontFamily="Times New Roman" fontSize="11.0"/>
                </Word>
                <Word id="w_w2aab1b1b2c21c15b2c11" language="English" custom="readingOrder {index:3;}">
                    <Coords points="2124,4015 2349,4015 2349,4087 2124,4087"/>
                    <TextEquiv>
                        <Unicode>celte</Unicode>
                    </TextEquiv>
                    <TextStyle fontFamily="Times New Roman" fontSize="11.0"/>
                </Word>
                <Word id="w_w2aab1b1b2c21c15b2c23" language="English" custom="readingOrder {index:4;}">
                    <Coords points="2386,4001 2723,4001 2723,4084 2386,4084"/>
                    <TextEquiv>
                        <Unicode>ornière</Unicode>
                    </TextEquiv>
                    <TextStyle fontFamily="Times New Roman" fontSize="11.0"/>
                </Word>
                <Word id="w_w2aab1b1b2c21c15b2c39" language="English" custom="readingOrder {index:5;}">
                    <Coords points="2756,4001 2909,4001 2909,4079 2756,4079"/>
                    <TextEquiv>
                        <Unicode>des</Unicode>
                    </TextEquiv>
                    <TextStyle fontFamily="Times New Roman" fontSize="11.0"/>
                </Word>
                <Word id="w_w2aab1b1b2c21c15b2c47" language="English" custom="readingOrder {index:6;}">
                    <Coords points="2964,3993 3393,3993 3393,4096 2964,4096"/>
                    <TextEquiv>
                        <Unicode>partisans</Unicode>
                    </TextEquiv>
                    <TextStyle fontFamily="Times New Roman" fontSize="11.0"/>
                </Word>
                <Word id="w_w2aab1b1b2c21c15b2c67" language="English" custom="readingOrder {index:7;}">
                    <Coords points="3430,3986 3535,3986 3535,4065 3430,4065"/>
                    <TextEquiv>
                        <Unicode>de</Unicode>
                    </TextEquiv>
                    <TextStyle fontFamily="Times New Roman" fontSize="11.0"/>
                </Word>
                <Word id="w_w2aab1b1b2c21c15b2c73" language="English" custom="readingOrder {index:8;}">
                    <Coords points="3576,3983 3655,3983 3655,4063 3576,4063"/>
                    <TextEquiv>
                        <Unicode>la</Unicode>
                    </TextEquiv>
                    <TextStyle fontFamily="Times New Roman" fontSize="11.0"/>
                </Word>
                <Word id="w_w2aab1b1b2c21c15b2c79" language="English" custom="readingOrder {index:9;}">
                    <Coords points="3712,3981 4277,3981 4277,4062 3712,4062"/>
                    <TextEquiv>
                        <Unicode>constitution</Unicode>
                    </TextEquiv>
                    <TextStyle fontFamily="Times New Roman" fontSize="11.0"/>
                </Word>
                <Word id="w_w2aab1b1b2c21c15b2d105" language="English" custom="readingOrder {index:10;}">
                    <Coords points="4316,3969 4721,3969 4721,4070 4316,4070"/>
                    <TextEquiv>
                        <Unicode>anglaise,</Unicode>
                    </TextEquiv>
                    <TextStyle fontFamily="Times New Roman" fontSize="11.0"/>
                </Word>
                <Word id="w_w2aab1b1b2c21c15b3b1" language="English" custom="readingOrder {index:11;}">
                    <Coords points="4756,3968 4963,3968 4963,4047 4756,4047"/>
                    <TextEquiv>
                        <Unicode>dont</Unicode>
                    </TextEquiv>
                    <TextStyle fontFamily="Times New Roman" fontSize="11.0"/>
                </Word>
                <TextEquiv>
                    <Unicode>« journal dans celte ornière des partisans de la constitution anglaise, dont</Unicode>
                </TextEquiv>
            </TextLine>
            <TextLine id="tl_28" primaryLanguage="English" custom="readingOrder {index:8;}">
                <Coords points="1421,4066 4960,4066 4960,4222 1421,4222"/>
                <Baseline points="1422,4182 1462,4182 1904,4189 2028,4210 2540,4180 2830,4176 3190,4170 3352,4166 3740,4198 4030,4155 4198,4155 4408,4153 4798,4147 4960,4141"/>
                <Word id="w_w2aab1b1b2c21c17ab1" language="English" custom="readingOrder {index:0;}">
                    <Coords points="1422,4113 1582,4113 1582,4210 1422,4210"/>
                    <TextEquiv>
                        <Unicode>«le</Unicode>
                    </TextEquiv>
                    <TextStyle fontFamily="Times New Roman" fontSize="11.0"/>
                </Word>
                <Word id="w_w2aab1b1b2c21c17b1b1" language="English" custom="readingOrder {index:1;}">
                    <Coords points="1645,4111 1904,4111 1904,4210 1645,4210"/>
                    <TextEquiv>
                        <Unicode>grand</Unicode>
                    </TextEquiv>
                    <TextStyle fontFamily="Times New Roman" fontSize="11.0"/>
                </Word>
                <Word id="w_w2aab1b1b2c21c17b1c13" language="English" custom="readingOrder {index:2;}">
                    <Coords points="1977,4105 2364,4105 2364,4210 1977,4210"/>
                    <TextEquiv>
                        <Unicode>principe</Unicode>
                    </TextEquiv>
                    <TextStyle fontFamily="Times New Roman" fontSize="11.0"/>
                </Word>
                <Word id="w_w2aab1b1b2c21c17b2b1" language="English" custom="readingOrder {index:3;}">
                    <Coords points="2409,4114 2540,4114 2540,4184 2409,4184"/>
                    <TextEquiv>
                        <Unicode>est</Unicode>
                    </TextEquiv>
                    <TextStyle fontFamily="Times New Roman" fontSize="11.0"/>
                </Word>
                <Word id="w_w2aab1b1b2c21c17b2b9" language="English" custom="readingOrder {index:4;}">
                    <Coords points="2605,4110 2830,4110 2830,4181 2605,4181"/>
                    <TextEquiv>
                        <Unicode>cette</Unicode>
                    </TextEquiv>
                    <TextStyle fontFamily="Times New Roman" fontSize="11.0"/>
                </Word>
                <Word id="w_w2aab1b1b2c21c17b2c21" language="English" custom="readingOrder {index:5;}">
                    <Coords points="2891,4113 3190,4113 3190,4192 2891,4192"/>
                    <TextEquiv>
                        <Unicode>guerre</Unicode>
                    </TextEquiv>
                    <TextStyle fontFamily="Times New Roman" fontSize="11.0"/>
                </Word>
                <Word id="w_w2aab1b1b2c21c17b2c35" language="English" custom="readingOrder {index:6;}">
                    <Coords points="3249,4088 3352,4088 3352,4167 3249,4167"/>
                    <TextEquiv>
                        <Unicode>de</Unicode>
                    </TextEquiv>
                    <TextStyle fontFamily="Times New Roman" fontSize="11.0"/>
                </Word>
                <Word id="w_w2aab1b1b2c21c17b2c41" language="English" custom="readingOrder {index:7;}">
                    <Coords points="3409,4101 3930,4101 3930,4198 3409,4198"/>
                    <TextEquiv>
                        <Unicode>synonymes</Unicode>
                    </TextEquiv>
                    <TextStyle fontFamily="Times New Roman" fontSize="11.0"/>
                </Word>
                <Word id="w_w2aab1b1b2c21c17b3b1" language="English" custom="readingOrder {index:8;}">
                    <Coords points="3981,4100 4082,4100 4082,4156 3981,4156"/>
                    <TextEquiv>
                        <Unicode>le</Unicode>
                    </TextEquiv>
                    <TextStyle fontFamily="Times New Roman" fontSize="9.0" bold="true"/>
                </Word>
                <Word id="w_w2aab1b1b2c21c17b4b1" language="English" custom="readingOrder {index:9;}">
                    <Coords points="4147,4097 4300,4097 4300,4155 4147,4155"/>
                    <TextEquiv>
                        <Unicode>roi</Unicode>
                    </TextEquiv>
                    <TextStyle fontFamily="Times New Roman" fontSize="9.0" bold="true"/>
                </Word>
                <Word id="w_w2aab1b1b2c21c17b5b1" language="English" custom="readingOrder {index:10;}">
                    <Coords points="4359,4072 4636,4072 4636,4153 4359,4153"/>
                    <TextEquiv>
                        <Unicode>règne</Unicode>
                    </TextEquiv>
                    <TextStyle fontFamily="Times New Roman" fontSize="9.0" bold="true"/>
                </Word>
                <Word id="w_w2aab1b1b2c21c17b6b1" language="English" custom="readingOrder {index:11;}">
                    <Coords points="4695,4091 4798,4091 4798,4147 4695,4147"/>
                    <TextEquiv>
                        <Unicode>et</Unicode>
                    </TextEquiv>
                    <TextStyle fontFamily="Times New Roman" fontSize="9.0" bold="true"/>
                </Word>
                <Word id="w_w2aab1b1b2c21c17b6b7" language="English" custom="readingOrder {index:12;}">
                    <Coords points="4859,4088 4960,4088 4960,4142 4859,4142"/>
                    <TextEquiv>
                        <Unicode>ne</Unicode>
                    </TextEquiv>
                    <TextStyle fontFamily="Times New Roman" fontSize="9.0" bold="true"/>
                </Word>
                <TextEquiv>
                    <Unicode>«le grand principe est cette guerre de synonymes LE ROI RÈGNE ET NE</Unicode>
                </TextEquiv>
            </TextLine>
            <TextLine id="tl_29" primaryLanguage="English" custom="readingOrder {index:9;}">
                <Coords points="1428,4160 4961,4160 4961,4310 1428,4310"/>
                <Baseline points="1429,4280 1467,4280 1955,4285 2035,4284 2517,4299 2829,4274 3067,4271 3309,4267 3617,4283 3797,4259 3931,4256 4627,4246 4961,4239"/>
                <Word id="w_w2aab1b1b2c21c19ab1" language="English" custom="readingOrder {index:0;}">
                    <Coords points="1429,4235 1467,4235 1467,4290 1429,4290"/>
                    <TextEquiv>
                        <Unicode>«</Unicode>
                    </TextEquiv>
                    <TextStyle fontFamily="Times New Roman" fontSize="11.0"/>
                </Word>
                <Word id="w_w2aab1b1b2c21c19b1b1" language="English" custom="readingOrder {index:1;}">
                    <Coords points="1503,4230 1955,4230 1955,4289 1503,4289"/>
                    <TextEquiv>
                        <Unicode>gouverne</Unicode>
                    </TextEquiv>
                    <TextStyle fontFamily="Times New Roman" fontSize="9.0" bold="true"/>
                </Word>
                <Word id="w_w2aab1b1b2c21c19b1c19" language="English" custom="readingOrder {index:2;}">
                    <Coords points="1989,4214 2175,4214 2175,4285 1989,4285"/>
                    <TextEquiv>
                        <Unicode>pas.</Unicode>
                    </TextEquiv>
                    <TextStyle fontFamily="Times New Roman" fontSize="9.0" bold="true"/>
                </Word>
                <Word id="w_w2aab1b1b2c21c19b2b1" language="English" custom="readingOrder {index:3;}">
                    <Coords points="2222,4203 2517,4203 2517,4299 2222,4299"/>
                    <TextEquiv>
                        <Unicode>Enfin,</Unicode>
                    </TextEquiv>
                    <TextStyle fontFamily="Times New Roman" fontSize="11.0"/>
                </Word>
                <Word id="w_w2aab1b1b2c21c19b2c15" language="English" custom="readingOrder {index:4;}">
                    <Coords points="2550,4205 2983,4205 2983,4280 2550,4280"/>
                    <TextEquiv>
                        <Unicode>comment</Unicode>
                    </TextEquiv>
                    <TextStyle fontFamily="Times New Roman" fontSize="11.0"/>
                </Word>
                <Word id="w_w2aab1b1b2c21c19b3b1" language="English" custom="readingOrder {index:5;}">
                    <Coords points="3018,4194 3127,4194 3127,4290 3018,4290"/>
                    <TextEquiv>
                        <Unicode>un</Unicode>
                    </TextEquiv>
                    <TextStyle fontFamily="Times New Roman" fontSize="11.0"/>
                </Word>
                <Word id="w_w2aab1b1b2c21c19b4b1" language="English" custom="readingOrder {index:6;}">
                    <Coords points="3160,4187 3501,4187 3501,4290 3160,4290"/>
                    <TextEquiv>
                        <Unicode>journal</Unicode>
                    </TextEquiv>
                    <TextStyle fontFamily="Times New Roman" fontSize="11.0"/>
                </Word>
                <Word id="w_w2aab1b1b2c21c19b5b1" language="English" custom="readingOrder {index:7;}">
                    <Coords points="3562,4183 3707,4183 3707,4283 3562,4283"/>
                    <TextEquiv>
                        <Unicode>qui</Unicode>
                    </TextEquiv>
                    <TextStyle fontFamily="Times New Roman" fontSize="11.0"/>
                </Word>
                <Word id="w_w2aab1b1b2c21c19b6b1" language="English" custom="readingOrder {index:8;}">
                    <Coords points="3756,4178 3847,4178 3847,4259 3756,4259"/>
                    <TextEquiv>
                        <Unicode>se</Unicode>
                    </TextEquiv>
                    <TextStyle fontFamily="Times New Roman" fontSize="11.0"/>
                </Word>
                <Word id="w_w2aab1b1b2c21c19b7b1" language="English" custom="readingOrder {index:9;}">
                    <Coords points="3882,4177 4005,4177 4005,4256 3882,4256"/>
                    <TextEquiv>
                        <Unicode>dit</Unicode>
                    </TextEquiv>
                    <TextStyle fontFamily="Times New Roman" fontSize="11.0"/>
                </Word>
                <Word id="w_w2aab1b1b2c21c19b8b1" language="English" custom="readingOrder {index:10;}">
                    <Coords points="4040,4171 4627,4171 4627,4275 4040,4275"/>
                    <TextEquiv>
                        <Unicode>napoléoniste</Unicode>
                    </TextEquiv>
                    <TextStyle fontFamily="Times New Roman" fontSize="11.0"/>
                </Word>
                <Word id="w_w2aab1b1b2c21c19b8c27" language="English" custom="readingOrder {index:11;}">
                    <Coords points="4662,4160 4961,4160 4961,4246 4662,4246"/>
                    <TextEquiv>
                        <Unicode>va-t-il</Unicode>
                    </TextEquiv>
                    <TextStyle fontFamily="Times New Roman" fontSize="11.0"/>
                </Word>
                <TextEquiv>
                    <Unicode>« GOUVERNE PAS. Enfin, comment un journal qui se dit napoléoniste va-t-il</Unicode>
                </TextEquiv>
            </TextLine>
            <TextLine id="tl_30" primaryLanguage="English" custom="readingOrder {index:10;}">
                <Coords points="1421,4262 4964,4262 4964,4412 1421,4412"/>
                <Baseline points="1422,4378 1460,4378 1680,4384 1768,4407 2258,4382 2332,4381 2786,4372 2858,4373 2938,4370 3432,4363 3776,4360 3912,4356 4228,4355 4304,4352 4604,4347 4766,4345 4964,4339"/>
                <Word id="w_w2aab1b1b2c21c21ab1" language="English" custom="readingOrder {index:0;}">
                    <Coords points="1422,4309 1460,4309 1460,4386 1422,4386"/>
                    <TextEquiv>
                        <Unicode>«</Unicode>
                    </TextEquiv>
                    <TextStyle fontFamily="Times New Roman" fontSize="11.0"/>
                </Word>
                <Word id="w_w2aab1b1b2c21c21b1b1" language="English" custom="readingOrder {index:1;}">
                    <Coords points="1501,4309 1680,4309 1680,4387 1501,4387"/>
                    <TextEquiv>
                        <Unicode>dire</Unicode>
                    </TextEquiv>
                    <TextStyle fontFamily="Times New Roman" fontSize="11.0"/>
                </Word>
                <Word id="w_w2aab1b1b2c21c21b1c11" language="English" custom="readingOrder {index:2;}">
                    <Coords points="1718,4305 1882,4305 1882,4407 1718,4407"/>
                    <TextEquiv>
                        <Unicode>que</Unicode>
                    </TextEquiv>
                    <TextStyle fontFamily="Times New Roman" fontSize="11.0"/>
                </Word>
                <Word id="w_w2aab1b1b2c21c21b2b1" language="English" custom="readingOrder {index:3;}">
                    <Coords points="1917,4304 2258,4304 2258,4385 1917,4385"/>
                    <TextEquiv>
                        <Unicode>l’armée</Unicode>
                    </TextEquiv>
                    <TextStyle fontFamily="Times New Roman" fontSize="11.0"/>
                </Word>
                <Word id="w_w2aab1b1b2c21c21b2c17" language="English" custom="readingOrder {index:4;}">
                    <Coords points="2292,4313 2468,4313 2468,4401 2292,4401"/>
                    <TextEquiv>
                        <Unicode>sert</Unicode>
                    </TextEquiv>
                    <TextStyle fontFamily="Times New Roman" fontSize="11.0"/>
                </Word>
                <Word id="w_w2aab1b1b2c21c21b3b1" language="English" custom="readingOrder {index:5;}">
                    <Coords points="2504,4300 2786,4300 2786,4401 2504,4401"/>
                    <TextEquiv>
                        <Unicode>plutôt</Unicode>
                    </TextEquiv>
                    <TextStyle fontFamily="Times New Roman" fontSize="11.0"/>
                </Word>
                <Word id="w_w2aab1b1b2c21c21b3c15" language="English" custom="readingOrder {index:6;}">
                    <Coords points="2811,4295 2858,4295 2858,4373 2811,4373"/>
                    <TextEquiv>
                        <Unicode>à</Unicode>
                    </TextEquiv>
                    <TextStyle fontFamily="Times New Roman" fontSize="11.0"/>
                </Word>
                <Word id="w_w2aab1b1b2c21c21b3c19" language="English" custom="readingOrder {index:7;}">
                    <Coords points="2891,4284 3318,4284 3318,4394 2891,4394"/>
                    <TextEquiv>
                        <Unicode>opprimer</Unicode>
                    </TextEquiv>
                    <TextStyle fontFamily="Times New Roman" fontSize="11.0"/>
                </Word>
                <Word id="w_w2aab1b1b2c21c21b4b1" language="English" custom="readingOrder {index:8;}">
                    <Coords points="3353,4283 3432,4283 3432,4364 3353,4364"/>
                    <TextEquiv>
                        <Unicode>le</Unicode>
                    </TextEquiv>
                    <TextStyle fontFamily="Times New Roman" fontSize="11.0"/>
                </Word>
                <Word id="w_w2aab1b1b2c21c21b4b7" language="English" custom="readingOrder {index:9;}">
                    <Coords points="3471,4278 3776,4278 3776,4384 3471,4384"/>
                    <TextEquiv>
                        <Unicode>peuple</Unicode>
                    </TextEquiv>
                    <TextStyle fontFamily="Times New Roman" fontSize="11.0"/>
                </Word>
                <Word id="w_w2aab1b1b2c21c21b4c21" language="English" custom="readingOrder {index:10;}">
                    <Coords points="3811,4298 3912,4298 3912,4359 3811,4359"/>
                    <TextEquiv>
                        <Unicode>en</Unicode>
                    </TextEquiv>
                    <TextStyle fontFamily="Times New Roman" fontSize="11.0"/>
                </Word>
                <Word id="w_w2aab1b1b2c21c21b4c27" language="English" custom="readingOrder {index:11;}">
                    <Coords points="3955,4287 4228,4287 4228,4375 3955,4375"/>
                    <TextEquiv>
                        <Unicode>temps</Unicode>
                    </TextEquiv>
                    <TextStyle fontFamily="Times New Roman" fontSize="11.0"/>
                </Word>
                <Word id="w_w2aab1b1b2c21c21b4c39" language="English" custom="readingOrder {index:12;}">
                    <Coords points="4255,4275 4362,4275 4362,4373 4255,4373"/>
                    <TextEquiv>
                        <Unicode>de</Unicode>
                    </TextEquiv>
                    <TextStyle fontFamily="Times New Roman" fontSize="11.0"/>
                </Word>
                <Word id="w_w2aab1b1b2c21c21b5b1" language="English" custom="readingOrder {index:13;}">
                    <Coords points="4415,4269 4604,4269 4604,4372 4415,4372"/>
                    <TextEquiv>
                        <Unicode>paix</Unicode>
                    </TextEquiv>
                    <TextStyle fontFamily="Times New Roman" fontSize="11.0"/>
                </Word>
                <Word id="w_w2aab1b1b2c21c21b5c11" language="English" custom="readingOrder {index:14;}">
                    <Coords points="4651,4263 4844,4263 4844,4366 4651,4366"/>
                    <TextEquiv>
                        <Unicode>qu’à</Unicode>
                    </TextEquiv>
                    <TextStyle fontFamily="Times New Roman" fontSize="11.0"/>
                </Word>
                <Word id="w_w2aab1b1b2c21c21b6b1" language="English" custom="readingOrder {index:15;}">
                    <Coords points="4893,4263 4964,4263 4964,4339 4893,4339"/>
                    <TextEquiv>
                        <Unicode>le</Unicode>
                    </TextEquiv>
                    <TextStyle fontFamily="Times New Roman" fontSize="11.0"/>
                </Word>
                <TextEquiv>
                    <Unicode>« dire que l’armée sert plutôt à opprimer le peuple en temps de paix qu’à le</Unicode>
                </TextEquiv>
            </TextLine>
            <TextLine id="tl_31" primaryLanguage="English" custom="readingOrder {index:11;}">
                <Coords points="1426,4385 3553,4385 3553,4510 1426,4510"/>
                <Baseline points="1427,4478 1465,4478 1909,4483 2043,4482 2365,4480 2505,4479 3015,4469 3253,4485 3469,4460 3553,4452"/>
                <Word id="w_w2aab1b1b2c21c23ab1" language="English" custom="readingOrder {index:0;}">
                    <Coords points="1427,4440 1465,4440 1465,4478 1427,4478"/>
                    <TextEquiv>
                        <Unicode>«</Unicode>
                    </TextEquiv>
                    <TextStyle fontFamily="Times New Roman" fontSize="11.0"/>
                </Word>
                <Word id="w_w2aab1b1b2c21c23ab5" language="English" custom="readingOrder {index:1;}">
                    <Coords points="1504,4404 1909,4404 1909,4487 1504,4487"/>
                    <TextEquiv>
                        <Unicode>défendre</Unicode>
                    </TextEquiv>
                    <TextStyle fontFamily="Times New Roman" fontSize="11.0"/>
                </Word>
                <Word id="w_w2aab1b1b2c21c23ac23" language="English" custom="readingOrder {index:2;}">
                    <Coords points="1945,4426 2043,4426 2043,4482 1945,4482"/>
                    <TextEquiv>
                        <Unicode>en</Unicode>
                    </TextEquiv>
                    <TextStyle fontFamily="Times New Roman" fontSize="11.0"/>
                </Word>
                <Word id="w_w2aab1b1b2c21c23ac29" language="English" custom="readingOrder {index:3;}">
                    <Coords points="2090,4413 2365,4413 2365,4501 2090,4501"/>
                    <TextEquiv>
                        <Unicode>temps</Unicode>
                    </TextEquiv>
                    <TextStyle fontFamily="Times New Roman" fontSize="11.0"/>
                </Word>
                <Word id="w_w2aab1b1b2c21c23ac41" language="English" custom="readingOrder {index:4;}">
                    <Coords points="2402,4401 2505,4401 2505,4479 2402,4479"/>
                    <TextEquiv>
                        <Unicode>de</Unicode>
                    </TextEquiv>
                    <TextStyle fontFamily="Times New Roman" fontSize="11.0"/>
                </Word>
                <Word id="w_w2aab1b1b2c21c23ac47" language="English" custom="readingOrder {index:5;}">
                    <Coords points="2537,4403 3015,4403 3015,4498 2537,4498"/>
                    <TextEquiv>
                        <Unicode>guerre!....</Unicode>
                    </TextEquiv>
                    <TextStyle fontFamily="Times New Roman" fontSize="11.0"/>
                </Word>
                <Word id="w_w2aab1b1b2c21c23ac71" language="English" custom="readingOrder {index:6;}">
                    <Coords points="3048,4398 3253,4398 3253,4485 3048,4485"/>
                    <TextEquiv>
                        <Unicode>etc.,</Unicode>
                    </TextEquiv>
                    <TextStyle fontFamily="Times New Roman" fontSize="11.0"/>
                </Word>
                <Word id="w_w2aab1b1b2c21c23ac83" language="English" custom="readingOrder {index:7;}">
                    <Coords points="3304,4395 3469,4395 3469,4464 3304,4464"/>
                    <TextEquiv>
                        <Unicode>etc.</Unicode>
                    </TextEquiv>
                    <TextStyle fontFamily="Times New Roman" fontSize="11.0"/>
                </Word>
                <Word id="w_w2aab1b1b2c21c23ac93" language="English" custom="readingOrder {index:8;}">
                    <Coords points="3515,4413 3553,4413 3553,4452 3515,4452"/>
                    <TextEquiv>
                        <Unicode>»</Unicode>
                    </TextEquiv>
                    <TextStyle fontFamily="Times New Roman" fontSize="11.0"/>
                </Word>
                <TextEquiv>
                    <Unicode>« défendre en temps de guerre!.... etc., etc. »</Unicode>
                </TextEquiv>
                <TextStyle fontFamily="Times New Roman" fontSize="11.0"/>
            </TextLine>
            <TextEquiv>
                <Unicode>Dans la lettre du 5 octobre 1839, il lui dit qu’autant qu’il aime à donner
des éloges à M. Ch. Durand quand il se livre a son talent, autant il croit de
son devoir de lui exprimer sa désapprobation quand il lit dans un journal
auquel il s’intéresse des articles aussi inconvenants que celui qui y était
inséré dans le n° du 2 octobre.... « Comment &lt;i&gt;le Capitole&lt;/i&gt;, qui se fait l’or¬
« gane du napoléonisme et du système impérial, va-t-il prêcher le système
« des cochons à l’engrais!.... Comment souffre-t-il un article qui traîne le
« journal dans celte ornière des partisans de la constitution anglaise, dont
«le grand principe est cette guerre de synonymes LE ROI RÈGNE ET NE
« GOUVERNE PAS. Enfin, comment un journal qui se dit napoléoniste va-t-il
« dire que l’armée sert plutôt à opprimer le peuple en temps de paix qu’à le
« défendre en temps de guerre!.... etc., etc. »</Unicode>
            </TextEquiv>
        </TextRegion>
        <TextRegion type="paragraph" id="r_1_12" custom="readingOrder {index:12;}">
            <Coords points="1137,4566 4345,4566 4345,4740 1137,4740"/>
            <TextLine id="tl_32" primaryLanguage="English" custom="readingOrder {index:0;}">
                <Coords points="1138,4567 4344,4567 4344,4739 1138,4739"/>
                <Baseline points="1138,4711 1200,4711 1513,4704 2612,4702 3349,4690 3479,4683 4343,4669"/>
                <Word id="w_w2aab1b1b2c23b1ab1" language="English" custom="readingOrder {index:0;}">
                    <Coords points="1138,4598 1325,4598 1325,4711 1138,4711"/>
                    <TextEquiv>
                        <Unicode>42.</Unicode>
                    </TextEquiv>
                    <TextStyle fontFamily="Times New Roman" fontSize="13.0" bold="true"/>
                </Word>
                <Word id="w_w2aab1b1b2c23b1b1b1" language="English" custom="readingOrder {index:1;}">
                    <Coords points="1414,4591 2416,4591 2416,4717 1414,4717"/>
                    <TextEquiv>
                        <Unicode>BONAPARTE</Unicode>
                    </TextEquiv>
                    <TextStyle fontFamily="Times New Roman" fontSize="13.0" bold="true"/>
                </Word>
                <Word id="w_w2aab1b1b2c23b1b2b1" language="English" custom="readingOrder {index:2;}">
                    <Coords points="2484,4592 3112,4592 3112,4717 2484,4717"/>
                    <TextEquiv>
                        <Unicode>(Jérôme),</Unicode>
                    </TextEquiv>
                    <TextStyle fontFamily="Times New Roman" fontSize="13.0" bold="true"/>
                </Word>
                <Word id="w_w2aab1b1b2c23b1b3b1" language="English" custom="readingOrder {index:3;}">
                    <Coords points="3185,4584 3349,4584 3349,4691 3185,4691"/>
                    <TextEquiv>
                        <Unicode>roi</Unicode>
                    </TextEquiv>
                    <TextStyle fontFamily="Times New Roman" fontSize="13.0" bold="true"/>
                </Word>
                <Word id="w_w2aab1b1b2c23b1b3b9" language="English" custom="readingOrder {index:4;}">
                    <Coords points="3412,4575 3549,4575 3549,4684 3412,4684"/>
                    <TextEquiv>
                        <Unicode>de</Unicode>
                    </TextEquiv>
                    <TextStyle fontFamily="Times New Roman" fontSize="13.0" bold="true"/>
                </Word>
                <Word id="w_w2aab1b1b2c23b1b4b1" language="English" custom="readingOrder {index:5;}">
                    <Coords points="3610,4570 4343,4570 4343,4709 3610,4709"/>
                    <TextEquiv>
                        <Unicode>Westphalic.</Unicode>
                    </TextEquiv>
                    <TextStyle fontFamily="Times New Roman" fontSize="13.0" bold="true"/>
                </Word>
                <TextEquiv>
                    <Unicode>42. &lt;b&gt;BONAPARTE&lt;/b&gt; (Jérôme), roi de Westphalie.</Unicode>
                </TextEquiv>
            </TextLine>
            <TextEquiv>
                <Unicode>42. &lt;b&gt;BONAPARTE&lt;/b&gt; (Jérôme), roi de Westphalie.</Unicode>
            </TextEquiv>
        </TextRegion>
        <TextRegion type="paragraph" id="r_1_13" custom="readingOrder {index:13;}">
            <Coords points="1446,4707 4968,4707 4968,4991 1446,4991"/>
            <TextLine id="tl_33" primaryLanguage="English" custom="readingOrder {index:0;}">
                <Coords points="1570,4708 4967,4708 4967,4864 1570,4864"/>
                <Baseline points="1570,4836 1669,4836 1769,4837 2009,4834 2245,4836 2465,4834 2811,4850 2881,4827 3327,4816 3767,4813 4207,4825 4295,4806 4467,4802 4967,4795"/>
                <Word id="w_w2aab1b1b2c25b1ab1" language="English" custom="readingOrder {index:0;}">
                    <Coords points="1570,4756 1669,4756 1669,4836 1570,4836"/>
                    <TextEquiv>
                        <Unicode>L.</Unicode>
                    </TextEquiv>
                    <TextStyle fontFamily="Times New Roman" fontSize="11.0" bold="true"/>
                </Word>
                <Word id="w_w2aab1b1b2c25b1ab7" language="English" custom="readingOrder {index:1;}">
                    <Coords points="1720,4757 1919,4757 1919,4837 1720,4837"/>
                    <TextEquiv>
                        <Unicode>aut.</Unicode>
                    </TextEquiv>
                    <TextStyle fontFamily="Times New Roman" fontSize="11.0" bold="true"/>
                </Word>
                <Word id="w_w2aab1b1b2c25b1b1b1" language="English" custom="readingOrder {index:2;}">
                    <Coords points="1968,4744 2145,4744 2145,4857 1968,4857"/>
                    <TextEquiv>
                        <Unicode>sig.</Unicode>
                    </TextEquiv>
                    <TextStyle fontFamily="Times New Roman" fontSize="11.0" bold="true"/>
                </Word>
                <Word id="w_w2aab1b1b2c25b1b2b1" language="English" custom="readingOrder {index:3;}">
                    <Coords points="2196,4743 2245,4743 2245,4836 2196,4836"/>
                    <TextEquiv>
                        <Unicode>à</Unicode>
                    </TextEquiv>
                    <TextStyle fontFamily="Times New Roman" fontSize="11.0" bold="true"/>
                </Word>
                <Word id="w_w2aab1b1b2c25b1b2b5" language="English" custom="readingOrder {index:4;}">
                    <Coords points="2302,4768 2465,4768 2465,4835 2302,4835"/>
                    <TextEquiv>
                        <Unicode>son</Unicode>
                    </TextEquiv>
                    <TextStyle fontFamily="Times New Roman" fontSize="11.0" bold="true"/>
                </Word>
                <Word id="w_w2aab1b1b2c25b1b2c13" language="English" custom="readingOrder {index:5;}">
                    <Coords points="2518,4739 2811,4739 2811,4850 2518,4850"/>
                    <TextEquiv>
                        <Unicode>frère,</Unicode>
                    </TextEquiv>
                    <TextStyle fontFamily="Times New Roman" fontSize="11.0" bold="true"/>
                </Word>
                <Word id="w_w2aab1b1b2c25b1b2c27" language="English" custom="readingOrder {index:6;}">
                    <Coords points="2860,4743 2945,4743 2945,4850 2860,4850"/>
                    <TextEquiv>
                        <Unicode>le</Unicode>
                    </TextEquiv>
                    <TextStyle fontFamily="Times New Roman" fontSize="11.0" bold="true"/>
                </Word>
                <Word id="w_w2aab1b1b2c25b1b3b1" language="English" custom="readingOrder {index:7;}">
                    <Coords points="3002,4738 3327,4738 3327,4849 3002,4849"/>
                    <TextEquiv>
                        <Unicode>prince</Unicode>
                    </TextEquiv>
                    <TextStyle fontFamily="Times New Roman" fontSize="11.0" bold="true"/>
                </Word>
                <Word id="w_w2aab1b1b2c25b1b3c15" language="English" custom="readingOrder {index:8;}">
                    <Coords points="3380,4729 3767,4729 3767,4821 3380,4821"/>
                    <TextEquiv>
                        <Unicode>Lucien.</Unicode>
                    </TextEquiv>
                    <TextStyle fontFamily="Times New Roman" fontSize="11.0" bold="true"/>
                </Word>
                <Word id="w_w2aab1b1b2c25b1b3c31" language="English" custom="readingOrder {index:9;}">
                    <Coords points="3814,4723 4207,4723 4207,4825 3814,4825"/>
                    <TextEquiv>
                        <Unicode>Trieste,</Unicode>
                    </TextEquiv>
                    <TextStyle fontFamily="Times New Roman" fontSize="11.0" bold="true"/>
                </Word>
                <Word id="w_w2aab1b1b2c25b1b3c49" language="English" custom="readingOrder {index:10;}">
                    <Coords points="4270,4716 4375,4716 4375,4806 4270,4806"/>
                    <TextEquiv>
                        <Unicode>19</Unicode>
                    </TextEquiv>
                    <TextStyle fontFamily="Times New Roman" fontSize="11.0" bold="true"/>
                </Word>
                <Word id="w_w2aab1b1b2c25b1b4b1" language="English" custom="readingOrder {index:11;}">
                    <Coords points="4420,4712 4643,4712 4643,4802 4420,4802"/>
                    <TextEquiv>
                        <Unicode>août</Unicode>
                    </TextEquiv>
                    <TextStyle fontFamily="Times New Roman" fontSize="11.0" bold="true"/>
                </Word>
                <Word id="w_w2aab1b1b2c25b1b5b1" language="English" custom="readingOrder {index:12;}">
                    <Coords points="4698,4710 4967,4710 4967,4797 4698,4797"/>
                    <TextEquiv>
                        <Unicode>1814.</Unicode>
                    </TextEquiv>
                    <TextStyle fontFamily="Times New Roman" fontSize="11.0" bold="true"/>
                </Word>
                <TextEquiv>
                    <Unicode>L. aut. sig. à son frère, le prince Lucien. Trieste, 19 août 1814.</Unicode>
                </TextEquiv>
            </TextLine>
            <TextLine id="tl_34" primaryLanguage="English" custom="readingOrder {index:1;}">
                <Coords points="1447,4863 2458,4863 2458,4990 1447,4990"/>
                <Baseline points="1447,4956 1476,4956 1886,4954 2162,4955 2458,4955"/>
                <Word id="w_w2aab1b1b2c25b3ab1" language="English" custom="readingOrder {index:0;}">
                    <Coords points="1447,4879 1476,4879 1476,4956 1447,4956"/>
                    <TextEquiv>
                        <Unicode>1</Unicode>
                    </TextEquiv>
                    <TextStyle fontFamily="Times New Roman" fontSize="11.0" bold="true"/>
                </Word>
                <Word id="w_w2aab1b1b2c25b3ab5" language="English" custom="readingOrder {index:1;}">
                    <Coords points="1530,4870 1886,4870 1886,4983 1530,4983"/>
                    <TextEquiv>
                        <Unicode>grande</Unicode>
                    </TextEquiv>
                    <TextStyle fontFamily="Times New Roman" fontSize="11.0" bold="true"/>
                </Word>
                <Word id="w_w2aab1b1b2c25b3ac19" language="English" custom="readingOrder {index:2;}">
                    <Coords points="1930,4890 2162,4890 2162,4983 1930,4983"/>
                    <TextEquiv>
                        <Unicode>page</Unicode>
                    </TextEquiv>
                    <TextStyle fontFamily="Times New Roman" fontSize="11.0" bold="true"/>
                </Word>
                <Word id="w_w2aab1b1b2c25b3ac29" language="English" custom="readingOrder {index:3;}">
                    <Coords points="2209,4868 2458,4868 2458,4956 2209,4956"/>
                    <TextEquiv>
                        <Unicode>in-4.</Unicode>
                    </TextEquiv>
                    <TextStyle fontFamily="Times New Roman" fontSize="11.0" bold="true"/>
                </Word>
                <TextEquiv>
                    <Unicode>1 grande page in-4.</Unicode>
                </TextEquiv>
                <TextStyle fontFamily="Times New Roman" fontSize="11.0" bold="true"/>
            </TextLine>
            <TextEquiv>
                <Unicode>L. aut. sig. à son frère, le prince Lucien. Trieste, 19 août 1814.
1 grande page in-4.</Unicode>
            </TextEquiv>
        </TextRegion>
        <TextRegion type="paragraph" id="r_1_14" custom="readingOrder {index:14;}">
            <Coords points="1423,4943 4982,4943 4982,5677 1423,5677"/>
            <TextLine id="tl_35" primaryLanguage="English" custom="readingOrder {index:0;}">
                <Coords points="1536,4944 4974,4944 4974,5105 1536,5105"/>
                <Baseline points="1537,5063 1603,5062 1755,5063 1833,5062 2171,5062 2305,5065 2509,5059 2775,5056 3097,5053 3513,5042 3597,5043 3933,5036 4111,5036 4457,5028 4595,5027 4973,4999"/>
                <Word id="w_w2aab1b1b2c27b1ab1" language="English" custom="readingOrder {index:0;}">
                    <Coords points="1537,4988 1603,4988 1603,5063 1537,5063"/>
                    <TextEquiv>
                        <Unicode>Il</Unicode>
                    </TextEquiv>
                    <TextStyle fontFamily="Times New Roman" fontSize="11.0"/>
                </Word>
                <Word id="w_w2aab1b1b2c27b1ab7" language="English" custom="readingOrder {index:1;}">
                    <Coords points="1643,4985 1755,4985 1755,5066 1643,5066"/>
                    <TextEquiv>
                        <Unicode>lui</Unicode>
                    </TextEquiv>
                    <TextStyle fontFamily="Times New Roman" fontSize="11.0"/>
                </Word>
                <Word id="w_w2aab1b1b2c27b1ac15" language="English" custom="readingOrder {index:2;}">
                    <Coords points="1793,4985 1949,4985 1949,5100 1793,5100"/>
                    <TextEquiv>
                        <Unicode>fait</Unicode>
                    </TextEquiv>
                    <TextStyle fontFamily="Times New Roman" fontSize="11.0"/>
                </Word>
                <Word id="w_w2aab1b1b2c27b1b1b1" language="English" custom="readingOrder {index:3;}">
                    <Coords points="1985,4996 2171,4996 2171,5100 1985,5100"/>
                    <TextEquiv>
                        <Unicode>part</Unicode>
                    </TextEquiv>
                    <TextStyle fontFamily="Times New Roman" fontSize="11.0"/>
                </Word>
                <Word id="w_w2aab1b1b2c27b1b1c11" language="English" custom="readingOrder {index:4;}">
                    <Coords points="2203,4985 2305,4985 2305,5065 2203,5065"/>
                    <TextEquiv>
                        <Unicode>de</Unicode>
                    </TextEquiv>
                    <TextStyle fontFamily="Times New Roman" fontSize="11.0"/>
                </Word>
                <Word id="w_w2aab1b1b2c27b1b1c17" language="English" custom="readingOrder {index:5;}">
                    <Coords points="2353,5007 2509,5007 2509,5064 2353,5064"/>
                    <TextEquiv>
                        <Unicode>son</Unicode>
                    </TextEquiv>
                    <TextStyle fontFamily="Times New Roman" fontSize="11.0"/>
                </Word>
                <Word id="w_w2aab1b1b2c27b1b1c25" language="English" custom="readingOrder {index:6;}">
                    <Coords points="2546,4980 2775,4980 2775,5060 2546,5060"/>
                    <TextEquiv>
                        <Unicode>désir</Unicode>
                    </TextEquiv>
                    <TextStyle fontFamily="Times New Roman" fontSize="11.0"/>
                </Word>
                <Word id="w_w2aab1b1b2c27b1b1c37" language="English" custom="readingOrder {index:7;}">
                    <Coords points="2806,4973 3097,4973 3097,5055 2806,5055"/>
                    <TextEquiv>
                        <Unicode>d’aller</Unicode>
                    </TextEquiv>
                    <TextStyle fontFamily="Times New Roman" fontSize="11.0"/>
                </Word>
                <Word id="w_w2aab1b1b2c27b1b1c53" language="English" custom="readingOrder {index:8;}">
                    <Coords points="3135,4967 3513,4967 3513,5052 3135,5052"/>
                    <TextEquiv>
                        <Unicode>s’établir</Unicode>
                    </TextEquiv>
                    <TextStyle fontFamily="Times New Roman" fontSize="11.0"/>
                </Word>
                <Word id="w_w2aab1b1b2c27b1b1c73" language="English" custom="readingOrder {index:9;}">
                    <Coords points="3548,4963 3597,4963 3597,5043 3548,5043"/>
                    <TextEquiv>
                        <Unicode>à</Unicode>
                    </TextEquiv>
                    <TextStyle fontFamily="Times New Roman" fontSize="11.0"/>
                </Word>
                <Word id="w_w2aab1b1b2c27b1b1c77" language="English" custom="readingOrder {index:10;}">
                    <Coords points="3636,4966 3933,4966 3933,5043 3636,5043"/>
                    <TextEquiv>
                        <Unicode>Rome.</Unicode>
                    </TextEquiv>
                    <TextStyle fontFamily="Times New Roman" fontSize="11.0"/>
                </Word>
                <Word id="w_w2aab1b1b2c27b1b1c89" language="English" custom="readingOrder {index:11;}">
                    <Coords points="3996,4958 4111,4958 4111,5036 3996,5036"/>
                    <TextEquiv>
                        <Unicode>Le</Unicode>
                    </TextEquiv>
                    <TextStyle fontFamily="Times New Roman" fontSize="11.0"/>
                </Word>
                <Word id="w_w2aab1b1b2c27b1b1c95" language="English" custom="readingOrder {index:12;}">
                    <Coords points="4163,4954 4457,4954 4457,5057 4163,5057"/>
                    <TextEquiv>
                        <Unicode>prince</Unicode>
                    </TextEquiv>
                    <TextStyle fontFamily="Times New Roman" fontSize="11.0"/>
                </Word>
                <Word id="w_w2aab1b1b2c27b1b1d109" language="English" custom="readingOrder {index:13;}">
                    <Coords points="4490,4949 4595,4949 4595,5027 4490,5027"/>
                    <TextEquiv>
                        <Unicode>de</Unicode>
                    </TextEquiv>
                    <TextStyle fontFamily="Times New Roman" fontSize="11.0"/>
                </Word>
                <Word id="w_w2aab1b1b2c27b1b1d115" language="English" custom="readingOrder {index:14;}">
                    <Coords points="4636,4949 4973,4949 4973,5024 4636,5024"/>
                    <TextEquiv>
                        <Unicode>Mclter-</Unicode>
                    </TextEquiv>
                    <TextStyle fontFamily="Times New Roman" fontSize="11.0"/>
                </Word>
                <TextEquiv>
                    <Unicode>Il lui fait part de son désir d’aller s’établir à Rome. Le prince de Metter¬</Unicode>
                </TextEquiv>
            </TextLine>
            <TextLine id="tl_36" primaryLanguage="English" custom="readingOrder {index:1;}">
                <Coords points="1432,5044 4974,5044 4974,5194 1432,5194"/>
                <Baseline points="1432,5162 1628,5160 1710,5161 2058,5164 2262,5164 2800,5156 3330,5150 3408,5145 3606,5139 4098,5134 4270,5130 4750,5123 4974,5121"/>
                <Word id="w_w2aab1b1b2c27b3ab1" language="English" custom="readingOrder {index:0;}">
                    <Coords points="1432,5086 1628,5086 1628,5165 1432,5165"/>
                    <TextEquiv>
                        <Unicode>nicli</Unicode>
                    </TextEquiv>
                    <TextStyle fontFamily="Times New Roman" fontSize="11.0"/>
                </Word>
                <Word id="w_w2aab1b1b2c27b3ac13" language="English" custom="readingOrder {index:1;}">
                    <Coords points="1688,5083 1802,5083 1802,5164 1688,5164"/>
                    <TextEquiv>
                        <Unicode>lui</Unicode>
                    </TextEquiv>
                    <TextStyle fontFamily="Times New Roman" fontSize="11.0"/>
                </Word>
                <Word id="w_w2aab1b1b2c27b3b1b1" language="English" custom="readingOrder {index:2;}">
                    <Coords points="1844,5085 2058,5085 2058,5167 1844,5167"/>
                    <TextEquiv>
                        <Unicode>écrit</Unicode>
                    </TextEquiv>
                    <TextStyle fontFamily="Times New Roman" fontSize="11.0"/>
                </Word>
                <Word id="w_w2aab1b1b2c27b3b1c13" language="English" custom="readingOrder {index:3;}">
                    <Coords points="2096,5107 2262,5107 2262,5185 2096,5185"/>
                    <TextEquiv>
                        <Unicode>que</Unicode>
                    </TextEquiv>
                    <TextStyle fontFamily="Times New Roman" fontSize="11.0"/>
                </Word>
                <Word id="w_w2aab1b1b2c27b3b1c21" language="English" custom="readingOrder {index:4;}">
                    <Coords points="2300,5085 2800,5085 2800,5183 2300,5183"/>
                    <TextEquiv>
                        <Unicode>IVmpcreur</Unicode>
                    </TextEquiv>
                    <TextStyle fontFamily="Times New Roman" fontSize="11.0"/>
                </Word>
                <Word id="w_w2aab1b1b2c27b3b1c41" language="English" custom="readingOrder {index:5;}">
                    <Coords points="2834,5070 3330,5070 3330,5155 2834,5155"/>
                    <TextEquiv>
                        <Unicode>d’Autriche</Unicode>
                    </TextEquiv>
                    <TextStyle fontFamily="Times New Roman" fontSize="11.0"/>
                </Word>
                <Word id="w_w2aab1b1b2c27b3b1c63" language="English" custom="readingOrder {index:6;}">
                    <Coords points="3362,5091 3408,5091 3408,5145 3362,5145"/>
                    <TextEquiv>
                        <Unicode>a</Unicode>
                    </TextEquiv>
                    <TextStyle fontFamily="Times New Roman" fontSize="11.0"/>
                </Word>
                <Word id="w_w2aab1b1b2c27b3b1c67" language="English" custom="readingOrder {index:7;}">
                    <Coords points="3447,5064 3606,5064 3606,5144 3447,5144"/>
                    <TextEquiv>
                        <Unicode>fait</Unicode>
                    </TextEquiv>
                    <TextStyle fontFamily="Times New Roman" fontSize="11.0"/>
                </Word>
                <Word id="w_w2aab1b1b2c27b3b1c77" language="English" custom="readingOrder {index:8;}">
                    <Coords points="3641,5055 4098,5055 4098,5139 3641,5139"/>
                    <TextEquiv>
                        <Unicode>demander</Unicode>
                    </TextEquiv>
                    <TextStyle fontFamily="Times New Roman" fontSize="11.0"/>
                </Word>
                <Word id="w_w2aab1b1b2c27b3b1c95" language="English" custom="readingOrder {index:9;}">
                    <Coords points="4134,5074 4270,5074 4270,5133 4134,5133"/>
                    <TextEquiv>
                        <Unicode>ses</Unicode>
                    </TextEquiv>
                    <TextStyle fontFamily="Times New Roman" fontSize="11.0"/>
                </Word>
                <Word id="w_w2aab1b1b2c27b3b1d103" language="English" custom="readingOrder {index:10;}">
                    <Coords points="4310,5056 4834,5056 4834,5151 4310,5151"/>
                    <TextEquiv>
                        <Unicode>passe-ports</Unicode>
                    </TextEquiv>
                    <TextStyle fontFamily="Times New Roman" fontSize="11.0"/>
                </Word>
                <Word id="w_w2aab1b1b2c27b3b2b1" language="English" custom="readingOrder {index:11;}">
                    <Coords points="4868,5064 4974,5064 4974,5121 4868,5121"/>
                    <TextEquiv>
                        <Unicode>au</Unicode>
                    </TextEquiv>
                    <TextStyle fontFamily="Times New Roman" fontSize="11.0"/>
                </Word>
                <TextEquiv>
                    <Unicode>nich lui écrit que l'Empereur d’Autriche a fait demander ses passe-ports au</Unicode>
                </TextEquiv>
            </TextLine>
            <TextLine id="tl_37" primaryLanguage="English" custom="readingOrder {index:2;}">
                <Coords points="1435,5142 4976,5142 4976,5298 1435,5298"/>
                <Baseline points="1435,5264 1897,5264 1997,5254 2141,5263 2365,5262 2679,5257 2869,5253 3083,5251 3284,5261 3537,5242 3641,5243 4005,5235 4203,5231 4453,5228 4605,5225 4975,5197"/>
                <Word id="w_w2aab1b1b2c27b5ab1" language="English" custom="readingOrder {index:0;}">
                    <Coords points="1435,5184 1897,5184 1897,5285 1435,5285"/>
                    <TextEquiv>
                        <Unicode>saint-père</Unicode>
                    </TextEquiv>
                    <TextStyle fontFamily="Times New Roman" fontSize="11.0"/>
                </Word>
                <Word id="w_w2aab1b1b2c27b5ac23" language="English" custom="readingOrder {index:1;}">
                    <Coords points="1957,5218 1997,5218 1997,5254 1957,5254"/>
                    <TextEquiv>
                        <Unicode>«</Unicode>
                    </TextEquiv>
                    <TextStyle fontFamily="Times New Roman" fontSize="11.0"/>
                </Word>
                <Word id="w_w2aab1b1b2c27b5ac27" language="English" custom="readingOrder {index:2;}">
                    <Coords points="2035,5187 2141,5187 2141,5263 2035,5263"/>
                    <TextEquiv>
                        <Unicode>Je</Unicode>
                    </TextEquiv>
                    <TextStyle fontFamily="Times New Roman" fontSize="11.0"/>
                </Word>
                <Word id="w_w2aab1b1b2c27b5ac33" language="English" custom="readingOrder {index:3;}">
                    <Coords points="2175,5184 2365,5184 2365,5262 2175,5262"/>
                    <TextEquiv>
                        <Unicode>dois</Unicode>
                    </TextEquiv>
                    <TextStyle fontFamily="Times New Roman" fontSize="11.0"/>
                </Word>
                <Word id="w_w2aab1b1b2c27b5ac43" language="English" custom="readingOrder {index:4;}">
                    <Coords points="2403,5180 2679,5180 2679,5260 2403,5260"/>
                    <TextEquiv>
                        <Unicode>croire</Unicode>
                    </TextEquiv>
                    <TextStyle fontFamily="Times New Roman" fontSize="11.0"/>
                </Word>
                <Word id="w_w2aab1b1b2c27b5ac57" language="English" custom="readingOrder {index:5;}">
                    <Coords points="2703,5197 2869,5197 2869,5276 2703,5276"/>
                    <TextEquiv>
                        <Unicode>que</Unicode>
                    </TextEquiv>
                    <TextStyle fontFamily="Times New Roman" fontSize="11.0"/>
                </Word>
                <Word id="w_w2aab1b1b2c27b5ac65" language="English" custom="readingOrder {index:6;}">
                    <Coords points="2903,5171 3083,5171 3083,5252 2903,5252"/>
                    <TextEquiv>
                        <Unicode>cela</Unicode>
                    </TextEquiv>
                    <TextStyle fontFamily="Times New Roman" fontSize="11.0"/>
                </Word>
                <Word id="w_w2aab1b1b2c27b5ac75" language="English" custom="readingOrder {index:7;}">
                    <Coords points="3123,5183 3284,5183 3284,5261 3123,5261"/>
                    <TextEquiv>
                        <Unicode>est,</Unicode>
                    </TextEquiv>
                    <TextStyle fontFamily="Times New Roman" fontSize="11.0"/>
                </Word>
                <Word id="w_w2aab1b1b2c27b5ac85" language="English" custom="readingOrder {index:8;}">
                    <Coords points="3325,5166 3537,5166 3537,5246 3325,5246"/>
                    <TextEquiv>
                        <Unicode>mais</Unicode>
                    </TextEquiv>
                    <TextStyle fontFamily="Times New Roman" fontSize="11.0"/>
                </Word>
                <Word id="w_w2aab1b1b2c27b5ac95" language="English" custom="readingOrder {index:9;}">
                    <Coords points="3555,5167 3641,5167 3641,5263 3555,5263"/>
                    <TextEquiv>
                        <Unicode>je</Unicode>
                    </TextEquiv>
                    <TextStyle fontFamily="Times New Roman" fontSize="11.0"/>
                </Word>
                <Word id="w_w2aab1b1b2c27b5ad101" language="English" custom="readingOrder {index:10;}">
                    <Coords points="3679,5156 4005,5156 4005,5260 3679,5260"/>
                    <TextEquiv>
                        <Unicode>préfère</Unicode>
                    </TextEquiv>
                    <TextStyle fontFamily="Times New Roman" fontSize="11.0"/>
                </Word>
                <Word id="w_w2aab1b1b2c27b5ad117" language="English" custom="readingOrder {index:11;}">
                    <Coords points="4037,5175 4203,5175 4203,5270 4037,5270"/>
                    <TextEquiv>
                        <Unicode>que</Unicode>
                    </TextEquiv>
                    <TextStyle fontFamily="Times New Roman" fontSize="11.0"/>
                </Word>
                <Word id="w_w2aab1b1b2c27b5ad125" language="English" custom="readingOrder {index:12;}">
                    <Coords points="4245,5170 4453,5170 4453,5229 4245,5229"/>
                    <TextEquiv>
                        <Unicode>vous</Unicode>
                    </TextEquiv>
                    <TextStyle fontFamily="Times New Roman" fontSize="11.0"/>
                </Word>
                <Word id="w_w2aab1b1b2c27b5ad135" language="English" custom="readingOrder {index:13;}">
                    <Coords points="4484,5147 4605,5147 4605,5227 4484,5227"/>
                    <TextEquiv>
                        <Unicode>les</Unicode>
                    </TextEquiv>
                    <TextStyle fontFamily="Times New Roman" fontSize="11.0"/>
                </Word>
                <Word id="w_w2aab1b1b2c27b5ad143" language="English" custom="readingOrder {index:14;}">
                    <Coords points="4642,5147 4975,5147 4975,5224 4642,5224"/>
                    <TextEquiv>
                        <Unicode>deman-</Unicode>
                    </TextEquiv>
                    <TextStyle fontFamily="Times New Roman" fontSize="11.0"/>
                </Word>
                <TextEquiv>
                    <Unicode>saint-père « Je dois croire que cela est, mais je préfère que vous les deman¬</Unicode>
                </TextEquiv>
                <TextStyle fontFamily="Times New Roman" fontSize="11.0"/>
            </TextLine>
            <TextLine id="tl_38" primaryLanguage="English" custom="readingOrder {index:3;}">
                <Coords points="1424,5242 4977,5242 4977,5388 1424,5388"/>
                <Baseline points="1424,5354 1462,5354 1680,5360 2287,5359 2864,5353 3008,5348 3268,5347 3386,5342 3560,5340 3720,5338 4296,5328 4618,5325 4976,5317"/>
                <Word id="w_w2aab1b1b2c27b7ab1" language="English" custom="readingOrder {index:0;}">
                    <Coords points="1424,5318 1462,5318 1462,5354 1424,5354"/>
                    <TextEquiv>
                        <Unicode>«</Unicode>
                    </TextEquiv>
                    <TextStyle fontFamily="Times New Roman" fontSize="11.0"/>
                </Word>
                <Word id="w_w2aab1b1b2c27b7ab5" language="English" custom="readingOrder {index:1;}">
                    <Coords points="1498,5283 1680,5283 1680,5361 1498,5361"/>
                    <TextEquiv>
                        <Unicode>diez</Unicode>
                    </TextEquiv>
                    <TextStyle fontFamily="Times New Roman" fontSize="11.0"/>
                </Word>
                <Word id="w_w2aab1b1b2c27b7ac15" language="English" custom="readingOrder {index:2;}">
                    <Coords points="1728,5282 2287,5282 2287,5363 1728,5363"/>
                    <TextEquiv>
                        <Unicode>directement</Unicode>
                    </TextEquiv>
                    <TextStyle fontFamily="Times New Roman" fontSize="11.0"/>
                </Word>
                <Word id="w_w2aab1b1b2c27b7ac39" language="English" custom="readingOrder {index:3;}">
                    <Coords points="2336,5280 2864,5280 2864,5358 2336,5358"/>
                    <TextEquiv>
                        <Unicode>vous-même</Unicode>
                    </TextEquiv>
                    <TextStyle fontFamily="Times New Roman" fontSize="11.0"/>
                </Word>
                <Word id="w_w2aab1b1b2c27b7ac59" language="English" custom="readingOrder {index:4;}">
                    <Coords points="2904,5293 3008,5293 3008,5350 2904,5350"/>
                    <TextEquiv>
                        <Unicode>au</Unicode>
                    </TextEquiv>
                    <TextStyle fontFamily="Times New Roman" fontSize="11.0"/>
                </Word>
                <Word id="w_w2aab1b1b2c27b7ac65" language="English" custom="readingOrder {index:5;}">
                    <Coords points="3052,5290 3268,5290 3268,5371 3052,5371"/>
                    <TextEquiv>
                        <Unicode>pape</Unicode>
                    </TextEquiv>
                    <TextStyle fontFamily="Times New Roman" fontSize="11.0"/>
                </Word>
                <Word id="w_w2aab1b1b2c27b7ac75" language="English" custom="readingOrder {index:6;}">
                    <Coords points="3302,5277 3386,5277 3386,5344 3302,5344"/>
                    <TextEquiv>
                        <Unicode>et</Unicode>
                    </TextEquiv>
                    <TextStyle fontFamily="Times New Roman" fontSize="11.0"/>
                </Word>
                <Word id="w_w2aab1b1b2c27b7ac81" language="English" custom="readingOrder {index:7;}">
                    <Coords points="3428,5285 3560,5285 3560,5341 3428,5341"/>
                    <TextEquiv>
                        <Unicode>me</Unicode>
                    </TextEquiv>
                    <TextStyle fontFamily="Times New Roman" fontSize="11.0"/>
                </Word>
                <Word id="w_w2aab1b1b2c27b7ac87" language="English" custom="readingOrder {index:8;}">
                    <Coords points="3596,5261 3720,5261 3720,5339 3596,5339"/>
                    <TextEquiv>
                        <Unicode>les</Unicode>
                    </TextEquiv>
                    <TextStyle fontFamily="Times New Roman" fontSize="11.0"/>
                </Word>
                <Word id="w_w2aab1b1b2c27b7ac95" language="English" custom="readingOrder {index:9;}">
                    <Coords points="3756,5254 4296,5254 4296,5355 3756,5355"/>
                    <TextEquiv>
                        <Unicode>envoyiez....</Unicode>
                    </TextEquiv>
                    <TextStyle fontFamily="Times New Roman" fontSize="11.0"/>
                </Word>
                <Word id="w_w2aab1b1b2c27b7ad121" language="English" custom="readingOrder {index:10;}">
                    <Coords points="4329,5246 4740,5246 4740,5345 4329,5345"/>
                    <TextEquiv>
                        <Unicode>J’espère,</Unicode>
                    </TextEquiv>
                    <TextStyle fontFamily="Times New Roman" fontSize="11.0"/>
                </Word>
                <Word id="w_w2aab1b1b2c27b7b1b1" language="English" custom="readingOrder {index:11;}">
                    <Coords points="4784,5262 4976,5262 4976,5320 4784,5320"/>
                    <TextEquiv>
                        <Unicode>mon</Unicode>
                    </TextEquiv>
                    <TextStyle fontFamily="Times New Roman" fontSize="11.0"/>
                </Word>
                <TextEquiv>
                    <Unicode>« diez directement vous-même au pape et me les envoyiez.... J’espère, mon</Unicode>
                </TextEquiv>
            </TextLine>
            <TextLine id="tl_39" primaryLanguage="English" custom="readingOrder {index:4;}">
                <Coords points="1431,5338 4980,5338 4980,5490 1431,5490"/>
                <Baseline points="1431,5454 1471,5454 1558,5459 2102,5475 2310,5459 2560,5456 3109,5447 3541,5440 3873,5434 3951,5432 4129,5432 4471,5424 4755,5423 4979,5415"/>
                <Word id="w_w2aab1b1b2c27b9ab1" language="English" custom="readingOrder {index:0;}">
                    <Coords points="1431,5405 1471,5405 1471,5460 1431,5460"/>
                    <TextEquiv>
                        <Unicode>«</Unicode>
                    </TextEquiv>
                    <TextStyle fontFamily="Times New Roman" fontSize="11.0"/>
                </Word>
                <Word id="w_w2aab1b1b2c27b9b1b1" language="English" custom="readingOrder {index:1;}">
                    <Coords points="1513,5382 1718,5382 1718,5461 1513,5461"/>
                    <TextEquiv>
                        <Unicode>cher</Unicode>
                    </TextEquiv>
                    <TextStyle fontFamily="Times New Roman" fontSize="11.0"/>
                </Word>
                <Word id="w_w2aab1b1b2c27b9b2b1" language="English" custom="readingOrder {index:2;}">
                    <Coords points="1751,5384 2102,5384 2102,5475 1751,5475"/>
                    <TextEquiv>
                        <Unicode>Lucien,</Unicode>
                    </TextEquiv>
                    <TextStyle fontFamily="Times New Roman" fontSize="11.0"/>
                </Word>
                <Word id="w_w2aab1b1b2c27b9b2c17" language="English" custom="readingOrder {index:3;}">
                    <Coords points="2143,5403 2310,5403 2310,5482 2143,5482"/>
                    <TextEquiv>
                        <Unicode>que</Unicode>
                    </TextEquiv>
                    <TextStyle fontFamily="Times New Roman" fontSize="11.0"/>
                </Word>
                <Word id="w_w2aab1b1b2c27b9b2c25" language="English" custom="readingOrder {index:4;}">
                    <Coords points="2349,5400 2560,5400 2560,5458 2349,5458"/>
                    <TextEquiv>
                        <Unicode>vous</Unicode>
                    </TextEquiv>
                    <TextStyle fontFamily="Times New Roman" fontSize="11.0"/>
                </Word>
                <Word id="w_w2aab1b1b2c27b9b2c35" language="English" custom="readingOrder {index:5;}">
                    <Coords points="2597,5379 3109,5379 3109,5475 2597,5475"/>
                    <TextEquiv>
                        <Unicode>éprouverez</Unicode>
                    </TextEquiv>
                    <TextStyle fontFamily="Times New Roman" fontSize="11.0"/>
                </Word>
                <Word id="w_w2aab1b1b2c27b9b2c57" language="English" custom="readingOrder {index:6;}">
                    <Coords points="3165,5364 3541,5364 3541,5466 3165,5466"/>
                    <TextEquiv>
                        <Unicode>quelque</Unicode>
                    </TextEquiv>
                    <TextStyle fontFamily="Times New Roman" fontSize="11.0"/>
                </Word>
                <Word id="w_w2aab1b1b2c27b9b2c73" language="English" custom="readingOrder {index:7;}">
                    <Coords points="3579,5357 3873,5357 3873,5461 3579,5461"/>
                    <TextEquiv>
                        <Unicode>plaisir</Unicode>
                    </TextEquiv>
                    <TextStyle fontFamily="Times New Roman" fontSize="11.0"/>
                </Word>
                <Word id="w_w2aab1b1b2c27b9b2c89" language="English" custom="readingOrder {index:8;}">
                    <Coords points="3909,5355 3951,5355 3951,5432 3909,5432"/>
                    <TextEquiv>
                        <Unicode>à</Unicode>
                    </TextEquiv>
                    <TextStyle fontFamily="Times New Roman" fontSize="11.0"/>
                </Word>
                <Word id="w_w2aab1b1b2c27b9b2c93" language="English" custom="readingOrder {index:9;}">
                    <Coords points="3997,5375 4129,5375 4129,5432 3997,5432"/>
                    <TextEquiv>
                        <Unicode>me</Unicode>
                    </TextEquiv>
                    <TextStyle fontFamily="Times New Roman" fontSize="11.0"/>
                </Word>
                <Word id="w_w2aab1b1b2c27b9b2c99" language="English" custom="readingOrder {index:10;}">
                    <Coords points="4191,5348 4471,5348 4471,5429 4191,5429"/>
                    <TextEquiv>
                        <Unicode>revoir</Unicode>
                    </TextEquiv>
                    <TextStyle fontFamily="Times New Roman" fontSize="11.0"/>
                </Word>
                <Word id="w_w2aab1b1b2c27b9b2d113" language="English" custom="readingOrder {index:11;}">
                    <Coords points="4505,5341 4755,5341 4755,5445 4505,5445"/>
                    <TextEquiv>
                        <Unicode>après</Unicode>
                    </TextEquiv>
                    <TextStyle fontFamily="Times New Roman" fontSize="11.0"/>
                </Word>
                <Word id="w_w2aab1b1b2c27b9b2d125" language="English" custom="readingOrder {index:12;}">
                    <Coords points="4799,5350 4979,5350 4979,5420 4799,5420"/>
                    <TextEquiv>
                        <Unicode>tant</Unicode>
                    </TextEquiv>
                    <TextStyle fontFamily="Times New Roman" fontSize="11.0"/>
                </Word>
                <TextEquiv>
                    <Unicode>« cher Lucien, que vous éprouverez quelque plaisir à me revoir après tant</Unicode>
                </TextEquiv>
            </TextLine>
            <TextLine id="tl_40" primaryLanguage="English" custom="readingOrder {index:5;}">
                <Coords points="1436,5438 4981,5438 4981,5590 1436,5590"/>
                <Baseline points="1436,5554 1475,5554 1911,5561 2051,5560 2573,5554 2635,5571 2943,5548 3023,5550 3281,5559 3550,5540 3774,5536 3956,5532 4140,5529 4510,5524 4724,5519 4980,5493"/>
                <Word id="w_w2aab1b1b2c27c11ab1" language="English" custom="readingOrder {index:0;}">
                    <Coords points="1436,5516 1475,5516 1475,5554 1436,5554"/>
                    <TextEquiv>
                        <Unicode>«</Unicode>
                    </TextEquiv>
                    <TextStyle fontFamily="Times New Roman" fontSize="11.0"/>
                </Word>
                <Word id="w_w2aab1b1b2c27c11ab5" language="English" custom="readingOrder {index:1;}">
                    <Coords points="1512,5482 1911,5482 1911,5561 1512,5561"/>
                    <TextEquiv>
                        <Unicode>d’années</Unicode>
                    </TextEquiv>
                    <TextStyle fontFamily="Times New Roman" fontSize="11.0"/>
                </Word>
                <Word id="w_w2aab1b1b2c27c11ac23" language="English" custom="readingOrder {index:2;}">
                    <Coords points="1946,5482 2051,5482 2051,5561 1946,5561"/>
                    <TextEquiv>
                        <Unicode>de</Unicode>
                    </TextEquiv>
                    <TextStyle fontFamily="Times New Roman" fontSize="11.0"/>
                </Word>
                <Word id="w_w2aab1b1b2c27c11ac29" language="English" custom="readingOrder {index:3;}">
                    <Coords points="2088,5479 2573,5479 2573,5582 2088,5582"/>
                    <TextEquiv>
                        <Unicode>séparation</Unicode>
                    </TextEquiv>
                    <TextStyle fontFamily="Times New Roman" fontSize="11.0"/>
                </Word>
                <Word id="w_w2aab1b1b2c27c11ac51" language="English" custom="readingOrder {index:4;}">
                    <Coords points="2612,5505 2635,5505 2635,5571 2612,5571"/>
                    <TextEquiv>
                        <Unicode>;</Unicode>
                    </TextEquiv>
                    <TextStyle fontFamily="Times New Roman" fontSize="11.0"/>
                </Word>
                <Word id="w_w2aab1b1b2c27c11ac55" language="English" custom="readingOrder {index:5;}">
                    <Coords points="2674,5482 2943,5482 2943,5577 2674,5577"/>
                    <TextEquiv>
                        <Unicode>quant</Unicode>
                    </TextEquiv>
                    <TextStyle fontFamily="Times New Roman" fontSize="11.0"/>
                </Word>
                <Word id="w_w2aab1b1b2c27c11ac67" language="English" custom="readingOrder {index:6;}">
                    <Coords points="2978,5469 3023,5469 3023,5550 2978,5550"/>
                    <TextEquiv>
                        <Unicode>à</Unicode>
                    </TextEquiv>
                    <TextStyle fontFamily="Times New Roman" fontSize="11.0"/>
                </Word>
                <Word id="w_w2aab1b1b2c27c11ac71" language="English" custom="readingOrder {index:7;}">
                    <Coords points="3068,5469 3281,5469 3281,5559 3068,5559"/>
                    <TextEquiv>
                        <Unicode>moi,</Unicode>
                    </TextEquiv>
                    <TextStyle fontFamily="Times New Roman" fontSize="11.0"/>
                </Word>
                <Word id="w_w2aab1b1b2c27c11ac81" language="English" custom="readingOrder {index:8;}">
                    <Coords points="3324,5472 3550,5472 3550,5544 3324,5544"/>
                    <TextEquiv>
                        <Unicode>celle</Unicode>
                    </TextEquiv>
                    <TextStyle fontFamily="Times New Roman" fontSize="11.0"/>
                </Word>
                <Word id="w_w2aab1b1b2c27c11ac93" language="English" custom="readingOrder {index:9;}">
                    <Coords points="3592,5458 3774,5458 3774,5541 3592,5541"/>
                    <TextEquiv>
                        <Unicode>idée</Unicode>
                    </TextEquiv>
                    <TextStyle fontFamily="Times New Roman" fontSize="11.0"/>
                </Word>
                <Word id="w_w2aab1b1b2c27c11ad103" language="English" custom="readingOrder {index:10;}">
                    <Coords points="3824,5475 3956,5475 3956,5533 3824,5533"/>
                    <TextEquiv>
                        <Unicode>me</Unicode>
                    </TextEquiv>
                    <TextStyle fontFamily="Times New Roman" fontSize="11.0"/>
                </Word>
                <Word id="w_w2aab1b1b2c27c11ad109" language="English" custom="readingOrder {index:11;}">
                    <Coords points="3992,5452 4140,5452 4140,5532 3992,5532"/>
                    <TextEquiv>
                        <Unicode>fait</Unicode>
                    </TextEquiv>
                    <TextStyle fontFamily="Times New Roman" fontSize="11.0"/>
                </Word>
                <Word id="w_w2aab1b1b2c27c11ad119" language="English" custom="readingOrder {index:12;}">
                    <Coords points="4180,5447 4510,5447 4510,5527 4180,5527"/>
                    <TextEquiv>
                        <Unicode>oublier</Unicode>
                    </TextEquiv>
                    <TextStyle fontFamily="Times New Roman" fontSize="11.0"/>
                </Word>
                <Word id="w_w2aab1b1b2c27c11ad135" language="English" custom="readingOrder {index:13;}">
                    <Coords points="4546,5463 4724,5463 4724,5523 4546,5523"/>
                    <TextEquiv>
                        <Unicode>mes</Unicode>
                    </TextEquiv>
                    <TextStyle fontFamily="Times New Roman" fontSize="11.0"/>
                </Word>
                <Word id="w_w2aab1b1b2c27c11ad143" language="English" custom="readingOrder {index:14;}">
                    <Coords points="4762,5439 4980,5439 4980,5521 4762,5521"/>
                    <TextEquiv>
                        <Unicode>mal-</Unicode>
                    </TextEquiv>
                    <TextStyle fontFamily="Times New Roman" fontSize="11.0"/>
                </Word>
                <TextEquiv>
                    <Unicode>« d’années de séparation; quant à moi, cette idée me fait oublier mes mal¬</Unicode>
                </TextEquiv>
                <TextStyle fontFamily="Times New Roman" fontSize="11.0"/>
            </TextLine>
            <TextLine id="tl_41" primaryLanguage="English" custom="readingOrder {index:6;}">
                <Coords points="1435,5575 2094,5575 2094,5676 1435,5676"/>
                <Baseline points="1435,5652 1476,5652 1568,5659 2008,5660 2094,5649"/>
                <Word id="w_w2aab1b1b2c27c13ab1" language="English" custom="readingOrder {index:0;}">
                    <Coords points="1435,5581 1476,5581 1476,5660 1435,5660"/>
                    <TextEquiv>
                        <Unicode>«</Unicode>
                    </TextEquiv>
                    <TextStyle fontFamily="Times New Roman" fontSize="11.0"/>
                </Word>
                <Word id="w_w2aab1b1b2c27c13b1b1" language="English" custom="readingOrder {index:1;}">
                    <Coords points="1519,5581 1806,5581 1806,5672 1519,5672"/>
                    <TextEquiv>
                        <Unicode>heurs,</Unicode>
                    </TextEquiv>
                    <TextStyle fontFamily="Times New Roman" fontSize="11.0"/>
                </Word>
                <Word id="w_w2aab1b1b2c27c13b2b1" language="English" custom="readingOrder {index:2;}">
                    <Coords points="1841,5591 2008,5591 2008,5662 1841,5662"/>
                    <TextEquiv>
                        <Unicode>etc.</Unicode>
                    </TextEquiv>
                    <TextStyle fontFamily="Times New Roman" fontSize="11.0"/>
                </Word>
                <Word id="w_w2aab1b1b2c27c13b2c11" language="English" custom="readingOrder {index:3;}">
                    <Coords points="2055,5611 2094,5611 2094,5649 2055,5649"/>
                    <TextEquiv>
                        <Unicode>»</Unicode>
                    </TextEquiv>
                    <TextStyle fontFamily="Times New Roman" fontSize="11.0"/>
                </Word>
                <TextEquiv>
                    <Unicode>« heurs, etc. »</Unicode>
                </TextEquiv>
            </TextLine>
            <TextEquiv>
                <Unicode>Il lui fait part de son désir d’aller s’établir à Rome. Le prince de Metter¬
nich lui écrit que l'Empereur d’Autriche a fait demander ses passe-ports au
saint-père « Je dois croire que cela est, mais je préfère que vous les deman¬
« diez directement vous-même au pape et me les envoyiez.... J’espère, mon
« cher Lucien, que vous éprouverez quelque plaisir à me revoir après tant
« d’années de séparation; quant à moi, cette idée me fait oublier mes mal¬
« heurs, etc. »</Unicode>
            </TextEquiv>
        </TextRegion>
        <TextRegion type="paragraph" id="r_1_15" custom="readingOrder {index:15;}">
            <Coords points="1140,5731 4983,5731 4983,5920 1140,5920"/>
            <TextLine id="tl_42" primaryLanguage="English" custom="readingOrder {index:0;}">
                <Coords points="1141,5732 4982,5732 4982,5919 1141,5919"/>
                <Baseline points="1141,5887 1326,5883 2414,5877 3140,5873 3298,5869 3790,5861 4982,5841"/>
                <Word id="w_w2aab1b1b2c29b1ab1" language="English" custom="readingOrder {index:0;}">
                    <Coords points="1141,5776 1326,5776 1326,5888 1141,5888"/>
                    <TextEquiv>
                        <Unicode>43.</Unicode>
                    </TextEquiv>
                    <TextStyle fontFamily="Times New Roman" fontSize="13.0" bold="true"/>
                </Word>
                <Word id="w_w2aab1b1b2c29b1ab9" language="English" custom="readingOrder {index:1;}">
                    <Coords points="1423,5767 2414,5767 2414,5879 1423,5879"/>
                    <TextEquiv>
                        <Unicode>BONAPARTE</Unicode>
                    </TextEquiv>
                    <TextStyle fontFamily="Times New Roman" fontSize="13.0" bold="true"/>
                </Word>
                <Word id="w_w2aab1b1b2c29b1ac29" language="English" custom="readingOrder {index:2;}">
                    <Coords points="2481,5767 3140,5767 3140,5905 2481,5905"/>
                    <TextEquiv>
                        <Unicode>(Catherine</Unicode>
                    </TextEquiv>
                    <TextStyle fontFamily="Times New Roman" fontSize="13.0" bold="true"/>
                </Word>
                <Word id="w_w2aab1b1b2c29b1ac51" language="English" custom="readingOrder {index:3;}">
                    <Coords points="3231,5755 3372,5755 3372,5869 3231,5869"/>
                    <TextEquiv>
                        <Unicode>de</Unicode>
                    </TextEquiv>
                    <TextStyle fontFamily="Times New Roman" fontSize="13.0" bold="true"/>
                </Word>
                <Word id="w_w2aab1b1b2c29b1b1b1" language="English" custom="readingOrder {index:4;}">
                    <Coords points="3457,5747 4392,5747 4392,5883 3457,5883"/>
                    <TextEquiv>
                        <Unicode>Wurtemberg),</Unicode>
                    </TextEquiv>
                    <TextStyle fontFamily="Times New Roman" fontSize="13.0" bold="true"/>
                </Word>
                <Word id="w_w2aab1b1b2c29b1b2b1" language="English" custom="readingOrder {index:5;}">
                    <Coords points="4487,5738 4982,5738 4982,5848 4487,5848"/>
                    <TextEquiv>
                        <Unicode>ex-reine</Unicode>
                    </TextEquiv>
                    <TextStyle fontFamily="Times New Roman" fontSize="13.0" bold="true"/>
                </Word>
                <TextEquiv>
                    <Unicode>43. &lt;b&gt;BONAPARTE&lt;/b&gt; (Catherine de Wurtemberg), ex-reine</Unicode>
                </TextEquiv>
            </TextLine>
            <TextEquiv>
                <Unicode>43. &lt;b&gt;BONAPARTE&lt;/b&gt; (Catherine de Wurtemberg), ex-reine</Unicode>
            </TextEquiv>
        </TextRegion>
        <TextRegion type="paragraph" id="r_1_16" custom="readingOrder {index:16;}">
            <Coords points="1595,5885 4977,5885 4977,6067 1595,6067"/>
            <TextLine id="tl_43" primaryLanguage="English" custom="readingOrder {index:0;}">
                <Coords points="1596,5886 4976,5886 4976,6066 1596,6066"/>
                <Baseline points="1596,6030 1660,6030 2186,6061 2658,6032 3212,6018 3644,6014 4519,6002 4975,5993"/>
                <Word id="w_w2aab1b1b2c31b1ab1" language="English" custom="readingOrder {index:0;}">
                    <Coords points="1596,5926 1736,5926 1736,6031 1596,6031"/>
                    <TextEquiv>
                        <Unicode>de</Unicode>
                    </TextEquiv>
                    <TextStyle fontFamily="Times New Roman" fontSize="13.0" bold="true"/>
                </Word>
                <Word id="w_w2aab1b1b2c31b1b1b1" language="English" custom="readingOrder {index:1;}">
                    <Coords points="1793,5924 2544,5924 2544,6061 1793,6061"/>
                    <TextEquiv>
                        <Unicode>Westphalic,</Unicode>
                    </TextEquiv>
                    <TextStyle fontFamily="Times New Roman" fontSize="13.0" bold="true"/>
                </Word>
                <Word id="w_w2aab1b1b2c31b1b2b1" language="English" custom="readingOrder {index:2;}">
                    <Coords points="2605,5919 3024,5919 3024,6032 2605,6032"/>
                    <TextEquiv>
                        <Unicode>femme</Unicode>
                    </TextEquiv>
                    <TextStyle fontFamily="Times New Roman" fontSize="13.0" bold="true"/>
                </Word>
                <Word id="w_w2aab1b1b2c31b1b3b1" language="English" custom="readingOrder {index:3;}">
                    <Coords points="3074,5918 3212,5918 3212,6025 3074,6025"/>
                    <TextEquiv>
                        <Unicode>de</Unicode>
                    </TextEquiv>
                    <TextStyle fontFamily="Times New Roman" fontSize="13.0" bold="true"/>
                </Word>
                <Word id="w_w2aab1b1b2c31b1b3b7" language="English" custom="readingOrder {index:4;}">
                    <Coords points="3268,5892 3751,5892 3751,6022 3268,6022"/>
                    <TextEquiv>
                        <Unicode>Jérôme.</Unicode>
                    </TextEquiv>
                    <TextStyle fontFamily="Times New Roman" fontSize="13.0" bold="true"/>
                </Word>
                <Word id="w_w2aab1b1b2c31b1b4b1" language="English" custom="readingOrder {index:5;}">
                    <Coords points="4410,5890 4519,5890 4519,6002 4410,6002"/>
                    <TextEquiv>
                        <Unicode>N</Unicode>
                    </TextEquiv>
                    <TextStyle fontFamily="Times New Roman" fontSize="13.0" bold="true"/>
                </Word>
                <Word id="w_w2aab1b1b2c31b1b5b1" language="English" custom="readingOrder {index:6;}">
                    <Coords points="4640,5888 4975,5888 4975,6000 4640,6000"/>
                    <TextEquiv>
                        <Unicode>1783.</Unicode>
                    </TextEquiv>
                    <TextStyle fontFamily="Times New Roman" fontSize="13.0" bold="true"/>
                </Word>
                <TextEquiv>
                    <Unicode>de Westphalie, femme de Jérôme. N. 1783.</Unicode>
                </TextEquiv>
            </TextLine>
            <TextEquiv>
                <Unicode>de Westphalie, femme de Jérôme. N. 1783.</Unicode>
            </TextEquiv>
        </TextRegion>
        <TextRegion type="paragraph" id="r_1_17" custom="readingOrder {index:17;}">
            <Coords points="1450,6039 4992,6039 4992,6321 1450,6321"/>
            <TextLine id="tl_44" primaryLanguage="English" custom="readingOrder {index:0;}">
                <Coords points="1574,6040 4991,6040 4991,6195 1574,6195"/>
                <Baseline points="1574,6167 1673,6168 1775,6165 2023,6164 2271,6162 2489,6161 2627,6160 2845,6171 2923,6158 3367,6152 3505,6151 4445,6128 4601,6129 4991,6101"/>
                <Word id="w_w2aab1b1b2c33b1ab1" language="English" custom="readingOrder {index:0;}">
                    <Coords points="1574,6082 1673,6082 1673,6168 1574,6168"/>
                    <TextEquiv>
                        <Unicode>L.</Unicode>
                    </TextEquiv>
                    <TextStyle fontFamily="Times New Roman" fontSize="11.0" bold="true"/>
                </Word>
                <Word id="w_w2aab1b1b2c33b1ab7" language="English" custom="readingOrder {index:1;}">
                    <Coords points="1728,6085 1927,6085 1927,6166 1728,6166"/>
                    <TextEquiv>
                        <Unicode>aut.</Unicode>
                    </TextEquiv>
                    <TextStyle fontFamily="Times New Roman" fontSize="11.0" bold="true"/>
                </Word>
                <Word id="w_w2aab1b1b2c33b1b1b1" language="English" custom="readingOrder {index:2;}">
                    <Coords points="1984,6070 2159,6070 2159,6189 1984,6189"/>
                    <TextEquiv>
                        <Unicode>sig.</Unicode>
                    </TextEquiv>
                    <TextStyle fontFamily="Times New Roman" fontSize="11.0" bold="true"/>
                </Word>
                <Word id="w_w2aab1b1b2c33b1b2b1" language="English" custom="readingOrder {index:3;}">
                    <Coords points="2220,6069 2271,6069 2271,6162 2220,6162"/>
                    <TextEquiv>
                        <Unicode>à</Unicode>
                    </TextEquiv>
                    <TextStyle fontFamily="Times New Roman" fontSize="11.0" bold="true"/>
                </Word>
                <Word id="w_w2aab1b1b2c33b1b2b5" language="English" custom="readingOrder {index:4;}">
                    <Coords points="2328,6096 2489,6096 2489,6162 2328,6162"/>
                    <TextEquiv>
                        <Unicode>son</Unicode>
                    </TextEquiv>
                    <TextStyle fontFamily="Times New Roman" fontSize="11.0" bold="true"/>
                </Word>
                <Word id="w_w2aab1b1b2c33b1b2c13" language="English" custom="readingOrder {index:5;}">
                    <Coords points="2540,6067 2787,6067 2787,6160 2540,6160"/>
                    <TextEquiv>
                        <Unicode>frère</Unicode>
                    </TextEquiv>
                    <TextStyle fontFamily="Times New Roman" fontSize="11.0" bold="true"/>
                </Word>
                <Word id="w_w2aab1b1b2c33b1b3b1" language="English" custom="readingOrder {index:6;}">
                    <Coords points="2829,6072 2845,6072 2845,6171 2829,6171"/>
                    <TextEquiv>
                        <Unicode>,</Unicode>
                    </TextEquiv>
                    <TextStyle fontFamily="Times New Roman" fontSize="11.0" bold="true"/>
                </Word>
                <Word id="w_w2aab1b1b2c33b1b4b1" language="English" custom="readingOrder {index:7;}">
                    <Coords points="2898,6072 2987,6072 2987,6177 2898,6177"/>
                    <TextEquiv>
                        <Unicode>le</Unicode>
                    </TextEquiv>
                    <TextStyle fontFamily="Times New Roman" fontSize="11.0" bold="true"/>
                </Word>
                <Word id="w_w2aab1b1b2c33b1b5b1" language="English" custom="readingOrder {index:8;}">
                    <Coords points="3046,6065 3367,6065 3367,6177 3046,6177"/>
                    <TextEquiv>
                        <Unicode>prince</Unicode>
                    </TextEquiv>
                    <TextStyle fontFamily="Times New Roman" fontSize="11.0" bold="true"/>
                </Word>
                <Word id="w_w2aab1b1b2c33b1b5c15" language="English" custom="readingOrder {index:9;}">
                    <Coords points="3438,6056 3789,6056 3789,6151 3438,6151"/>
                    <TextEquiv>
                        <Unicode>Lucien</Unicode>
                    </TextEquiv>
                    <TextStyle fontFamily="Times New Roman" fontSize="11.0" bold="true"/>
                </Word>
                <Word id="w_w2aab1b1b2c33b1b6b1" language="English" custom="readingOrder {index:10;}">
                    <Coords points="3880,6053 4445,6053 4445,6159 3880,6159"/>
                    <TextEquiv>
                        <Unicode>Bonaparte.</Unicode>
                    </TextEquiv>
                    <TextStyle fontFamily="Times New Roman" fontSize="11.0" bold="true"/>
                </Word>
                <Word id="w_w2aab1b1b2c33b1b6c23" language="English" custom="readingOrder {index:11;}">
                    <Coords points="4520,6043 4657,6043 4657,6130 4520,6130"/>
                    <TextEquiv>
                        <Unicode>De</Unicode>
                    </TextEquiv>
                    <TextStyle fontFamily="Times New Roman" fontSize="11.0" bold="true"/>
                </Word>
                <Word id="w_w2aab1b1b2c33b1b7b1" language="English" custom="readingOrder {index:12;}">
                    <Coords points="4702,6041 4991,6041 4991,6129 4702,6129"/>
                    <TextEquiv>
                        <Unicode>Sche-</Unicode>
                    </TextEquiv>
                    <TextStyle fontFamily="Times New Roman" fontSize="11.0" bold="true"/>
                </Word>
                <TextEquiv>
                    <Unicode>L. aut. sig. à son frère, le prince Lucien Bonaparte. De Sche¬</Unicode>
                </TextEquiv>
            </TextLine>
            <TextLine id="tl_45" primaryLanguage="English" custom="readingOrder {index:1;}">
                <Coords points="1451,6180 3667,6180 3667,6320 1451,6320"/>
                <Baseline points="1452,6286 1566,6285 1854,6280 1993,6306 2652,6293 2756,6281 3086,6279 3197,6298 3666,6267"/>
                <Word id="w_w2aab1b1b2c33b3ab1" language="English" custom="readingOrder {index:0;}">
                    <Coords points="1452,6204 1757,6204 1757,6307 1452,6307"/>
                    <TextEquiv>
                        <Unicode>neau,</Unicode>
                    </TextEquiv>
                    <TextStyle fontFamily="Times New Roman" fontSize="11.0" bold="true"/>
                </Word>
                <Word id="w_w2aab1b1b2c33b3b1b1" language="English" custom="readingOrder {index:1;}">
                    <Coords points="1805,6198 1922,6198 1922,6307 1805,6307"/>
                    <TextEquiv>
                        <Unicode>2L</Unicode>
                    </TextEquiv>
                    <TextStyle fontFamily="Times New Roman" fontSize="11.0" bold="true"/>
                </Word>
                <Word id="w_w2aab1b1b2c33b3b2b1" language="English" custom="readingOrder {index:2;}">
                    <Coords points="1961,6198 2342,6198 2342,6306 1961,6306"/>
                    <TextEquiv>
                        <Unicode>janvier</Unicode>
                    </TextEquiv>
                    <TextStyle fontFamily="Times New Roman" fontSize="11.0" bold="true"/>
                </Word>
                <Word id="w_w2aab1b1b2c33b3b3b1" language="English" custom="readingOrder {index:3;}">
                    <Coords points="2387,6195 2652,6195 2652,6293 2387,6293"/>
                    <TextEquiv>
                        <Unicode>1818,</Unicode>
                    </TextEquiv>
                    <TextStyle fontFamily="Times New Roman" fontSize="11.0" bold="true"/>
                </Word>
                <Word id="w_w2aab1b1b2c33b3b3c13" language="English" custom="readingOrder {index:4;}">
                    <Coords points="2703,6196 2756,6196 2756,6281 2703,6281"/>
                    <TextEquiv>
                        <Unicode>2</Unicode>
                    </TextEquiv>
                    <TextStyle fontFamily="Times New Roman" fontSize="11.0" bold="true"/>
                </Word>
                <Word id="w_w2aab1b1b2c33b3b3c17" language="English" custom="readingOrder {index:5;}">
                    <Coords points="2808,6213 3086,6213 3086,6305 2808,6305"/>
                    <TextEquiv>
                        <Unicode>pages</Unicode>
                    </TextEquiv>
                    <TextStyle fontFamily="Times New Roman" fontSize="11.0" bold="true"/>
                </Word>
                <Word id="w_w2aab1b1b2c33b3b3c29" language="English" custom="readingOrder {index:6;}">
                    <Coords points="3140,6183 3376,6183 3376,6298 3140,6298"/>
                    <TextEquiv>
                        <Unicode>petit</Unicode>
                    </TextEquiv>
                    <TextStyle fontFamily="Times New Roman" fontSize="11.0" bold="true"/>
                </Word>
                <Word id="w_w2aab1b1b2c33b3b4b1" language="English" custom="readingOrder {index:7;}">
                    <Coords points="3417,6183 3666,6183 3666,6271 3417,6271"/>
                    <TextEquiv>
                        <Unicode>in-4.</Unicode>
                    </TextEquiv>
                    <TextStyle fontFamily="Times New Roman" fontSize="11.0" bold="true"/>
                </Word>
                <TextEquiv>
                    <Unicode>neau, 25 janvier 1818, 2 pages petit in-4.</Unicode>
                </TextEquiv>
            </TextLine>
            <TextEquiv>
                <Unicode>L. aut. sig. à son frère, le prince Lucien Bonaparte. De Sche¬
neau, 25 janvier 1818, 2 pages petit in-4.</Unicode>
            </TextEquiv>
        </TextRegion>
        <TextRegion type="paragraph" id="r_1_18" custom="readingOrder {index:18;}">
            <Coords points="1440,6273 4990,6273 4990,6915 1440,6915"/>
            <TextLine id="tl_46" primaryLanguage="English" custom="readingOrder {index:0;}">
                <Coords points="1563,6274 4988,6274 4988,6423 1563,6423"/>
                <Baseline points="1563,6379 1603,6379 1767,6389 2047,6394 2203,6394 2555,6393 2749,6388 2812,6406 2947,6387 3309,6381 3617,6385 3767,6372 3899,6368 4505,6356 4727,6353 4987,6351"/>
                <Word id="w_w2aab1b1b2c35b1ab1" language="English" custom="readingOrder {index:0;}">
                    <Coords points="1563,6344 1603,6344 1603,6379 1563,6379"/>
                    <TextEquiv>
                        <Unicode>«</Unicode>
                    </TextEquiv>
                    <TextStyle fontFamily="Times New Roman" fontSize="11.0"/>
                </Word>
                <Word id="w_w2aab1b1b2c35b1ab5" language="English" custom="readingOrder {index:1;}">
                    <Coords points="1653,6373 1767,6373 1767,6395 1653,6395"/>
                    <TextEquiv>
                        <Unicode>....</Unicode>
                    </TextEquiv>
                    <TextStyle fontFamily="Times New Roman" fontSize="11.0"/>
                </Word>
                <Word id="w_w2aab1b1b2c35b1ac15" language="English" custom="readingOrder {index:2;}">
                    <Coords points="1805,6317 2047,6317 2047,6395 1805,6395"/>
                    <TextEquiv>
                        <Unicode>Vous</Unicode>
                    </TextEquiv>
                    <TextStyle fontFamily="Times New Roman" fontSize="11.0"/>
                </Word>
                <Word id="w_w2aab1b1b2c35b1ac25" language="English" custom="readingOrder {index:3;}">
                    <Coords points="2097,6336 2203,6336 2203,6394 2097,6394"/>
                    <TextEquiv>
                        <Unicode>ne</Unicode>
                    </TextEquiv>
                    <TextStyle fontFamily="Times New Roman" fontSize="11.0"/>
                </Word>
                <Word id="w_w2aab1b1b2c35b1ac31" language="English" custom="readingOrder {index:4;}">
                    <Coords points="2249,6313 2555,6313 2555,6393 2249,6393"/>
                    <TextEquiv>
                        <Unicode>doutés</Unicode>
                    </TextEquiv>
                    <TextStyle fontFamily="Times New Roman" fontSize="11.0"/>
                </Word>
                <Word id="w_w2aab1b1b2c35b1ac45" language="English" custom="readingOrder {index:5;}">
                    <Coords points="2599,6330 2749,6330 2749,6412 2599,6412"/>
                    <TextEquiv>
                        <Unicode>pas</Unicode>
                    </TextEquiv>
                    <TextStyle fontFamily="Times New Roman" fontSize="11.0"/>
                </Word>
                <Word id="w_w2aab1b1b2c35b1ac53" language="English" custom="readingOrder {index:6;}">
                    <Coords points="2787,6331 2812,6331 2812,6406 2787,6406"/>
                    <TextEquiv>
                        <Unicode>,</Unicode>
                    </TextEquiv>
                    <TextStyle fontFamily="Times New Roman" fontSize="11.0"/>
                </Word>
                <Word id="w_w2aab1b1b2c35b1b1b1" language="English" custom="readingOrder {index:7;}">
                    <Coords points="2869,6326 3063,6326 3063,6387 2869,6387"/>
                    <TextEquiv>
                        <Unicode>mon</Unicode>
                    </TextEquiv>
                    <TextStyle fontFamily="Times New Roman" fontSize="11.0"/>
                </Word>
                <Word id="w_w2aab1b1b2c35b1b2b1" language="English" custom="readingOrder {index:8;}">
                    <Coords points="3105,6303 3309,6303 3309,6384 3105,6384"/>
                    <TextEquiv>
                        <Unicode>cher</Unicode>
                    </TextEquiv>
                    <TextStyle fontFamily="Times New Roman" fontSize="11.0"/>
                </Word>
                <Word id="w_w2aab1b1b2c35b1b2c11" language="English" custom="readingOrder {index:9;}">
                    <Coords points="3365,6298 3617,6298 3617,6385 3365,6385"/>
                    <TextEquiv>
                        <Unicode>frère,</Unicode>
                    </TextEquiv>
                    <TextStyle fontFamily="Times New Roman" fontSize="11.0"/>
                </Word>
                <Word id="w_w2aab1b1b2c35b1b2c25" language="English" custom="readingOrder {index:10;}">
                    <Coords points="3663,6294 3767,6294 3767,6372 3663,6372"/>
                    <TextEquiv>
                        <Unicode>de</Unicode>
                    </TextEquiv>
                    <TextStyle fontFamily="Times New Roman" fontSize="11.0"/>
                </Word>
                <Word id="w_w2aab1b1b2c35b1b2c31" language="English" custom="readingOrder {index:11;}">
                    <Coords points="3822,6288 3899,6288 3899,6368 3822,6368"/>
                    <TextEquiv>
                        <Unicode>la</Unicode>
                    </TextEquiv>
                    <TextStyle fontFamily="Times New Roman" fontSize="11.0"/>
                </Word>
                <Word id="w_w2aab1b1b2c35b1b2c37" language="English" custom="readingOrder {index:12;}">
                    <Coords points="3965,6281 4505,6281 4505,6365 3965,6365"/>
                    <TextEquiv>
                        <Unicode>satisfaction</Unicode>
                    </TextEquiv>
                    <TextStyle fontFamily="Times New Roman" fontSize="11.0"/>
                </Word>
                <Word id="w_w2aab1b1b2c35b1b2c63" language="English" custom="readingOrder {index:13;}">
                    <Coords points="4561,6297 4727,6297 4727,6377 4561,6377"/>
                    <TextEquiv>
                        <Unicode>que</Unicode>
                    </TextEquiv>
                    <TextStyle fontFamily="Times New Roman" fontSize="11.0"/>
                </Word>
                <Word id="w_w2aab1b1b2c35b1b2c71" language="English" custom="readingOrder {index:14;}">
                    <Coords points="4771,6293 4987,6293 4987,6353 4771,6353"/>
                    <TextEquiv>
                        <Unicode>nous</Unicode>
                    </TextEquiv>
                    <TextStyle fontFamily="Times New Roman" fontSize="11.0"/>
                </Word>
                <TextEquiv>
                    <Unicode>« .... Vous ne doutés pas , mon cher frère, de la satisfaction que nous</Unicode>
                </TextEquiv>
            </TextLine>
            <TextLine id="tl_47" primaryLanguage="English" custom="readingOrder {index:1;}">
                <Coords points="1450,6372 4987,6372 4987,6524 1450,6524"/>
                <Baseline points="1450,6484 1488,6484 2141,6493 2437,6490 2765,6488 2819,6506 2876,6485 3172,6480 3356,6480 3760,6470 3968,6466 4080,6464 4496,6456 4666,6454 4986,6449"/>
                <Word id="w_w2aab1b1b2c35b3ab1" language="English" custom="readingOrder {index:0;}">
                    <Coords points="1450,6447 1488,6447 1488,6484 1450,6484"/>
                    <TextEquiv>
                        <Unicode>«</Unicode>
                    </TextEquiv>
                    <TextStyle fontFamily="Times New Roman" fontSize="11.0"/>
                </Word>
                <Word id="w_w2aab1b1b2c35b3ab5" language="English" custom="readingOrder {index:1;}">
                    <Coords points="1528,6416 2141,6416 2141,6523 1528,6523"/>
                    <TextEquiv>
                        <Unicode>éprouverions</Unicode>
                    </TextEquiv>
                    <TextStyle fontFamily="Times New Roman" fontSize="11.0"/>
                </Word>
                <Word id="w_w2aab1b1b2c35b3ac31" language="English" custom="readingOrder {index:2;}">
                    <Coords points="2172,6413 2437,6413 2437,6492 2172,6492"/>
                    <TextEquiv>
                        <Unicode>d’être</Unicode>
                    </TextEquiv>
                    <TextStyle fontFamily="Times New Roman" fontSize="11.0"/>
                </Word>
                <Word id="w_w2aab1b1b2c35b3ac45" language="English" custom="readingOrder {index:3;}">
                    <Coords points="2472,6410 2765,6410 2765,6491 2472,6491"/>
                    <TextEquiv>
                        <Unicode>réunis</Unicode>
                    </TextEquiv>
                    <TextStyle fontFamily="Times New Roman" fontSize="11.0"/>
                </Word>
                <Word id="w_w2aab1b1b2c35b3ac59" language="English" custom="readingOrder {index:4;}">
                    <Coords points="2798,6411 2819,6411 2819,6506 2798,6506"/>
                    <TextEquiv>
                        <Unicode>;</Unicode>
                    </TextEquiv>
                    <TextStyle fontFamily="Times New Roman" fontSize="11.0"/>
                </Word>
                <Word id="w_w2aab1b1b2c35b3b1b1" language="English" custom="readingOrder {index:5;}">
                    <Coords points="2858,6408 2911,6408 2911,6487 2858,6487"/>
                    <TextEquiv>
                        <Unicode>il</Unicode>
                    </TextEquiv>
                    <TextStyle fontFamily="Times New Roman" fontSize="11.0"/>
                </Word>
                <Word id="w_w2aab1b1b2c35b3b2b1" language="English" custom="readingOrder {index:6;}">
                    <Coords points="2954,6407 3172,6407 3172,6483 2954,6483"/>
                    <TextEquiv>
                        <Unicode>n’est</Unicode>
                    </TextEquiv>
                    <TextStyle fontFamily="Times New Roman" fontSize="11.0"/>
                </Word>
                <Word id="w_w2aab1b1b2c35b3b2c13" language="English" custom="readingOrder {index:7;}">
                    <Coords points="3208,6422 3356,6422 3356,6503 3208,6503"/>
                    <TextEquiv>
                        <Unicode>pas</Unicode>
                    </TextEquiv>
                    <TextStyle fontFamily="Times New Roman" fontSize="11.0"/>
                </Word>
                <Word id="w_w2aab1b1b2c35b3b2c21" language="English" custom="readingOrder {index:8;}">
                    <Coords points="3390,6399 3760,6399 3760,6477 3390,6477"/>
                    <TextEquiv>
                        <Unicode>douteux</Unicode>
                    </TextEquiv>
                    <TextStyle fontFamily="Times New Roman" fontSize="11.0"/>
                </Word>
                <Word id="w_w2aab1b1b2c35b3b2c37" language="English" custom="readingOrder {index:9;}">
                    <Coords points="3804,6409 3968,6409 3968,6489 3804,6489"/>
                    <TextEquiv>
                        <Unicode>que</Unicode>
                    </TextEquiv>
                    <TextStyle fontFamily="Times New Roman" fontSize="11.0"/>
                </Word>
                <Word id="w_w2aab1b1b2c35b3b2c45" language="English" custom="readingOrder {index:10;}">
                    <Coords points="4001,6385 4080,6385 4080,6464 4001,6464"/>
                    <TextEquiv>
                        <Unicode>le</Unicode>
                    </TextEquiv>
                    <TextStyle fontFamily="Times New Roman" fontSize="11.0"/>
                </Word>
                <Word id="w_w2aab1b1b2c35b3b2c51" language="English" custom="readingOrder {index:11;}">
                    <Coords points="4112,6379 4496,6379 4496,6464 4112,6464"/>
                    <TextEquiv>
                        <Unicode>meilleur</Unicode>
                    </TextEquiv>
                    <TextStyle fontFamily="Times New Roman" fontSize="11.0"/>
                </Word>
                <Word id="w_w2aab1b1b2c35b3b2c69" language="English" custom="readingOrder {index:12;}">
                    <Coords points="4530,6375 4792,6375 4792,6455 4530,6455"/>
                    <TextEquiv>
                        <Unicode>seroit</Unicode>
                    </TextEquiv>
                    <TextStyle fontFamily="Times New Roman" fontSize="11.0"/>
                </Word>
                <Word id="w_w2aab1b1b2c35b3b3b1" language="English" custom="readingOrder {index:13;}">
                    <Coords points="4826,6392 4986,6392 4986,6451 4826,6451"/>
                    <TextEquiv>
                        <Unicode>aux</Unicode>
                    </TextEquiv>
                    <TextStyle fontFamily="Times New Roman" fontSize="11.0"/>
                </Word>
                <TextEquiv>
                    <Unicode>« éprouverions d’être réunis; il n’est pas douteux que le meilleur seroit aux</Unicode>
                </TextEquiv>
            </TextLine>
            <TextLine id="tl_48" primaryLanguage="English" custom="readingOrder {index:2;}">
                <Coords points="1443,6472 4986,6472 4986,6622 1443,6622"/>
                <Baseline points="1443,6582 1483,6582 2086,6589 2372,6592 2444,6590 2564,6589 3164,6582 3364,6580 3473,6577 3781,6572 4237,6563 4377,6559 4619,6557 4735,6551 4985,6527"/>
                <Word id="w_w2aab1b1b2c35b5ab1" language="English" custom="readingOrder {index:0;}">
                    <Coords points="1443,6548 1483,6548 1483,6582 1443,6582"/>
                    <TextEquiv>
                        <Unicode>«</Unicode>
                    </TextEquiv>
                    <TextStyle fontFamily="Times New Roman" fontSize="11.0"/>
                </Word>
                <Word id="w_w2aab1b1b2c35b5ab5" language="English" custom="readingOrder {index:1;}">
                    <Coords points="1541,6515 2086,6515 2086,6595 1541,6595"/>
                    <TextEquiv>
                        <Unicode>Etats-Unis.</Unicode>
                    </TextEquiv>
                    <TextStyle fontFamily="Times New Roman" fontSize="11.0"/>
                </Word>
                <Word id="w_w2aab1b1b2c35b5ac29" language="English" custom="readingOrder {index:2;}">
                    <Coords points="2129,6514 2372,6514 2372,6593 2129,6593"/>
                    <TextEquiv>
                        <Unicode>Dites</Unicode>
                    </TextEquiv>
                    <TextStyle fontFamily="Times New Roman" fontSize="11.0"/>
                </Word>
                <Word id="w_w2aab1b1b2c35b5ac41" language="English" custom="readingOrder {index:3;}">
                    <Coords points="2397,6509 2444,6509 2444,6590 2397,6590"/>
                    <TextEquiv>
                        <Unicode>à</Unicode>
                    </TextEquiv>
                    <TextStyle fontFamily="Times New Roman" fontSize="11.0"/>
                </Word>
                <Word id="w_w2aab1b1b2c35b5b1b1" language="English" custom="readingOrder {index:4;}">
                    <Coords points="2487,6511 2616,6511 2616,6589 2487,6589"/>
                    <TextEquiv>
                        <Unicode>ma</Unicode>
                    </TextEquiv>
                    <TextStyle fontFamily="Times New Roman" fontSize="11.0"/>
                </Word>
                <Word id="w_w2aab1b1b2c35b5b2b1" language="English" custom="readingOrder {index:5;}">
                    <Coords points="2659,6509 3164,6509 3164,6588 2659,6588"/>
                    <TextEquiv>
                        <Unicode>belle-sœur</Unicode>
                    </TextEquiv>
                    <TextStyle fontFamily="Times New Roman" fontSize="11.0"/>
                </Word>
                <Word id="w_w2aab1b1b2c35b5b2c23" language="English" custom="readingOrder {index:6;}">
                    <Coords points="3197,6522 3364,6522 3364,6601 3197,6601"/>
                    <TextEquiv>
                        <Unicode>que</Unicode>
                    </TextEquiv>
                    <TextStyle fontFamily="Times New Roman" fontSize="11.0"/>
                </Word>
                <Word id="w_w2aab1b1b2c35b5b2c31" language="English" custom="readingOrder {index:7;}">
                    <Coords points="3387,6501 3473,6501 3473,6601 3387,6601"/>
                    <TextEquiv>
                        <Unicode>je</Unicode>
                    </TextEquiv>
                    <TextStyle fontFamily="Times New Roman" fontSize="11.0"/>
                </Word>
                <Word id="w_w2aab1b1b2c35b5b2c37" language="English" custom="readingOrder {index:8;}">
                    <Coords points="3511,6494 3781,6494 3781,6574 3511,6574"/>
                    <TextEquiv>
                        <Unicode>serois</Unicode>
                    </TextEquiv>
                    <TextStyle fontFamily="Times New Roman" fontSize="11.0"/>
                </Word>
                <Word id="w_w2aab1b1b2c35b5b2c51" language="English" custom="readingOrder {index:9;}">
                    <Coords points="3821,6490 4237,6490 4237,6567 3821,6567"/>
                    <TextEquiv>
                        <Unicode>heureuse</Unicode>
                    </TextEquiv>
                    <TextStyle fontFamily="Times New Roman" fontSize="11.0"/>
                </Word>
                <Word id="w_w2aab1b1b2c35b5b2c69" language="English" custom="readingOrder {index:10;}">
                    <Coords points="4271,6481 4377,6481 4377,6560 4271,6560"/>
                    <TextEquiv>
                        <Unicode>de</Unicode>
                    </TextEquiv>
                    <TextStyle fontFamily="Times New Roman" fontSize="11.0"/>
                </Word>
                <Word id="w_w2aab1b1b2c35b5b2c75" language="English" custom="readingOrder {index:11;}">
                    <Coords points="4403,6477 4619,6477 4619,6557 4403,6557"/>
                    <TextEquiv>
                        <Unicode>faire</Unicode>
                    </TextEquiv>
                    <TextStyle fontFamily="Times New Roman" fontSize="11.0"/>
                </Word>
                <Word id="w_w2aab1b1b2c35b5b2c87" language="English" custom="readingOrder {index:12;}">
                    <Coords points="4647,6497 4735,6497 4735,6554 4647,6554"/>
                    <TextEquiv>
                        <Unicode>sa</Unicode>
                    </TextEquiv>
                    <TextStyle fontFamily="Times New Roman" fontSize="11.0"/>
                </Word>
                <Word id="w_w2aab1b1b2c35b5b2c93" language="English" custom="readingOrder {index:13;}">
                    <Coords points="4777,6491 4985,6491 4985,6550 4777,6550"/>
                    <TextEquiv>
                        <Unicode>con-</Unicode>
                    </TextEquiv>
                    <TextStyle fontFamily="Times New Roman" fontSize="11.0"/>
                </Word>
                <TextEquiv>
                    <Unicode>« États-Unis. Dites à ma belle-sœur que je serois heureuse de faire sa con¬</Unicode>
                </TextEquiv>
            </TextLine>
            <TextLine id="tl_49" primaryLanguage="English" custom="readingOrder {index:3;}">
                <Coords points="1446,6568 4989,6568 4989,6736 1446,6736"/>
                <Baseline points="1446,6680 1484,6680 1979,6693 2231,6688 2437,6690 2691,6689 2833,6688 3027,6682 3417,6679 3473,6693 3782,6667 3858,6669 3948,6664 4304,6660 4686,6652 4988,6660"/>
                <Word id="w_w2aab1b1b2c35b7ab1" language="English" custom="readingOrder {index:0;}">
                    <Coords points="1446,6645 1484,6645 1484,6680 1446,6680"/>
                    <TextEquiv>
                        <Unicode>«</Unicode>
                    </TextEquiv>
                    <TextStyle fontFamily="Times New Roman" fontSize="11.0"/>
                </Word>
                <Word id="w_w2aab1b1b2c35b7ab5" language="English" custom="readingOrder {index:1;}">
                    <Coords points="1528,6614 1979,6614 1979,6693 1528,6693"/>
                    <TextEquiv>
                        <Unicode>naissance</Unicode>
                    </TextEquiv>
                    <TextStyle fontFamily="Times New Roman" fontSize="11.0"/>
                </Word>
                <Word id="w_w2aab1b1b2c35b7ac25" language="English" custom="readingOrder {index:2;}">
                    <Coords points="2014,6611 2231,6611 2231,6692 2014,6692"/>
                    <TextEquiv>
                        <Unicode>ainsi</Unicode>
                    </TextEquiv>
                    <TextStyle fontFamily="Times New Roman" fontSize="11.0"/>
                </Word>
                <Word id="w_w2aab1b1b2c35b7ac37" language="English" custom="readingOrder {index:3;}">
                    <Coords points="2270,6633 2437,6633 2437,6727 2270,6727"/>
                    <TextEquiv>
                        <Unicode>que</Unicode>
                    </TextEquiv>
                    <TextStyle fontFamily="Times New Roman" fontSize="11.0"/>
                </Word>
                <Word id="w_w2aab1b1b2c35b7ac45" language="English" custom="readingOrder {index:4;}">
                    <Coords points="2472,6605 2691,6605 2691,6689 2472,6689"/>
                    <TextEquiv>
                        <Unicode>celle</Unicode>
                    </TextEquiv>
                    <TextStyle fontFamily="Times New Roman" fontSize="11.0"/>
                </Word>
                <Word id="w_w2aab1b1b2c35b7ac57" language="English" custom="readingOrder {index:5;}">
                    <Coords points="2726,6612 2833,6612 2833,6688 2726,6688"/>
                    <TextEquiv>
                        <Unicode>de</Unicode>
                    </TextEquiv>
                    <TextStyle fontFamily="Times New Roman" fontSize="11.0"/>
                </Word>
                <Word id="w_w2aab1b1b2c35b7ac63" language="English" custom="readingOrder {index:6;}">
                    <Coords points="2876,6625 3027,6625 3027,6684 2876,6684"/>
                    <TextEquiv>
                        <Unicode>vos</Unicode>
                    </TextEquiv>
                    <TextStyle fontFamily="Times New Roman" fontSize="11.0"/>
                </Word>
                <Word id="w_w2aab1b1b2c35b7ac71" language="English" custom="readingOrder {index:7;}">
                    <Coords points="3074,6601 3417,6601 3417,6681 3074,6681"/>
                    <TextEquiv>
                        <Unicode>enfants</Unicode>
                    </TextEquiv>
                    <TextStyle fontFamily="Times New Roman" fontSize="11.0"/>
                </Word>
                <Word id="w_w2aab1b1b2c35b7ac87" language="English" custom="readingOrder {index:8;}">
                    <Coords points="3450,6628 3473,6628 3473,6693 3450,6693"/>
                    <TextEquiv>
                        <Unicode>;</Unicode>
                    </TextEquiv>
                    <TextStyle fontFamily="Times New Roman" fontSize="11.0"/>
                </Word>
                <Word id="w_w2aab1b1b2c35b7ac91" language="English" custom="readingOrder {index:9;}">
                    <Coords points="3512,6601 3782,6601 3782,6696 3512,6696"/>
                    <TextEquiv>
                        <Unicode>quant</Unicode>
                    </TextEquiv>
                    <TextStyle fontFamily="Times New Roman" fontSize="11.0"/>
                </Word>
                <Word id="w_w2aab1b1b2c35b7ad103" language="English" custom="readingOrder {index:10;}">
                    <Coords points="3810,6588 3858,6588 3858,6669 3810,6669"/>
                    <TextEquiv>
                        <Unicode>à</Unicode>
                    </TextEquiv>
                    <TextStyle fontFamily="Times New Roman" fontSize="11.0"/>
                </Word>
                <Word id="w_w2aab1b1b2c35b7ad107" language="English" custom="readingOrder {index:11;}">
                    <Coords points="3902,6604 4159,6604 4159,6675 3902,6675"/>
                    <TextEquiv>
                        <Unicode>vous,</Unicode>
                    </TextEquiv>
                    <TextStyle fontFamily="Times New Roman" fontSize="11.0"/>
                </Word>
                <Word id="w_w2aab1b1b2c35b7b1b1" language="English" custom="readingOrder {index:12;}">
                    <Coords points="4226,6598 4420,6598 4420,6660 4226,6660"/>
                    <TextEquiv>
                        <Unicode>mon</Unicode>
                    </TextEquiv>
                    <TextStyle fontFamily="Times New Roman" fontSize="11.0"/>
                </Word>
                <Word id="w_w2aab1b1b2c35b7b2b1" language="English" custom="readingOrder {index:13;}">
                    <Coords points="4480,6575 4686,6575 4686,6656 4480,6656"/>
                    <TextEquiv>
                        <Unicode>cher</Unicode>
                    </TextEquiv>
                    <TextStyle fontFamily="Times New Roman" fontSize="11.0"/>
                </Word>
                <Word id="w_w2aab1b1b2c35b7b2c11" language="English" custom="readingOrder {index:14;}">
                    <Coords points="4738,6570 4988,6570 4988,6660 4738,6660"/>
                    <TextEquiv>
                        <Unicode>frère,</Unicode>
                    </TextEquiv>
                    <TextStyle fontFamily="Times New Roman" fontSize="11.0"/>
                </Word>
                <TextEquiv>
                    <Unicode>« naissance ainsi que celle de vos enfants; quant à vous, mon cher frère,</Unicode>
                </TextEquiv>
            </TextLine>
            <TextLine id="tl_50" primaryLanguage="English" custom="readingOrder {index:4;}">
                <Coords points="1441,6668 4988,6668 4988,6818 1441,6818"/>
                <Baseline points="1441,6778 1478,6778 1864,6788 2426,6790 2540,6789 2942,6782 3078,6783 3472,6777 3712,6768 3972,6763 4290,6776 4495,6756 4987,6741"/>
                <Word id="w_w2aab1b1b2c35b9ab1" language="English" custom="readingOrder {index:0;}">
                    <Coords points="1441,6748 1478,6748 1478,6778 1441,6778"/>
                    <TextEquiv>
                        <Unicode>«</Unicode>
                    </TextEquiv>
                    <TextStyle fontFamily="Times New Roman" fontSize="11.0"/>
                </Word>
                <Word id="w_w2aab1b1b2c35b9ab5" language="English" custom="readingOrder {index:1;}">
                    <Coords points="1517,6714 1864,6714 1864,6793 1517,6793"/>
                    <TextEquiv>
                        <Unicode>Jérome</Unicode>
                    </TextEquiv>
                    <TextStyle fontFamily="Times New Roman" fontSize="11.0"/>
                </Word>
                <Word id="w_w2aab1b1b2c35b9ac19" language="English" custom="readingOrder {index:2;}">
                    <Coords points="1897,6714 2426,6714 2426,6791 1897,6791"/>
                    <TextEquiv>
                        <Unicode>in’entretien</Unicode>
                    </TextEquiv>
                    <TextStyle fontFamily="Times New Roman" fontSize="11.0"/>
                </Word>
                <Word id="w_w2aab1b1b2c35b9ac45" language="English" custom="readingOrder {index:3;}">
                    <Coords points="2465,6710 2540,6710 2540,6789 2465,6789"/>
                    <TextEquiv>
                        <Unicode>si</Unicode>
                    </TextEquiv>
                    <TextStyle fontFamily="Times New Roman" fontSize="11.0"/>
                </Word>
                <Word id="w_w2aab1b1b2c35b9ac51" language="English" custom="readingOrder {index:4;}">
                    <Coords points="2579,6714 2942,6714 2942,6789 2579,6789"/>
                    <TextEquiv>
                        <Unicode>souvent</Unicode>
                    </TextEquiv>
                    <TextStyle fontFamily="Times New Roman" fontSize="11.0"/>
                </Word>
                <Word id="w_w2aab1b1b2c35b9ac67" language="English" custom="readingOrder {index:5;}">
                    <Coords points="2975,6701 3078,6701 3078,6783 2975,6783"/>
                    <TextEquiv>
                        <Unicode>de</Unicode>
                    </TextEquiv>
                    <TextStyle fontFamily="Times New Roman" fontSize="11.0"/>
                </Word>
                <Word id="w_w2aab1b1b2c35b9ac73" language="English" custom="readingOrder {index:6;}">
                    <Coords points="3121,6696 3472,6696 3472,6781 3121,6781"/>
                    <TextEquiv>
                        <Unicode>l’amitié</Unicode>
                    </TextEquiv>
                    <TextStyle fontFamily="Times New Roman" fontSize="11.0"/>
                </Word>
                <Word id="w_w2aab1b1b2c35b9ac91" language="English" custom="readingOrder {index:7;}">
                    <Coords points="3511,6692 3712,6692 3712,6796 3511,6796"/>
                    <TextEquiv>
                        <Unicode>qu’il</Unicode>
                    </TextEquiv>
                    <TextStyle fontFamily="Times New Roman" fontSize="11.0"/>
                </Word>
                <Word id="w_w2aab1b1b2c35b9ad103" language="English" custom="readingOrder {index:8;}">
                    <Coords points="3761,6707 3972,6707 3972,6767 3761,6767"/>
                    <TextEquiv>
                        <Unicode>vous</Unicode>
                    </TextEquiv>
                    <TextStyle fontFamily="Times New Roman" fontSize="11.0"/>
                </Word>
                <Word id="w_w2aab1b1b2c35b9ad113" language="English" custom="readingOrder {index:9;}">
                    <Coords points="4017,6689 4290,6689 4290,6785 4017,6785"/>
                    <TextEquiv>
                        <Unicode>porte,</Unicode>
                    </TextEquiv>
                    <TextStyle fontFamily="Times New Roman" fontSize="11.0"/>
                </Word>
                <Word id="w_w2aab1b1b2c35b9ad127" language="English" custom="readingOrder {index:10;}">
                    <Coords points="4329,6696 4495,6696 4495,6779 4329,6779"/>
                    <TextEquiv>
                        <Unicode>que</Unicode>
                    </TextEquiv>
                    <TextStyle fontFamily="Times New Roman" fontSize="11.0"/>
                </Word>
                <Word id="w_w2aab1b1b2c35b9ad135" language="English" custom="readingOrder {index:11;}">
                    <Coords points="4527,6670 4987,6670 4987,6775 4527,6775"/>
                    <TextEquiv>
                        <Unicode>j’envisage</Unicode>
                    </TextEquiv>
                    <TextStyle fontFamily="Times New Roman" fontSize="11.0"/>
                </Word>
                <TextEquiv>
                    <Unicode>« Jérome m’entretien si souvent de l’amitié qu’il vous porte, que j’envisage</Unicode>
                </TextEquiv>
                <TextStyle fontFamily="Times New Roman" fontSize="11.0"/>
            </TextLine>
            <TextLine id="tl_51" primaryLanguage="English" custom="readingOrder {index:5;}">
                <Coords points="1444,6789 3957,6789 3957,6914 1444,6914"/>
                <Baseline points="1444,6876 1483,6876 1753,6889 2155,6889 2291,6891 2609,6884 3113,6881 3563,6892 3731,6872 3871,6864 3956,6854"/>
                <Word id="w_w2aab1b1b2c35c11ab1" language="English" custom="readingOrder {index:0;}">
                    <Coords points="1444,6844 1483,6844 1483,6876 1444,6876"/>
                    <TextEquiv>
                        <Unicode>«</Unicode>
                    </TextEquiv>
                    <TextStyle fontFamily="Times New Roman" fontSize="11.0"/>
                </Word>
                <Word id="w_w2aab1b1b2c35c11ab5" language="English" custom="readingOrder {index:1;}">
                    <Coords points="1528,6819 1753,6819 1753,6893 1528,6893"/>
                    <TextEquiv>
                        <Unicode>cette</Unicode>
                    </TextEquiv>
                    <TextStyle fontFamily="Times New Roman" fontSize="11.0"/>
                </Word>
                <Word id="w_w2aab1b1b2c35c11ac17" language="English" custom="readingOrder {index:2;}">
                    <Coords points="1800,6811 2155,6811 2155,6891 1800,6891"/>
                    <TextEquiv>
                        <Unicode>réunion</Unicode>
                    </TextEquiv>
                    <TextStyle fontFamily="Times New Roman" fontSize="11.0"/>
                </Word>
                <Word id="w_w2aab1b1b2c35c11ac33" language="English" custom="readingOrder {index:3;}">
                    <Coords points="2188,6828 2521,6828 2521,6891 2188,6891"/>
                    <TextEquiv>
                        <Unicode>comme</Unicode>
                    </TextEquiv>
                    <TextStyle fontFamily="Times New Roman" fontSize="11.0"/>
                </Word>
                <Word id="w_w2aab1b1b2c35c11b1b1" language="English" custom="readingOrder {index:4;}">
                    <Coords points="2558,6830 2669,6830 2669,6885 2558,6885"/>
                    <TextEquiv>
                        <Unicode>un</Unicode>
                    </TextEquiv>
                    <TextStyle fontFamily="Times New Roman" fontSize="11.0"/>
                </Word>
                <Word id="w_w2aab1b1b2c35c11b2b1" language="English" custom="readingOrder {index:5;}">
                    <Coords points="2702,6801 3113,6801 3113,6885 2702,6885"/>
                    <TextEquiv>
                        <Unicode>véritable</Unicode>
                    </TextEquiv>
                    <TextStyle fontFamily="Times New Roman" fontSize="11.0"/>
                </Word>
                <Word id="w_w2aab1b1b2c35c11b2c21" language="English" custom="readingOrder {index:6;}">
                    <Coords points="3144,6799 3563,6799 3563,6892 3144,6892"/>
                    <TextEquiv>
                        <Unicode>bonheur,</Unicode>
                    </TextEquiv>
                    <TextStyle fontFamily="Times New Roman" fontSize="11.0"/>
                </Word>
                <Word id="w_w2aab1b1b2c35c11b2c39" language="English" custom="readingOrder {index:7;}">
                    <Coords points="3598,6802 3731,6802 3731,6873 3598,6873"/>
                    <TextEquiv>
                        <Unicode>etc</Unicode>
                    </TextEquiv>
                    <TextStyle fontFamily="Times New Roman" fontSize="11.0"/>
                </Word>
                <Word id="w_w2aab1b1b2c35c11b2c47" language="English" custom="readingOrder {index:8;}">
                    <Coords points="3778,6844 3871,6844 3871,6869 3778,6869"/>
                    <TextEquiv>
                        <Unicode>...</Unicode>
                    </TextEquiv>
                    <TextStyle fontFamily="Times New Roman" fontSize="11.0"/>
                </Word>
                <Word id="w_w2aab1b1b2c35c11b2c55" language="English" custom="readingOrder {index:9;}">
                    <Coords points="3918,6815 3956,6815 3956,6854 3918,6854"/>
                    <TextEquiv>
                        <Unicode>»</Unicode>
                    </TextEquiv>
                    <TextStyle fontFamily="Times New Roman" fontSize="11.0"/>
                </Word>
                <TextEquiv>
                    <Unicode>« cette réunion comme un véritable bonheur, etc ... »</Unicode>
                </TextEquiv>
            </TextLine>
            <TextEquiv>
                <Unicode>« .... Vous ne doutés pas , mon cher frère, de la satisfaction que nous
« éprouverions d’être réunis; il n’est pas douteux que le meilleur seroit aux
« États-Unis. Dites à ma belle-sœur que je serois heureuse de faire sa con¬
« naissance ainsi que celle de vos enfants; quant à vous, mon cher frère,
« Jérome m’entretien si souvent de l’amitié qu’il vous porte, que j’envisage
« cette réunion comme un véritable bonheur, etc ... »</Unicode>
            </TextEquiv>
        </TextRegion>
        <TextRegion type="paragraph" id="r_1_19" custom="readingOrder {index:19;}">
            <Coords points="1151,6945 4990,6945 4990,7158 1151,7158"/>
            <TextLine id="tl_52" primaryLanguage="English" custom="readingOrder {index:0;}">
                <Coords points="1152,6946 4989,6946 4989,7157 1152,7157"/>
                <Baseline points="1152,7119 1333,7119 1531,7116 2967,7136 4081,7091 4301,7086 4989,7087"/>
                <Word id="w_w2aab1b1b2c37b1ab1" language="English" custom="readingOrder {index:0;}">
                    <Coords points="1152,7004 1333,7004 1333,7119 1152,7119"/>
                    <TextEquiv>
                        <Unicode>44.</Unicode>
                    </TextEquiv>
                    <TextStyle fontFamily="Times New Roman" fontSize="13.0" bold="true"/>
                </Word>
                <Word id="w_w2aab1b1b2c37b1ab9" language="English" custom="readingOrder {index:1;}">
                    <Coords points="1434,7002 2427,7002 2427,7141 1434,7141"/>
                    <TextEquiv>
                        <Unicode>BONAPARTE</Unicode>
                    </TextEquiv>
                    <TextStyle fontFamily="Times New Roman" fontSize="13.0" bold="true"/>
                </Word>
                <Word id="w_w2aab1b1b2c37b1b1b1" language="English" custom="readingOrder {index:2;}">
                    <Coords points="2490,6971 2967,6971 2967,7141 2490,7141"/>
                    <TextEquiv>
                        <Unicode>(Élisa),</Unicode>
                    </TextEquiv>
                    <TextStyle fontFamily="Times New Roman" fontSize="13.0" bold="true"/>
                </Word>
                <Word id="w_w2aab1b1b2c37b1b1c19" language="English" custom="readingOrder {index:3;}">
                    <Coords points="3030,6993 4081,6993 4081,7137 3030,7137"/>
                    <TextEquiv>
                        <Unicode>grande-duchessc</Unicode>
                    </TextEquiv>
                    <TextStyle fontFamily="Times New Roman" fontSize="13.0" bold="true"/>
                </Word>
                <Word id="w_w2aab1b1b2c37b1b1c51" language="English" custom="readingOrder {index:4;}">
                    <Coords points="4162,6980 4301,6980 4301,7086 4162,7086"/>
                    <TextEquiv>
                        <Unicode>de</Unicode>
                    </TextEquiv>
                    <TextStyle fontFamily="Times New Roman" fontSize="13.0" bold="true"/>
                </Word>
                <Word id="w_w2aab1b1b2c37b1b1c57" language="English" custom="readingOrder {index:5;}">
                    <Coords points="4396,6972 4989,6972 4989,7087 4396,7087"/>
                    <TextEquiv>
                        <Unicode>Toscane,</Unicode>
                    </TextEquiv>
                    <TextStyle fontFamily="Times New Roman" fontSize="13.0" bold="true"/>
                </Word>
                <TextEquiv>
                    <Unicode>44. &lt;b&gt;BONAPARTE&lt;/b&gt; (Élisa), grande-duchesse de Toscane,</Unicode>
                </TextEquiv>
            </TextLine>
            <TextEquiv>
                <Unicode>44. &lt;b&gt;BONAPARTE&lt;/b&gt; (Élisa), grande-duchesse de Toscane,</Unicode>
            </TextEquiv>
        </TextRegion>
        <TextRegion type="paragraph" id="r_1_20" custom="readingOrder {index:20;}">
            <Coords points="1611,7115 4982,7115 4982,7305 1611,7305"/>
            <TextLine id="tl_53" primaryLanguage="English" custom="readingOrder {index:0;}">
                <Coords points="1612,7116 4981,7116 4981,7304 1612,7304"/>
                <Baseline points="1612,7270 1913,7267 2103,7266 2787,7258 3949,7246 4344,7225 4566,7229 4980,7219"/>
                <Word id="w_w2aab1b1b2c39b1ab1" language="English" custom="readingOrder {index:0;}">
                    <Coords points="1612,7192 1913,7192 1913,7272 1612,7272"/>
                    <TextEquiv>
                        <Unicode>sœur</Unicode>
                    </TextEquiv>
                    <TextStyle fontFamily="Times New Roman" fontSize="13.0" bold="true"/>
                </Word>
                <Word id="w_w2aab1b1b2c39b1ac11" language="English" custom="readingOrder {index:1;}">
                    <Coords points="1968,7162 2103,7162 2103,7268 1968,7268"/>
                    <TextEquiv>
                        <Unicode>de</Unicode>
                    </TextEquiv>
                    <TextStyle fontFamily="Times New Roman" fontSize="13.0" bold="true"/>
                </Word>
                <Word id="w_w2aab1b1b2c39b1ac17" language="English" custom="readingOrder {index:2;}">
                    <Coords points="2160,7157 2787,7157 2787,7296 2160,7296"/>
                    <TextEquiv>
                        <Unicode>Napoléon.</Unicode>
                    </TextEquiv>
                    <TextStyle fontFamily="Times New Roman" fontSize="13.0" bold="true"/>
                </Word>
                <Word id="w_w2aab1b1b2c39b1ac37" language="English" custom="readingOrder {index:3;}">
                    <Coords points="3805,7134 3949,7134 3949,7249 3805,7249"/>
                    <TextEquiv>
                        <Unicode>N.</Unicode>
                    </TextEquiv>
                    <TextStyle fontFamily="Times New Roman" fontSize="13.0" bold="true"/>
                </Word>
                <Word id="w_w2aab1b1b2c39b1ac43" language="English" custom="readingOrder {index:4;}">
                    <Coords points="4025,7132 4344,7132 4344,7238 4025,7238"/>
                    <TextEquiv>
                        <Unicode>1777.</Unicode>
                    </TextEquiv>
                    <TextStyle fontFamily="Times New Roman" fontSize="13.0" bold="true"/>
                </Word>
                <Word id="w_w2aab1b1b2c39b1ac55" language="English" custom="readingOrder {index:5;}">
                    <Coords points="4403,7121 4566,7121 4566,7231 4403,7231"/>
                    <TextEquiv>
                        <Unicode>M.</Unicode>
                    </TextEquiv>
                    <TextStyle fontFamily="Times New Roman" fontSize="13.0" bold="true"/>
                </Word>
                <Word id="w_w2aab1b1b2c39b1ac61" language="English" custom="readingOrder {index:6;}">
                    <Coords points="4649,7123 4980,7123 4980,7228 4649,7228"/>
                    <TextEquiv>
                        <Unicode>1820.</Unicode>
                    </TextEquiv>
                    <TextStyle fontFamily="Times New Roman" fontSize="13.0" bold="true"/>
                </Word>
                <TextEquiv>
                    <Unicode>sœur de Napoléon. N. 1777. M. 1820.</Unicode>
                </TextEquiv>
                <TextStyle fontFamily="Times New Roman" fontSize="13.0" bold="true"/>
            </TextLine>
            <TextEquiv>
                <Unicode>sœur de Napoléon. N. 1777. M. 1820.</Unicode>
            </TextEquiv>
        </TextRegion>
        <SeparatorRegion id="r_2" custom="readingOrder {index:21;}">
            <Coords points="42,8967 1678,8967 1678,8979 42,8979"/>
        </SeparatorRegion>
        <SeparatorRegion id="r_3" custom="readingOrder {index:22;}">
            <Coords points="1678,8951 3548,8951 3548,8995 1678,8995"/>
        </SeparatorRegion>
        <SeparatorRegion id="r_4" custom="readingOrder {index:23;}">
            <Coords points="3548,8951 5438,8951 5438,8995 3548,8995"/>
        </SeparatorRegion>
        <SeparatorRegion id="r_5" custom="readingOrder {index:24;}">
            <Coords points="0,9011 1632,9011 1632,9016 0,9016"/>
        </SeparatorRegion>
        <SeparatorRegion id="r_6" custom="readingOrder {index:25;}">
            <Coords points="5438,8966 5866,8966 5866,8981 5438,8981"/>
        </SeparatorRegion>
        <SeparatorRegion id="r_7" custom="readingOrder {index:26;}">
            <Coords points="1632,8995 3516,8995 3516,9016 1632,9016"/>
        </SeparatorRegion>
        <SeparatorRegion id="r_8" custom="readingOrder {index:27;}">
            <Coords points="3516,9011 3892,9011 3892,9016 3516,9016"/>
        </SeparatorRegion>
        <SeparatorRegion id="r_9" custom="readingOrder {index:28;}">
            <Coords points="3892,9011 5866,9011 5866,9016 3892,9016"/>
        </SeparatorRegion>
        <SeparatorRegion id="r_10" custom="readingOrder {index:29;}">
            <Coords points="0,6824 24,6824 24,8994 0,8994"/>
        </SeparatorRegion>
        <SeparatorRegion id="r_11" custom="readingOrder {index:30;}">
            <Coords points="0,4944 21,4944 21,6824 0,6824"/>
        </SeparatorRegion>
        <SeparatorRegion id="r_12" custom="readingOrder {index:31;}">
            <Coords points="0,3060 21,3060 21,4944 0,4944"/>
        </SeparatorRegion>
        <SeparatorRegion id="r_13" custom="readingOrder {index:32;}">
            <Coords points="40,7152 51,7152 51,8976 40,8976"/>
        </SeparatorRegion>
        <SeparatorRegion id="r_14" custom="readingOrder {index:33;}">
            <Coords points="0,1928 13,1928 13,3060 0,3060"/>
        </SeparatorRegion>
        <SeparatorRegion id="r_15" custom="readingOrder {index:34;}">
            <Coords points="40,5272 51,5272 51,7152 40,7152"/>
        </SeparatorRegion>
        <SeparatorRegion id="r_16" custom="readingOrder {index:35;}">
            <Coords points="0,5 5,5 5,1928 0,1928"/>
        </SeparatorRegion>
        <SeparatorRegion id="r_17" custom="readingOrder {index:36;}">
            <Coords points="40,3410 51,3410 51,5272 40,5272"/>
        </SeparatorRegion>
        <SeparatorRegion id="r_18" custom="readingOrder {index:37;}">
            <Coords points="41,1531 49,1531 49,3410 41,3410"/>
        </SeparatorRegion>
        <SeparatorRegion id="r_19" custom="readingOrder {index:38;}">
            <Coords points="40,0 51,0 51,1532 40,1532"/>
        </SeparatorRegion>
        <SeparatorRegion id="r_20" custom="readingOrder {index:39;}">
            <Coords points="96,179 113,179 113,407 96,407"/>
        </SeparatorRegion>
        <SeparatorRegion id="r_21" custom="readingOrder {index:40;}">
            <Coords points="2858,4446 3014,4446 3014,4472 2858,4472"/>
        </SeparatorRegion>
        <SeparatorRegion id="r_22" custom="readingOrder {index:41;}">
            <Coords points="4171,5302 4345,5302 4345,5332 4171,5332"/>
        </SeparatorRegion>
    </Page>
</PcGts>
