5866 9000
2683 572 3302 670 — IV —
1079 779 1369 895 riers
1451 801 1567 893 et
1647 771 2265 893 célébrités
2323 773 2849 891 diverses
2911 825 2933 891 :
3011 771 3421 933 Sully,
3491 773 3655 891 les
3719 773 4379 893 cardinaux
4455 773 4599 893 de
4669 779 4887 893 Ri¬

1077 971 1617 1115 chelieu,
1689 967 2225 1087 Mazarin
2291 995 2403 1085 et
2467 967 3003 1111 Dubois,
3077 967 3639 1113 Colbert,
3731 967 3835 1089 le
3901 971 4315 1135 prince
4383 969 4527 1087 de
4591 971 4891 1087 Tal-

1087 1163 1583 1327 leyrand
1623 1215 1651 1311 ;
1715 1165 1955 1285 Pitt
2011 1191 2127 1283 et
2181 1163 2441 1283 Fox
2477 1217 2507 1315 ;
2553 1163 3119 1323 Coligny,
3173 1167 3341 1281 La
3379 1167 3787 1311 Noue,
3863 1165 4035 1281 dit
4085 1169 4371 1283 Bras
4419 1163 4563 1283 de
4601 1167 4885 1313 Fer,

1075 1361 1439 1479 Guise
1493 1357 1599 1479 le
1647 1357 2191 1505 Balafré,
2275 1359 2377 1477 le
2453 1355 2837 1523 grand
2903 1361 3567 1519 Mayenne,
3643 1363 4267 1501 Turenne,
4329 1357 4435 1477 le
4507 1359 4893 1519 grand

1081 1553 1547 1703 Condé,
1597 1555 2195 1675 Fabertet
2251 1553 2353 1673 le
2409 1551 3011 1673 maréchal
3063 1551 3207 1671 de
3261 1555 3627 1701 Saxe,
3697 1557 3959 1717 puis
4007 1553 4433 1673 Galéas
4479 1553 4895 1673 Sforza

1077 1779 1191 1869 et
1245 1751 1891 1871 Catherine
1965 1747 2447 1897 Sforza,
2531 1749 2835 1865 Juan
2909 1747 3053 1869 de
3125 1751 3883 1911 Mauriquez,
3955 1749 4317 1867 César
4371 1751 4809 1909 Borgia
4861 1841 4887 1887 ,

1075 1947 1695 2111 Alphonse
1747 1945 2147 2091 d’Est,
2219 1941 2453 2063 duc
2519 1941 2665 2065 de
2715 1945 3291 2091 Ferrare,
3373 1943 3475 2061 le
3527 1941 3761 2061 duc
3811 1943 4293 2091 d’Albe,
4347 1943 4455 2063 le
4503 1973 4895 2063 comte

1079 2141 1225 2261 de
1307 2143 1641 2259 Horn
1725 2165 1843 2259 et
1915 2137 2363 2259 Nelson
2417 2189 2447 2287 ;
2507 2137 3169 2259 mesdames
3217 2137 3359 2257 de
3441 2137 3543 2255 la
3613 2143 4169 2301 Fayette,
4241 2139 4385 2259 de
4457 2137 4893 2303 l’Espi-

1081 2379 1481 2483 nasse,
1571 2333 1717 2453 de
1793 2337 2623 2499 Montpensier
2701 2363 2815 2455 et
2895 2335 3037 2453 de
3117 2335 3695 2457 Simiane.
3791 2337 3955 2453 La
4035 2339 4629 2497 princesse
4693 2333 4899 2453 des

1081 2533 1507 2651 Ursins
1579 2557 1693 2651 et
1755 2529 1867 2649 la
1929 2531 2531 2693 marquise
2587 2527 2735 2647 de
2795 2527 3573 2691 Pompadour
3619 2579 3649 2677 ;

1245 2727 1647 2845 Parmi
1703 2725 1867 2845 les
1913 2723 2687 2869 littérateurs,
2757 2723 2923 2841 les
2973 2749 3513 2865 savants,
3567 2751 3795 2843 etc.
3867 2773 3891 2839 :
3963 2723 4071 2839 J.
4129 2725 4579 2843 Racine
4629 2815 4661 2869 ,
4727 2729 4893 2843 La

1077 2923 1749 3069 Fontaine,
1841 2919 2327 3041 Boileau
2395 2923 3165 3085 Despréaux,
3247 2921 3533 3045 J.-J.
3611 2921 4299 3063 Rousseau,
4367 2919 4899 3039 Voltaire

1083 3145 1195 3235 et
1251 3115 1869 3237 Crébillori
1919 3167 1949 3269 ;
2005 3115 2427 3253 Piron,
2487 3115 3027 3255 Grimin,
3081 3111 3659 3255 Diderot,
3715 3113 4819 3233 Saint-Evremond
4863 3211 4891 3257 ,

1081 3315 1453 3433 M.-J.
1567 3311 2095 3431 Chénier
2153 3403 2181 3457 ,
2299 3311 2609 3427 Paru
2633 3355 2697 3473 y
2837 3337 2949 3427 et
3055 3307 3527 3429 Walter
3661 3309 3991 3427 Scott
4057 3359 4087 3425 :
4227 3311 4403 3427 De
4535 3311 4899 3431 Thou

1085 3509 1803 3653 l’historien,
1871 3503 2623 3627 Guichardin
2671 3599 2699 3653 ,
2755 3507 3117 3665 Luigi
3171 3501 3595 3643 Pulci,
3651 3501 4327 3667 Philelphe,
4383 3505 4895 3647 Goethe,

1083 3705 1463 3851 Kant,
1575 3701 2197 3845 Niebuhr,
2301 3701 2749 3863 Scarpa
2863 3727 2979 3819 et
3093 3697 3883 3863 Spalanzani;
3999 3699 4151 3817 G.
4255 3697 4703 3817 Cuvier
4791 3731 4905 3819 et

1085 3903 1237 4017 H.
1317 3901 1725 4057 Davy;
1797 3895 2211 4041 Euler,
2285 3893 2945 4039 Berzélius,
3009 3893 3669 4039 Franklin,
3743 3897 4263 4039 Jenner,
4337 3893 4729 4013 Pallas
4793 3925 4907 4015 et

1077 4091 2089 4241 Wil.Herschel;
2183 4091 2741 4235 Rubens,
2831 4089 3471 4251 Mignard,
3533 4091 4091 4235 Canova,
4185 4115 4299 4207 et
4385 4091 4899 4253 Joseph,

1083 4287 1433 4407 Carie
1489 4315 1605 4405 et
1655 4289 2125 4405 Horace
2171 4287 2661 4403 Vernet.

1255 4481 1587 4603 Celte
1675 4479 2351 4601 Collection
2433 4505 2607 4597 est
2667 4503 3137 4593 surtout
3201 4475 4035 4639 remarquable
4109 4521 4323 4641 par
4391 4477 4909 4597 l’intérêt

1087 4707 1201 4797 et
1265 4677 1377 4797 la
1431 4673 1739 4793 belle
1805 4671 2639 4793 conservation
2703 4665 2907 4787 des
2961 4671 3395 4831 pièces.

3975 5073 4521 5177 Charon.

1333 5417 1597 5505 Paris
1641 5485 1663 5525 ,
1723 5417 1835 5501 25
1907 5435 2153 5501 mars
2231 5409 2493 5493 1845.
