5866 9087
1256 1859 1595 1977 Nous
1692 1875 2213 1969 mettons
2310 1836 2871 1998 toujours
2957 1827 3069 1948 le
3170 1859 3559 1944 meme
3650 1808 4219 1977 scrupule
4297 1806 4359 1925 à
4434 1847 4579 1922 ne
4666 1839 4975 1920 nous

1098 2070 1707 2225 présenter
1773 2045 2215 2167 devant
2287 2038 2391 2159 le
2461 2031 2875 2201 public
2937 2070 3177 2194 que
3239 2020 3726 2183 lorsque
3801 2052 4108 2130 nous
4169 2043 4552 2126 avons
4646 1999 4708 2116 à
4804 1993 4978 2114 lui

1097 2265 1444 2386 offrir
1492 2260 1700 2378 des
1763 2255 2160 2423 pièces
2216 2244 2646 2409 dignes
2700 2236 2850 2357 de
2903 2278 3118 2356 son
3185 2225 3834 2350 attention.
3894 2217 4226 2336 Pour
4274 2211 4530 2330 être
4584 2203 4984 2323 moins

1102 2458 1825 2583 nombreuse
1916 2492 2155 2616 que
2258 2438 2559 2565 celle
2645 2433 2951 2556 dont
3054 2470 3361 2548 nous
3450 2459 3827 2539 avons
3917 2409 4139 2531 fait
4237 2404 4345 2524 la
4438 2427 4787 2524 vente
4879 2394 4987 2515 le

1101 2674 1177 2780 6
1251 2656 1700 2778 février
1790 2645 2357 2786 dernier,
2426 2636 2540 2757 la
2594 2627 3284 2755 Collection
3380 2615 3682 2737 dont
3759 2651 4066 2731 nous
4135 2599 4716 2770 publions
4779 2637 4993 2714 au¬

1112 2851 1738 3021 jourd’hui
1840 2843 1948 2967 le
2051 2837 2690 3002 catalogue
2810 2826 3085 2948 n’en
3176 2847 3351 2942 est
3446 2858 3651 2979 pas
3754 2806 4153 2928 moins
4242 2794 4745 2962 remplie
4841 2789 4991 2911 de

1110 3098 1455 3179 noms
1517 3047 2045 3171 illustres
2091 3039 2123 3191 ,
2221 3038 2371 3161 de
2449 3034 3175 3156 documents
3243 3014 3983 3176 historiques
4055 3028 4173 3124 et
4257 2997 4896 3132 littéraires
4956 3084 4987 3131 ,

1104 3256 1256 3378 de
1319 3249 1952 3376 curiosités
2001 3242 2210 3407 qui
2279 3234 2848 3356 méritent
2911 3220 3250 3388 place
3316 3214 3620 3334 dans
3688 3207 3792 3327 le
3869 3199 4356 3325 cabinet
4408 3195 4622 3314 des
4677 3189 5000 3309 vrais

1112 3452 2003 3577 connaisseurs.

1275 3651 1463 3779 On
1580 3681 2361 3807 remarquera
2447 3657 2788 3752 entre
2881 3647 3268 3741 toutes
3376 3612 3540 3731 les
3635 3609 4026 3772 pièces
4121 3597 4334 3763 qui
4438 3589 4552 3711 la
4643 3630 4988 3708 com¬

1117 3879 1540 4021 posent
1621 3901 1648 3971 :

1279 4048 1689 4169 Parmi
1751 4043 1919 4164 les
1996 4038 2239 4159 rois
2318 4058 2435 4154 et
2520 4026 2917 4148 reines
2997 4014 3145 4134 de
3227 4012 3701 4129 France
3750 4045 3779 4164 ,
3876 4000 4357 4163 princes
4435 4014 4551 4107 et
4645 3985 4990 4150 prin¬

1119 4291 1500 4371 cesses
1557 4292 1586 4364 :
1658 4242 2034 4361 Louis
2108 4232 2357 4376 XI,
2460 4217 3062 4366 François
3150 4209 3210 4324 I
3216 4231 3301 4273 er
3354 4299 3382 4351 ,
3476 4197 3862 4319 Henri
3950 4191 4204 4338 III,
4296 4183 4686 4306 Henri
4756 4179 4994 4323 IV,

1118 4438 1860 4580 LouisXHI,
1894 4422 2630 4565 LouisXIV,
2665 4404 3344 4550 LouisXV,
3393 4399 3769 4518 Louis
3801 4389 4137 4533 XVI,
4183 4385 4559 4507 Louis
4597 4372 5009 4499 XVIII

1126 4666 1243 4759 et
1299 4631 1805 4757 Charles
1863 4629 1985 4745 X
2032 4674 2065 4777 ;
2139 4623 2523 4782 Loyse
2597 4610 2747 4732 de
2843 4604 3274 4754 Savoie
3329 4594 3361 4754 ;
3446 4593 3612 4715 les
3703 4593 4100 4712 reines
4162 4579 4824 4706 Catherine
4891 4602 5008 4694 et

1128 4836 1512 4955 Marie
1566 4827 1716 4949 de
1780 4820 2360 4968 Médicis,
2416 4806 3166 4982 Marguerite
3238 4798 3386 4918 de
3462 4792 3870 4914 Valois
3950 4814 4064 4907 et
4112 4782 4501 4903 Marie
4562 4773 5011 4896 Antoi¬

1132 5061 1453 5184 nette
1500 5028 1534 5183 ;
1615 5026 2373 5188 l’Empereur
2425 5006 3053 5175 Napoléon
3132 5011 3251 5122 et
3324 5041 3449 5118 sa
3511 4986 4029 5112 famille.

1296 5219 2294 5386 Louis-Philippe
2354 5213 2412 5329 I
2417 5234 2499 5280 er
2522 5304 2553 5359 ,
2629 5208 2816 5328 roi
2872 5204 3084 5324 des
3136 5192 3780 5343 Français.

1312 5426 1724 5547 Parmi
1804 5420 1972 5542 les
2042 5412 2749 5539 souverains
2834 5430 2949 5524 et
3040 5399 3527 5566 princes
3596 5398 4300 5546 étrangers,
4370 5422 4525 5497 on
4593 5372 5027 5491 distin¬

1136 5672 1371 5793 gue
1446 5674 1473 5746 :
1545 5620 2275 5786 l’empereur
2337 5599 3363 5767 Charles-Quint,
3431 5581 4026 5735 François
4072 5577 4188 5696 II
4240 5564 5019 5705 d’Autriche,

1136 5821 1642 5951 Charles
1684 5818 1746 5938 I
1744 5832 1831 5884 er
1885 5843 2004 5938 et
2052 5815 2566 5977 Jacques
2594 5803 2710 5924 II
2764 5796 3616 5962 d’Angleterre
3655 5842 3686 5942 ;
3744 5779 4372 5903 Henriette
4434 5767 4822 5890 Marie
4872 5761 5030 5881 de

1133 6026 1615 6145 France
1676 6043 1793 6139 et
1873 6005 2449 6133 Caroline
2523 6000 2671 6123 de
2753 5992 3463 6117 Brunswick
3523 6082 3549 6137 ,
3610 5984 4007 6106 reines
4077 5964 4935 6134 d’Angleterre
4988 6010 5019 6111 ;

1137 6213 1824 6343 Alexandre
1884 6208 2034 6332 de
2088 6201 2606 6328 Médicis
2663 6225 2780 6319 et
2824 6196 3162 6312 René
3226 6186 3770 6350 d’Anjou
3838 6176 3885 6339 (
3922 6175 4102 6296 dit
4154 6172 4260 6294 le
4308 6172 4568 6290 Bon
4620 6162 4862 6317 Roi
4902 6161 4949 6316 )
4991 6208 5029 6311 ;

1306 6421 1642 6537 Dans
1722 6409 1832 6531 le
1932 6407 2336 6570 clergé
2428 6391 3109 6522 orthodoxe
3218 6386 3335 6508 et
3430 6376 4171 6507 hétérodoxe
4270 6364 4299 6489 :
4405 6364 4573 6486 les
4666 6400 5035 6526 papes

1141 6620 1435 6736 Jean
1503 6608 1993 6754 XXIII,
2083 6599 2415 6723 Jules
2483 6596 2599 6716 II
2664 6619 2781 6715 et
2849 6592 3065 6710 Pie
3155 6583 3371 6703 VII
3420 6578 3449 6734 ;
3543 6578 3711 6702 les
3788 6566 4465 6698 cardinaux
4534 6557 4682 6679 de
4743 6551 5016 6675 Bei-

1154 6813 1586 6933 larmin
1638 6901 1669 6953 ,
1742 6803 1890 6926 de
1948 6796 2428 6945 Bérulle
2472 6800 2502 6944 ,
2576 6788 3192 6914 Lavalette
3232 6879 3262 6933 ,
3322 6784 3712 6902 Pacca
3777 6803 3896 6895 et
3942 6764 4336 6892 Fesch
4393 6856 4420 6909 ,
4484 6764 5030 6899 Bossuet,

1155 7009 1257 7129 le
1313 7007 1453 7129 P.
1499 7002 2000 7169 Joseph,
2081 6994 2477 7119 l’abbé
2525 6984 3257 7113 Lamennais
3316 6979 3431 7103 et
3493 6974 3923 7122 Calvin
3976 7017 4006 7121 ;

1325 7199 1725 7329 Parmi
1809 7198 1976 7321 les
2033 7196 2636 7317 ministres
2690 7282 2717 7332 ,
2777 7188 3326 7306 hommes
3402 7178 3877 7319 d’Etat,
3969 7187 4585 7308 orateurs,
4659 7193 5032 7316 guer-
