2851.968503937008 4925.9842519685035
236.2204724409449 688.1889763779527 255.11811023622047 160.62992125984252 A
337.00787401574803 688.1889763779527 612.5984251968504 160.62992125984252 MONSIEUR
796.8503937007874 688.1889763779527 305.51181102362204 160.62992125984252 LE
949.6062992125984 688.1889763779527 459.84251968503935 160.62992125984252 COMTE
1256.6929133858268 688.1889763779527 305.51181102362204 160.62992125984252 DE
1359.0551181102362 688.1889763779527 815.7480314960629 160.62992125984252 NIEUWERKERKE<,

612.5984251968504 896.0629921259842 707.0866141732283 83.46456692913385 Surintendant
1207.8740157480315 896.0629921259842 259.84251968503935 83.46456692913385 des
1319.6850393700788 896.0629921259842 483.46456692913387 83.46456692913385 Beaux

420.4724409448819 1354.3307086614172 398.4251968503937 94.48818897637796 MONSIEUR
719.6850393700787 1354.3307086614172 198.4251968503937 94.48818897637796 LE
785.8267716535433 1354.3307086614172 497.6377952755906 94.48818897637796 SURINTENDANT,

258.26771653543307 1500.7874015748032 184.251968503937 113.38582677165354 Au
351.18110236220474 1500.7874015748032 308.66141732283467 113.38582677165354 moment
566.9291338582677 1500.7874015748032 184.251968503937 113.38582677165354 où
659.8425196850394 1500.7874015748032 247.24409448818898 113.38582677165354 vous
814.1732283464567 1500.7874015748032 277.1653543307087 113.38582677165354 fixez
998.4251968503937 1500.7874015748032 154.33070866141733 113.38582677165354 à
1059.8425196850394 1500.7874015748032 338.5826771653543 113.38582677165354 nouveau
1307.0866141732283 1500.7874015748032 215.748031496063 113.38582677165354 les
1429.9212598425197 1500.7874015748032 277.1653543307087 113.38582677165354 bases
1615.748031496063 1500.7874015748032 215.748031496063 113.38582677165354 des
1738.5826771653544 1500.7874015748032 370.0787401574803 113.38582677165354 services
1984.251968503937 1500.7874015748032 247.24409448818898 113.38582677165354 divers

192.1259842519685 1609.4488188976377 206.29921259842519 77.16535433070867 qui
310.23622047244095 1609.4488188976377 354.3307086614173 77.16535433070867 relèvent
576.3779527559055 1609.4488188976377 176.3779527559055 77.16535433070867 de
664.5669291338583 1609.4488188976377 266.1417322834646 77.16535433070867 votre
840.9448818897638 1609.4488188976377 560.6299212598425 77.16535433070867 administration,
1313.3858267716535 1609.4488188976377 236.2204724409449 77.16535433070867 j’ai
1461.4173228346456 1609.4488188976377 384.251968503937 77.16535433070867 l’honneur
1755.9055118110236 1609.4488188976377 384.251968503937 77.16535433070867 d’appeler
2022.0472440944882 1609.4488188976377 206.29921259842519 77.16535433070867 votre

190.5511811023622 1664.5669291338584 462.99212598425197 86.61417322834646 sollicitude
562.2047244094488 1664.5669291338584 215.748031496063 86.61417322834646 sur
685.0393700787401 1664.5669291338584 185.82677165354332 86.61417322834646 le
777.9527559055118 1664.5669291338584 277.1653543307087 86.61417322834646 Musée
962.2047244094488 1664.5669291338584 185.82677165354332 86.61417322834646 du
1055.1181102362204 1664.5669291338584 462.99212598425197 86.61417322834646 Luxembourg.
1425.1968503937007 1664.5669291338584 185.82677165354332 86.61417322834646 Il
1518.1102362204724 1664.5669291338584 247.24409448818898 86.61417322834646 vous
1672.4409448818897 1664.5669291338584 370.0787401574803 86.61417322834646 paraîtra
1919.6850393700788 1664.5669291338584 308.66141732283467 86.61417322834646 d’autant

195.2755905511811 1746.4566929133857 236.2204724409449 70.86614173228347 plus
343.3070866141732 1746.4566929133857 264.56692913385825 70.86614173228347 utile
519.6850393700787 1746.4566929133857 236.2204724409449 70.86614173228347 d’en
667.7165354330708 1746.4566929133857 294.48818897637796 70.86614173228347 régler
874.0157480314961 1746.4566929133857 264.56692913385825 70.86614173228347 d’une
1050.3937007874015 1746.4566929133857 324.40944881889766 70.86614173228347 manière
1286.6141732283465 1746.4566929133857 324.40944881889766 70.86614173228347 précise
1522.8346456692914 1746.4566929133857 560.6299212598425 70.86614173228347 l’organisation,
1965.3543307086613 1746.4566929133857 264.56692913385825 70.86614173228347 qu’elle

192.1259842519685 1798.4251968503936 294.48818897637796 91.33858267716535 touche
398.4251968503937 1798.4251968503936 176.3779527559055 91.33858267716535 en
486.61417322834643 1798.4251968503936 236.2204724409449 91.33858267716535 même
634.6456692913385 1798.4251968503936 264.56692913385825 91.33858267716535 temps
811.0236220472441 1798.4251968503936 148.03149606299212 91.33858267716535 à
870.8661417322835 1798.4251968503936 354.3307086614173 91.33858267716535 l’avenir
1135.4330708661416 1798.4251968503936 206.29921259842519 91.33858267716535 des
1253.5433070866143 1798.4251968503936 442.5196850393701 91.33858267716535 collections
1607.8740157480315 1798.4251968503936 412.59842519685037 91.33858267716535 nationales
1932.283464566929 1798.4251968503936 176.3779527559055 91.33858267716535 du
1990.5511811023623 1798.4251968503936 236.2204724409449 91.33858267716535 Louvre

195.2755905511811 1872.4409448818897 166.9291338582677 75.59055118110236 et
278.74015748031496 1872.4409448818897 193.70078740157481 75.59055118110236 aux
390.5511811023622 1872.4409448818897 332.2834645669291 75.59055118110236 intérêts
639.3700787401575 1872.4409448818897 193.70078740157481 75.59055118110236 les
751.1811023622047 1872.4409448818897 222.04724409448818 75.59055118110236 plus
889.7637795275591 1872.4409448818897 332.2834645669291 75.59055118110236 délicats
1138.5826771653544 1872.4409448818897 193.70078740157481 75.59055118110236 des
1250.3937007874015 1872.4409448818897 332.2834645669291 75.59055118110236 artistes
1472.4409448818897 1872.4409448818897 277.1653543307087 75.59055118110236 vivants.

258.26771653543307 1938.5826771653544 190.5511811023622 85.03937007874016 Le
352.755905511811 1938.5826771653544 286.61417322834643 85.03937007874016 Musée
544.8818897637796 1938.5826771653544 190.5511811023622 85.03937007874016 du
639.3700787401575 1938.5826771653544 477.1653543307087 85.03937007874016 Luxembourg,
1022.0472440944882 1938.5826771653544 382.6771653543307 85.03937007874016 consacré
1308.6614173228347 1938.5826771653544 222.04724409448818 85.03937007874016 aux
1436.2204724409448 1938.5826771653544 382.6771653543307 85.03937007874016 ouvrages
1722.8346456692914 1938.5826771653544 222.04724409448818 85.03937007874016 des
1848.8188976377953 1938.5826771653544 382.6771653543307 85.03937007874016 peintres
2103.9370078740158 1938.5826771653544 127.55905511811024 85.03937007874016 et

193.70078740157481 2015.748031496063 407.87401574803147 74.01574803149606 sculpteurs
513.3858267716536 2015.748031496063 524.4094488188977 74.01574803149606 contemporains,
949.6062992125984 2015.748031496063 174.8031496062992 74.01574803149606 et
1037.7952755905512 2015.748031496063 319.68503937007875 74.01574803149606 formant
1270.8661417322835 2015.748031496063 144.88188976377953 74.01574803149606 à
1329.1338582677165 2015.748031496063 349.6062992125984 74.01574803149606 distance
1590.5511811023623 2015.748031496063 174.8031496062992 74.01574803149606 la
1678.740157480315 2015.748031496063 466.1417322834646 74.01574803149606 continuation
2028.3464566929133 2015.748031496063 203.1496062992126 74.01574803149606 natu-

198.4251968503937 2077.165354330709 267.7165354330709 72.44094488188976 relle
377.9527559055118 2077.165354330709 179.5275590551181 72.44094488188976 de
467.7165354330709 2077.165354330709 209.4488188976378 72.44094488188976 vos
585.8267716535433 2077.165354330709 357.4803149606299 72.44094488188976 galeries
855.1181102362204 2077.165354330709 179.5275590551181 72.44094488188976 de
944.8818897637796 2077.165354330709 327.5590551181102 72.44094488188976 l’École
1182.6771653543308 2077.165354330709 387.40157480314963 72.44094488188976 française
1480.3149606299212 2077.165354330709 179.5275590551181 72.44094488188976 au
1570.0787401574803 2077.165354330709 327.5590551181102 72.44094488188976 Louvre,
1809.4488188976377 2077.165354330709 209.4488188976378 72.44094488188976 n’a
1929.1338582677165 2077.165354330709 239.37007874015748 72.44094488188976 été,
2047.244094488189 2077.165354330709 179.5275590551181 72.44094488188976 dans

195.2755905511811 2151.181102362205 212.5984251968504 96.06299212598425 son
316.53543307086613 2151.181102362205 363.7795275590551 96.06299212598425 origine,
588.9763779527559 2151.181102362205 302.3622047244094 96.06299212598425 qu’une
801.5748031496063 2151.181102362205 485.03937007874015 96.06299212598425 compensation
1195.275590551181 2151.181102362205 181.10236220472441 96.06299212598425 de
1285.0393700787401 2151.181102362205 393.7007874015748 96.06299212598425 richesses
1588.976377952756 2151.181102362205 242.51968503937007 96.06299212598425 pour
1740.1574803149606 2151.181102362205 181.10236220472441 96.06299212598425 le
1831.4960629921259 2151.181102362205 302.3622047244094 96.06299212598425 palais
2012.5984251968505 2151.181102362205 212.5984251968504 96.06299212598425 qu’il

160.62992125984252 2212.5984251968503 285.03937007874015 92.91338582677166 décore.

262.99212598425197 2269.2913385826773 168.50393700787401 103.93700787401575 Le
348.0314960629921 2269.2913385826773 280.31496062992125 103.93700787401575 palais
543.3070866141733 2269.2913385826773 168.50393700787401 103.93700787401575 de
628.3464566929134 2269.2913385826773 251.96850393700788 103.93700787401575 Marie
795.2755905511812 2269.2913385826773 168.50393700787401 103.93700787401575 de
880.3149606299213 2269.2913385826773 308.66141732283467 103.93700787401575 Médicis
1103.9370078740158 2269.2913385826773 223.6220472440945 103.93700787401575 fut,
1244.0944881889764 2269.2913385826773 168.50393700787401 103.93700787401575 en
1327.5590551181103 2269.2913385826773 280.31496062992125 103.93700787401575 effet,
1524.4094488188975 2269.2913385826773 196.8503937007874 103.93700787401575 dès
1636.2204724409448 2269.2913385826773 168.50393700787401 103.93700787401575 sa
1721.259842519685 2269.2913385826773 392.12598425196853 103.93700787401575 fondation,
2028.3464566929133 2269.2913385826773 168.50393700787401 103.93700787401575 et
2085.0393700787404 2269.2913385826773 140.15748031496062 103.93700787401575 n’a

196.8503937007874 2362.2047244094488 285.03937007874015 94.48818897637796 jamais
395.2755905511811 2362.2047244094488 255.11811023622047 94.48818897637796 cessé
566.9291338582677 2362.2047244094488 285.03937007874015 94.48818897637796 d’être
765.3543307086615 2362.2047244094488 170.07874015748033 94.48818897637796 un
850.3937007874016 2362.2047244094488 398.4251968503937 94.48818897637796 sanctuaire
1135.4330708661416 2362.2047244094488 226.77165354330708 94.48818897637796 d’art.

255.11811023622047 2436.220472440945 173.22834645669292 94.48818897637796 La
341.73228346456693 2436.220472440945 261.4173228346457 94.48818897637796 reine
514.9606299212599 2436.220472440945 348.0314960629921 94.48818897637796 régente,
776.3779527559055 2436.220472440945 203.1496062992126 94.48818897637796 que
891.3385826771654 2436.220472440945 203.1496062992126 94.48818897637796 son
1007.8740157480315 2436.220472440945 231.49606299212599 94.48818897637796 sang
1152.755905511811 2436.220472440945 173.22834645669292 94.48818897637796 et
1239.3700787401574 2436.220472440945 203.1496062992126 94.48818897637796 son
1355.9055118110236 2436.220472440945 203.1496062992126 94.48818897637796 nom
1472.4409448818897 2436.220472440945 521.2598425196851 94.48818897637796 prédestinaient
1907.0866141732283 2436.220472440945 144.88188976377953 94.48818897637796 à
1935.4330708661416 2436.220472440945 289.76377952755905 94.48818897637796 protéger

201.5748031496063 2514.9606299212596 201.5748031496063 89.76377952755905 les
316.53543307086613 2514.9606299212596 374.8031496062992 89.76377952755905 artistes,
604.7244094488188 2514.9606299212596 259.84251968503935 89.76377952755905 avait
777.9527559055118 2514.9606299212596 288.18897637795277 89.76377952755905 appelé
981.1023622047244 2514.9606299212596 144.88188976377953 89.76377952755905 à
1037.7952755905512 2514.9606299212596 173.22834645669292 89.76377952755905 le
1124.4094488188975 2514.9606299212596 318.1102362204724 89.76377952755905 décorer
1355.9055118110236 2514.9606299212596 173.22834645669292 89.76377952755905 et
1442.5196850393702 2514.9606299212596 374.8031496062992 89.76377952755905 Duchesne,
1730.708661417323 2514.9606299212596 173.22834645669292 89.76377952755905 et
1817.3228346456692 2514.9606299212596 231.49606299212599 89.76377952755905 Jean
1933.8582677165355 2514.9606299212596 288.18897637795277 89.76377952755905 Mosnier,

195.2755905511811 2584.251968503937 187.4015748031496 59.84251968503937 et
289.76377952755905 2584.251968503937 343.3070866141732 59.84251968503937 Quentin
538.5826771653543 2584.251968503937 311.81102362204723 59.84251968503937 Varin,
757.4803149606299 2584.251968503937 187.4015748031496 59.84251968503937 et
850.3937007874016 2584.251968503937 218.89763779527559 59.84251968503937 Ph.
974.8031496062993 2584.251968503937 187.4015748031496 59.84251968503937 de
1069.291338582677 2584.251968503937 467.7165354330709 59.84251968503937 Champaigne;
1442.5196850393702 2584.251968503937 187.4015748031496 59.84251968503937 le
1535.4330708661416 2584.251968503937 374.8031496062992 59.84251968503937 Poussin,
1817.3228346456692 2584.251968503937 248.8188976377953 59.84251968503937 dans
1973.2283464566929 2584.251968503937 187.4015748031496 59.84251968503937 sa
2034.6456692913387 2584.251968503937 187.4015748031496 59.84251968503937 jeu-

200.0 2650.3937007874015 307.0866141732283 61.41732283464567 nesse,
414.1732283464567 2650.3937007874015 214.17322834645668 61.41732283464567 fut
537.007874015748 2650.3937007874015 337.00787401574803 61.41732283464567 employé
781.1023622047244 2650.3937007874015 184.251968503937 61.41732283464567 «à
874.0157480314961 2650.3937007874015 368.503937007874 61.41732283464567 quelques
1149.6062992125985 2650.3937007874015 307.0866141732283 61.41732283464567 petits
1363.7795275590552 2650.3937007874015 368.503937007874 61.41732283464567 ouvrages
1639.3700787401574 2650.3937007874015 245.66929133858267 61.41732283464567 dans
1793.7007874015749 2650.3937007874015 368.503937007874 61.41732283464567 certains
2037.7952755905512 2650.3937007874015 184.251968503937 61.41732283464567 lam-

201.5748031496063 2708.6614173228345 218.89763779527559 92.91338582677166 bris
337.00787401574803 2708.6614173228345 190.5511811023622 92.91338582677166 des
447.244094488189 2708.6614173228345 436.2204724409449 92.91338582677166 appartements
801.5748031496063 2708.6614173228345 163.7795275590551 92.91338582677166 ».
883.4645669291339 2708.6614173228345 518.1102362204724 92.91338582677166 L’inventaire
1319.6850393700788 2708.6614173228345 300.78740157480314 92.91338582677166 général
1538.5826771653544 2708.6614173228345 190.5511811023622 92.91338582677166 des
1647.244094488189 2708.6614173228345 327.5590551181102 92.91338582677166 tableaux
1892.9133858267717 2708.6614173228345 163.7795275590551 92.91338582677166 du
1948.0314960629921 2708.6614173228345 272.4409448818898 92.91338582677166 ro,

201.5748031496063 2776.3779527559054 277.1653543307087 85.03937007874016 fait
403.1496062992126 2776.3779527559054 251.96850393700788 85.03937007874016 en
581.1023622047244 2776.3779527559054 201.5748031496063 85.03937007874016 1709
707.0866141732283 2776.3779527559054 151.1811023622047 85.03937007874016 et
782.6771653543307 2776.3779527559054 201.5748031496063 85.03937007874016 1710
908.6614173228346 2776.3779527559054 251.96850393700788 85.03937007874016 par
1085.0393700787401 2776.3779527559054 151.1811023622047 85.03937007874016 le
1160.6299212598426 2776.3779527559054 226.77165354330708 85.03937007874016 sieur
1313.3858267716535 2776.3779527559054 277.1653543307087 85.03937007874016 Bailly,
1514.9606299212599 2776.3779527559054 226.77165354330708 85.03937007874016 gcrde
1666.1417322834645 2776.3779527559054 277.1653543307087 85.03937007874016 aesdits
1842.5196850393702 2776.3779527559054 379.5275590551181 85.03937007874016 tableaux

198.4251968503937 2859.8425196850394 225.1968503937008 61.41732283464567 nous
338.5826771653543 2859.8425196850394 281.8897637795276 61.41732283464567 montre
537.007874015748 2859.8425196850394 310.23622047244095 61.41732283464567 encore,
762.2047244094488 2859.8425196850394 168.50393700787401 61.41732283464567 au
845.6692913385826 2859.8425196850394 450.3937007874016 61.41732283464567 commencement
1212.5984251968505 2859.8425196850394 168.50393700787401 61.41732283464567 au
1296.0629921259842 2859.8425196850394 281.8897637795276 61.41732283464567 XVIIIe
1492.9133858267717 2859.8425196850394 310.23622047244095 61.41732283464567 siècle,
1718.1102362204724 2859.8425196850394 168.50393700787401 61.41732283464567 la
1774.8031496062993 2859.8425196850394 450.3937007874016 61.41732283464567 Chambre

196.8503937007874 2907.0866141732286 281.8897637795276 81.88976377952756 des
393.7007874015748 2907.0866141732286 366.92913385826773 81.88976377952756 Muses
675.5905511811023 2907.0866141732286 253.54330708661416 81.88976377952756 ornée
845.6692913385826 2907.0866141732286 196.8503937007874 81.88976377952756 des
957.4803149606299 2907.0866141732286 338.5826771653543 81.88976377952756 panneaux
1212.5984251968505 2907.0866141732286 196.8503937007874 81.88976377952756 des
1324.4094488188975 2907.0866141732286 225.1968503937008 81.88976377952756 neuf
1466.1417322834645 2907.0866141732286 281.8897637795276 81.88976377952756 sœurs,
1662.992125984252 2907.0866141732286 395.2755905511811 81.88976377952756 attribuées
1973.2283464566929 2907.0866141732286 141.73228346456693 81.88976377952756 à
2001.5748031496064 2907.0866141732286 225.1968503937008 81.88976377952756 Genti-

201.5748031496063 2971.6535433070867 313.38582677165357 96.06299212598425 leschi,
429.9212598425197 2971.6535433070867 171.6535433070866 96.06299212598425 et
514.9606299212599 2971.6535433070867 370.0787401574803 96.06299212598425 présidées
800.0 2971.6535433070867 200.0 96.06299212598425 par
913.3858267716536 2971.6535433070867 200.0 96.06299212598425 une
1028.3464566929133 2971.6535433070867 398.4251968503937 96.06299212598425 Minerve
1341.732283464567 2971.6535433070867 513.3858267716536 96.06299212598425 française
1768.5039370078741 2971.6535433070867 171.6535433070866 96.06299212598425 de
1855.1181102362204 2971.6535433070867 200.0 96.06299212598425 Ph.
1968.5039370078741 2971.6535433070867 171.6535433070866 96.06299212598425 de
2025.1968503937007 2971.6535433070867 200.0 96.06299212598425 Cham-

203.1496062992126 3042.51968503937 285.03937007874015 80.31496062992126 paigze,
409.4488188976378 3042.51968503937 181.10236220472441 80.31496062992126 qui
513.3858267716536 3042.51968503937 129.13385826771653 80.31496062992126 a
565.3543307086615 3042.51968503937 310.23622047244095 80.31496062992126 remplacé
798.4251968503937 3042.51968503937 362.20472440944883 80.31496062992126 l’Apollon,
1083.4645669291338 3042.51968503937 285.03937007874015 80.31496062992126 inscrit
1289.763779527559 3042.51968503937 310.23622047244095 80.31496062992126 ailleurs
1522.8346456692914 3042.51968503937 207.8740157480315 80.31496062992126 sous
1651.9685039370079 3042.51968503937 155.90551181102362 80.31496062992126 le
1730.708661417323 3042.51968503937 233.0708661417323 80.31496062992126 titre
1859.8425196850394 3042.51968503937 362.20472440944883 80.31496062992126 d’Or

200.0 3110.236220472441 415.748031496063 74.01574803149606 phee
533.8582677165355 3110.236220472441 332.2834645669291 74.01574803149606 (pauvres
782.6771653543307 3110.236220472441 360.62992125984255 74.01574803149606 peintures
1059.8425196850394 3110.236220472441 222.04724409448818 74.01574803149606 bien
1198.4251968503936 3110.236220472441 248.8188976377953 74.01574803149606 usées
1363.7795275590552 3110.236220472441 415.748031496063 74.01574803149606 aujourd’hui
1697.6377952755906 3110.236220472441 166.9291338582677 74.01574803149606 et
1779.5275590551182 3110.236220472441 387.40157480314963 74.01574803149606 conservées
2056.6929133858266 3110.236220472441 166.9291338582677 74.01574803149606 dans

204.7244094488189 3173.228346456693 193.70078740157481 77.16535433070867 les
316.53543307086613 3173.228346456693 332.2834645669291 77.16535433070867 magasins
565.3543307086615 3173.228346456693 166.9291338582677 77.16535433070867 du
648.8188976377953 3173.228346456693 470.86614173228344 77.16535433070867 Louvre);—dans
1036.2204724409448 3173.228346456693 166.9291338582677 77.16535433070867 la
1119.6850393700788 3173.228346456693 277.1653543307087 77.16535433070867 grande
1313.3858267716535 3173.228346456693 360.62992125984255 77.16535433070867 chapelle,
1590.5511811023623 3173.228346456693 166.9291338582677 77.16535433070867 un
1645.6692913385828 3173.228346456693 581.1023622047244 77.16535433070867 Jésus

198.4251968503937 3239.3700787401576 324.40944881889766 80.31496062992126 porté
440.9448818897638 3239.3700787401576 162.20472440944883 80.31496062992126 au
522.8346456692914 3239.3700787401576 431.496062992126 80.31496062992126 tombeau
874.0157480314961 3239.3700787401576 162.20472440944883 80.31496062992126 de
954.3307086614174 3239.3700787401576 351.18110236220474 80.31496062992126 CHAMPAGNE
1225.1968503937007 3239.3700787401576 162.20472440944883 80.31496062992126 LE
1305.5118110236222 3239.3700787401576 269.29133858267716 80.31496062992126 VIEUX;
1494.4881889763778 3239.3700787401576 135.43307086614172 80.31496062992126 —
1548.0314960629921 3239.3700787401576 162.20472440944883 80.31496062992126 un
1629.9212598425197 3239.3700787401576 377.9527559055118 80.31496062992126 Hercule
1899.2125984251968 3239.3700787401576 324.40944881889766 80.31496062992126 filant

204.7244094488189 3316.535433070866 337.00787401574803 69.29133858267717 auprès
462.99212598425197 3316.535433070866 492.9133858267717 69.29133858267717 d’Omphale,
877.1653543307086 3316.535433070866 155.90551181102362 69.29133858267717 de
955.9055118110236 3316.535433070866 155.90551181102362 69.29133858267717 S.
1033.0708661417323 3316.535433070866 259.84251968503935 69.29133858267717 VOUET;
1214.1732283464567 3316.535433070866 129.13385826771653 69.29133858267717 —
1266.1417322834645 3316.535433070866 155.90551181102362 69.29133858267717 et
1344.8818897637796 3316.535433070866 207.8740157480315 69.29133858267717 dans
1474.015748031496 3316.535433070866 155.90551181102362 69.29133858267717 le
1551.1811023622047 3316.535433070866 362.20472440944883 69.29133858267717 Cabinet
1836.2204724409448 3316.535433070866 337.00787401574803 69.29133858267717 doré
2069.2913385826773 3316.535433070866 155.90551181102362 69.29133858267717 sous

203.1496062992126 3363.779527559055 374.8031496062992 78.74015748031496 l’éternel
491.33858267716533 3363.779527559055 201.5748031496063 78.74015748031496 nom
606.2992125984252 3363.779527559055 173.22834645669292 78.74015748031496 de
692.9133858267717 3363.779527559055 318.1102362204724 78.74015748031496 JEANET,
924.4094488188977 3363.779527559055 231.49606299212599 78.74015748031496 huit
1069.291338582677 3363.779527559055 346.45669291338584 78.74015748031496 tableaux
1329.1338582677165 3363.779527559055 461.4173228346457 78.74015748031496 historiques,
1703.9370078740158 3363.779527559055 231.49606299212599 78.74015748031496 dans
1848.8188976377953 3363.779527559055 318.1102362204724 78.74015748031496 presque
2050.3937007874015 3363.779527559055 173.22834645669292 78.74015748031496 tous

200.0 3429.9212598425197 341.73228346456693 75.59055118110236 lesquels
456.6929133858268 3429.9212598425197 341.73228346456693 75.59055118110236 figurent
711.8110236220473 3429.9212598425197 171.6535433070866 75.59055118110236 la
798.4251968503937 3429.9212598425197 256.6929133858268 75.59055118110236 reine
968.503937007874 3429.9212598425197 370.0787401574803 75.59055118110236 Catherine
1253.5433070866143 3429.9212598425197 171.6535433070866 75.59055118110236 de
1338.5826771653544 3429.9212598425197 313.38582677165357 75.59055118110236 Médicis
1566.9291338582677 3429.9212598425197 171.6535433070866 75.59055118110236 ou
1651.9685039370079 3429.9212598425197 171.6535433070866 75.59055118110236 le
1738.5826771653544 3429.9212598425197 341.73228346456693 75.59055118110236 cardinal
1993.7007874015749 3429.9212598425197 171.6535433070866 75.59055118110236 de
2050.3937007874015 3429.9212598425197 171.6535433070866 75.59055118110236 Lor-

206.29921259842519 3503.9370078740158 258.26771653543307 80.31496062992126 raine.
385.8267716535433 3503.9370078740158 154.33070866141733 80.31496062992126 Ce
464.56692913385825 3503.9370078740158 206.29921259842519 80.31496062992126 même
593.7007874015748 3503.9370078740158 362.20472440944883 80.31496062992126 Cabinet
877.1653543307086 3503.9370078740158 310.23622047244095 80.31496062992126 doré
1110.236220472441 3503.9370078740158 335.43307086614175 80.31496062992126 contenait
1368.5039370078741 3503.9370078740158 258.26771653543307 80.31496062992126 quatre
1549.6062992125985 3503.9370078740158 310.23622047244095 80.31496062992126 tableaux
1782.6771653543308 3503.9370078740158 154.33070866141733 80.31496062992126 et
1859.8425196850394 3503.9370078740158 206.29921259842519 80.31496062992126 neuf
1963.7795275590552 3503.9370078740158 258.26771653543307 80.31496062992126 tableaux

201.5748031496063 3565.3543307086616 176.3779527559055 69.29133858267717 en
289.76377952755905 3565.3543307086616 351.18110236220474 69.29133858267717 plafonds
554.3307086614174 3565.3543307086616 176.3779527559055 69.29133858267717 du
640.9448818897638 3565.3543307086616 262.99212598425197 69.29133858267717 vieux
817.3228346456693 3565.3543307086616 351.18110236220474 69.29133858267717 MOsNIEr,
1080.3149606299212 3565.3543307086616 469.29133858267716 69.29133858267717 représentant
1461.4173228346456 3565.3543307086616 204.7244094488189 69.29133858267717 des
1579.5275590551182 3565.3543307086616 292.9133858267717 69.29133858267717 sujets
1784.251968503937 3565.3543307086616 469.29133858267716 69.29133858267717 allégoriques
2135.433070866142 3565.3543307086616 88.18897637795276 69.29133858267717 à

206.29921259842519 3626.771653543307 177.95275590551182 69.29133858267717 la
296.06299212598424 3626.771653543307 296.06299212598424 69.29133858267717 gloire
502.3622047244094 3626.771653543307 177.95275590551182 69.29133858267717 de
592.1259842519685 3626.771653543307 177.95275590551182 69.29133858267717 la
680.3149606299213 3626.771653543307 266.1417322834646 69.29133858267717 reine
858.2677165354331 3626.771653543307 266.1417322834646 69.29133858267717 Marie
1036.2204724409448 3626.771653543307 177.95275590551182 69.29133858267717 de
1125.984251968504 3626.771653543307 355.90551181102364 69.29133858267717 Médicis.
1392.1259842519685 3626.771653543307 237.79527559055117 69.29133858267717 L’un
1540.1574803149606 3626.771653543307 177.95275590551182 69.29133858267717 de
1629.9212598425197 3626.771653543307 207.8740157480315 69.29133858267717 ces
1748.0314960629921 3626.771653543307 355.90551181102364 69.29133858267717 tableaux
2014.1732283464567 3626.771653543307 207.8740157480315 69.29133858267717 est
2103.9370078740158 3626.771653543307 118.11023622047244 69.29133858267717 au

203.1496062992126 3689.763779527559 327.5590551181102 77.16535433070867 Louvre;
440.9448818897638 3689.763779527559 237.79527559055117 77.16535433070867 deux
590.5511811023622 3689.763779527559 297.6377952755906 77.16535433070867 autres
798.4251968503937 3689.763779527559 207.8740157480315 77.16535433070867 ont
916.5354330708661 3689.763779527559 297.6377952755906 77.16535433070867 trouvé
1124.4094488188975 3689.763779527559 267.7165354330709 77.16535433070867 place
1303.9370078740158 3689.763779527559 237.79527559055117 77.16535433070867 dans
1451.9685039370079 3689.763779527559 177.95275590551182 77.16535433070867 la
1541.732283464567 3689.763779527559 415.748031496063 77.16535433070867 décoration
1867.716535433071 3689.763779527559 177.95275590551182 77.16535433070867 de
1957.4803149606298 3689.763779527559 177.95275590551182 77.16535433070867 la
2017.3228346456692 3689.763779527559 207.8740157480315 77.16535433070867 salle

204.7244094488189 3760.6299212598424 305.51181102362204 97.63779527559055 moderne
426.7716535433071 3760.6299212598424 166.9291338582677 97.63779527559055 du
510.23622047244095 3760.6299212598424 332.2834645669291 97.63779527559055 Livre
759.0551181102362 3760.6299212598424 332.2834645669291 97.63779527559055 d’or
1009.4488188976378 3760.6299212598424 166.9291338582677 97.63779527559055 au
1064.5669291338584 3760.6299212598424 360.62992125984255 97.63779527559055 Luxembourg.

272.4409448818898 3823.6220472440946 220.4724409448819 105.51181102362204 Mais
409.4488188976378 3823.6220472440946 165.35433070866142 105.51181102362204 ce
491.33858267716533 3823.6220472440946 192.1259842519685 105.51181102362204 qui
601.5748031496063 3823.6220472440946 137.00787401574803 105.51181102362204 a
656.6929133858267 3823.6220472440946 220.4724409448819 105.51181102362204 fait
793.7007874015748 3823.6220472440946 220.4724409448819 105.51181102362204 pour
932.2834645669292 3823.6220472440946 329.13385826771656 105.51181102362204 toujours
1179.5275590551182 3823.6220472440946 165.35433070866142 105.51181102362204 et
1261.4173228346456 3823.6220472440946 137.00787401574803 105.51181102362204 à
1316.5354330708662 3823.6220472440946 192.1259842519685 105.51181102362204 bon
1426.7716535433071 3823.6220472440946 247.24409448818898 105.51181102362204 droit
1590.5511811023623 3823.6220472440946 302.3622047244094 105.51181102362204 oublier
1811.023622047244 3823.6220472440946 220.4724409448819 105.51181102362204 tout
1948.0314960629921 3823.6220472440946 165.35433070866142 105.51181102362204 le
2003.1496062992126 3823.6220472440946 220.4724409448819 105.51181102362204 reste,

204.7244094488189 3913.3858267716537 182.6771653543307 80.31496062992126 ce
296.06299212598424 3913.3858267716537 214.17322834645668 80.31496062992126 fut
417.3228346456693 3913.3858267716537 275.59055118110234 80.31496062992126 cette
601.5748031496063 3913.3858267716537 337.00787401574803 80.31496062992126 galerie
845.6692913385826 3913.3858267716537 182.6771653543307 80.31496062992126 de
938.5826771653543 3913.3858267716537 366.92913385826773 80.31496062992126 Médicis,
1212.5984251968505 3913.3858267716537 182.6771653543307 80.31496062992126 où
1305.5118110236222 3913.3858267716537 182.6771653543307 80.31496062992126 le
1396.8503937007874 3913.3858267716537 305.51181102362204 80.31496062992126 maître
1611.023622047244 3913.3858267716537 366.92913385826773 80.31496062992126 respecté
1885.0393700787401 3913.3858267716537 182.6771653543307 80.31496062992126 du
1946.4566929133857 3913.3858267716537 275.59055118110234 80.31496062992126 Poussin

209.4488188976378 3979.527559055118 288.18897637795277 69.29133858267717 manqua
411.0236220472441 3979.527559055118 403.1496062992126 69.29133858267717 l’occasion
727.5590551181102 3979.527559055118 173.22834645669292 69.29133858267717 de
814.1732283464567 3979.527559055118 173.22834645669292 69.29133858267717 sa
899.2125984251968 3979.527559055118 316.53543307086613 69.29133858267717 gloire,
1130.708661417323 3979.527559055118 173.22834645669292 69.29133858267717 et
1215.748031496063 3979.527559055118 173.22834645669292 69.29133858267717 où
1302.3622047244094 3979.527559055118 288.18897637795277 69.29133858267717 Rubens
1503.9370078740158 3979.527559055118 316.53543307086613 69.29133858267717 déroula
1733.8582677165355 3979.527559055118 201.5748031496063 69.29133858267717 les
1820.4724409448818 3979.527559055118 403.1496062992126 69.29133858267717 vingt

207.8740157480315 4040.9448818897636 288.18897637795277 72.44094488188976 toiles
409.4488188976378 4040.9448818897636 403.1496062992126 72.44094488188976 splendides
725.9842519685039 4040.9448818897636 201.5748031496063 72.44094488188976 qui
840.9448818897638 4040.9448818897636 346.45669291338584 72.44094488188976 devaient
1100.7874015748032 4040.9448818897636 288.18897637795277 72.44094488188976 rester
1302.3622047244094 4040.9448818897636 316.53543307086613 72.44094488188976 pendant
1533.8582677165355 4040.9448818897636 229.92125984251967 72.44094488188976 deux
1677.1653543307086 4040.9448818897636 316.53543307086613 72.44094488188976 siècles
1908.6614173228347 4040.9448818897636 316.53543307086613 72.44094488188976 l’école
2110.236220472441 4040.9448818897636 114.96062992125984 72.44094488188976 la

207.8740157480315 4110.236220472441 225.1968503937008 96.06299212598425 plus
348.0314960629921 4110.236220472441 281.8897637795276 96.06299212598425 suivie
544.8818897637796 4110.236220472441 168.50393700787401 96.06299212598425 de
629.9212598425197 4110.236220472441 196.8503937007874 96.06299212598425 nos
714.9606299212599 4110.236220472441 308.66141732283467 96.06299212598425 peintres.
