1799 3127
131 22 141 68 E

290 321 106 55 VI

366 389 113 64 M.
423 389 208 64 Villot,
574 389 113 64 en
631 389 151 64 tête
725 389 113 64 du
782 389 246 64 Catalogue
971 389 170 64 qu’il
1084 389 94 64 a
1122 389 170 64 donné
1235 389 132 64 des
1311 389 170 64 trois
1405 389 208 64 dernières

324 443 302 44 expositions
565 443 121 44 du
626 443 181 44 Musée
746 443 121 44 du
807 443 302 44 Luxembourg,
1048 443 101 44 a
1088 443 241 44 raconté,
1269 443 161 44 dans
1370 443 141 44 une
1430 443 181 44 savante

328 483 303 48 introduction,
577 483 249 48 l’histoire
773 483 125 48 des
844 483 214 48 diverses
1005 483 267 48 collections
1218 483 107 48 de
1272 483 214 48 tableaux
1432 483 125 48 qui
1485 483 125 48 occu-

325 525 208 46 pèrent,
477 525 189 46 depuis
609 525 170 46 1750,
723 525 133 46 les
799 525 303 46 appartements
1045 525 114 46 du
1102 525 208 46 palais.
1253 525 114 46 Il
1310 525 95 46 a
1348 525 246 46 recueilli
1518 525 95 46 les

325 564 296 45 témoignages
562 564 336 45 contemporains
839 564 138 45 sur
918 564 119 45 ce
977 564 178 45 grand
1096 564 257 45 événement
1293 564 138 45 des
1372 564 158 45 plus
1451 564 158 45 fameux

326 604 226 58 tableaux
496 604 113 58 du
552 604 207 58 Cabinet
703 604 113 58 du
759 604 151 58 Roi,
854 604 188 58 livrés
985 604 151 58 pour
1080 604 113 58 la
1136 604 226 58 première
1306 604 151 58 fois
1400 604 113 58 au
1437 604 170 58 publie,

325 651 115 41 et
382 651 134 41 qui
459 651 134 41 fut
536 651 115 41 le
593 651 230 41 précieux
766 651 173 41 point
881 651 115 41 de
938 651 192 41 départ
1072 651 115 41 de
1130 651 173 41 notre
1245 651 211 41 galerie
1379 651 230 41 nationale.

327 689 202 45 L’idée,
474 689 166 45 toute
584 689 184 45 simple
713 689 202 45 qu’elle
860 689 147 45 nous
952 689 184 45 puisse
1081 689 202 45 sembler
1228 689 294 45 aujourd’hui,
1449 689 166 45 apparut

321 732 262 49 justement
523 732 182 49 alors
644 732 262 49 tellement
846 732 242 49 heureuse
1027 732 121 49 et
1088 732 262 49 tellement
1290 732 222 49 féconde
1451 732 162 49 pour
1532 732 81 49 le

321 780 226 78 progrès
485 780 144 78 des
567 780 185 78 arts,
690 780 144 78 que
772 780 205 78 chacun
915 780 123 78 en
977 780 287 78 revendiqua
1202 780 287 78 l’honneur,
1428 780 123 78 et
1489 780 123 78 M.
1530 780 82 78 de

353 815 233 51 ournehem
527 815 116 51 et
585 815 116 51 M.
644 815 116 51 de
702 815 213 51 Marigny
857 815 116 51 la
915 815 291 51 disputèrent
1148 815 97 51 à
1187 815 116 51 un
1245 815 252 51 ingénieux
1420 815 194 51 critique

323 855 117 55 de
382 855 215 55 salons,
538 855 117 55 La
597 855 156 55 Font
694 855 117 55 de
753 855 312 55 Saint-Yenne,
1007 855 137 55 qui
1085 855 215 55 l’avait
1241 855 254 55 produite,
1436 855 117 55 en
1475 855 137 55 1747,

322 899 145 49 dans
413 899 127 49 ses
485 899 309 49 <i>Réflexions
740 899 127 49 sur
813 899 218 49 quelques
977 899 182 49 causes
1104 899 109 49 de
1158 899 182 49 l’état
1286 899 200 49 présent
1431 899 109 49 de
1468 899 145 49 lu</i>

323 938 265 53 <i>peinture
535 938 106 53 en
588 938 265 53 France</i>.
800 938 106 53 On
853 938 88 53 a
888 938 141 53 même
977 938 141 53 fait
1065 938 212 53 remonter
1224 938 282 53 l’initiative
1453 938 106 53 de
1488 938 124 53 cette

324 983 168 45 noble
436 983 187 45 pensée
567 983 93 45 à
604 983 112 45 la
660 983 149 45 sœur
754 983 112 45 de
810 983 112 45 M.
866 983 112 45 de
922 983 224 45 Marigny,
1089 983 112 45 la
1145 983 168 45 toute
1257 983 243 45 puissante
1425 983 187 45 marquise

322 1022 119 53 de
382 1022 277 53 Pompadour;
600 1022 198 53 pleine
738 1022 277 53 d’ambition
956 1022 159 53 pour
1055 1022 139 53 les
1135 1022 159 53 arts
1234 1022 218 53 qu’elle
1372 1022 238 53 cultivait,

325 1062 129 47 Mme
398 1062 110 47 de
453 1062 239 47 Pompadour
637 1062 239 47 pourrait,
821 1062 110 47 en
876 1062 184 47 effet,
1005 1062 166 47 avoir
1115 1062 129 47 été
1189 1062 110 47 le
1244 1062 239 47 véritable
1410 1062 202 47 promoteur

324 1096 166 61 d’une
434 1096 147 61 idée
526 1096 239 61 populaire
710 1096 166 61 parmi
820 1096 129 61 les
894 1096 239 61 artistes,
1078 1096 110 61 et
1133 1096 129 61 qui
1206 1096 313 61 s’accommodait
1464 1096 110 61 si
1501 1096 110 61 bien

324 1158 155 55 avec
421 1158 136 55 ses
498 1158 194 55 grands
634 1158 214 55 projets
790 1158 311 55 d’achèvement
1042 1158 117 55 du
1081 1158 175 55 Louvre.

364 1178 154 72 Mais
460 1178 115 72 il
518 1178 192 72 fallut
652 1178 231 72 quarante
825 1178 135 72 ans
902 1178 192 72 encore
1036 1178 154 72 pour
1133 1178 135 72 que
1209 1178 115 72 le
1267 1178 192 72 Louvre
1402 1178 135 72 fût
1478 1178 154 72 prêt
1555 1178 58 72 à

324 1243 224 49 recevoir
492 1243 131 49 les
567 1243 317 49 chefs-d’œuvre
828 1243 112 49 du
884 1243 205 49 Cabinet
1033 1243 112 49 du
1089 1243 149 49 Roi,
1183 1243 112 49 et
1239 1243 243 49 jusque-là
1425 1243 112 49 ce
1481 1243 131 49 fut
1537 1243 75 49 le

323 1283 274 48 Luxembourg
538 1283 137 48 qui
617 1283 156 48 leur
714 1283 176 48 livra
831 1283 137 48 ses
910 1283 234 48 galeries
1085 1283 117 48 et
1144 1283 137 48 ses
1222 1283 313 48 appartements
1457 1283 156 48 restés

320 1317 251 76 inoccupés
512 1317 193 76 depuis
647 1317 116 76 la
705 1317 173 76 mort,
821 1317 116 76 en
879 1317 173 76 1742,
994 1317 116 76 de
1052 1317 116 76 la
1110 1317 173 76 reine
1226 1317 270 76 d’Espagne,
1438 1317 173 76 fille
1534 1317 77 76 du

295 1368 199 61 Régent.

365 1422 199 65 Pendant
510 1422 127 65 les
582 1422 181 65 trente
709 1422 199 65 années,
853 1422 109 65 de
908 1422 145 65 1750
998 1422 90 65 à
1034 1422 163 65 1780,
1143 1422 127 65 les
1215 1422 199 65 curieux
1360 1422 109 65 et
1414 1422 127 65 les
1468 1422 145 65 étran-

323 1482 166 49 gers
427 1482 208 49 purent
572 1482 228 49 admirer
739 1482 125 49 et
801 1482 228 49 étudier
967 1482 270 49 librement
1175 1482 166 49 dans
1279 1482 125 49 le
1341 1482 166 49 même
1424 1482 187 49 palais,

323 1532 99 37 —
363 1532 357 37 l’incomparable
661 1532 179 37 série
780 1532 119 37 de
839 1532 198 37 Rubens
978 1532 318 37 représentant
1236 1532 119 37 la
1296 1532 139 37 vie
1375 1532 119 37 de
1434 1532 179 37 Marie
1534 1532 79 37 de

323 1556 227 50 Médicis,
494 1556 114 50 et
551 1556 246 50 décorant,
740 1556 171 50 comme
854 1556 190 50 chacun
986 1556 171 50 sait,
1100 1556 114 50 la
1157 1556 209 50 galerie
1309 1556 209 50 droite,
1441 1556 171 50 aujour-

324 1606 163 49 d’hui
433 1606 236 49 détruite,
614 1606 109 49 et
669 1606 145 49 dont
760 1606 127 49 une
832 1606 182 49 partie
959 1606 145 49 sert
1050 1606 109 49 de
1105 1606 145 49 cage
1195 1606 91 49 à
1232 1606 254 49 l’escalier
1413 1606 200 49 d’honneur

324 1648 112 49 du
380 1648 186 49 Sénat,
511 1648 93 49 —
548 1648 112 49 et
604 1648 149 49 puis
697 1648 224 49 répartis
865 1648 149 49 dans
958 1648 205 49 l’autre
1107 1648 205 49 galerie
1256 1648 261 49 parallèle,
1442 1648 168 49 aujour-

322 1683 176 45 d’hui
440 1683 215 45 remplie
596 1683 137 45 par
674 1683 137 45 nos
752 1683 215 45 grandes
909 1683 195 45 toiles
1045 1683 254 45 modernes,
1241 1683 117 45 et
1299 1683 156 45 dans
1397 1683 137 45 les
1456 1683 156 45 vastes

323 1720 327 61 appartements
589 1720 368 61 intermédiaires
896 1720 123 61 de
957 1720 123 61 la
1018 1720 164 61 feue
1121 1720 205 61 reine,
1264 1720 143 61 une
1346 1720 246 61 centaine
1510 1720 102 61 des

323 1773 187 48 œuvres
454 1773 131 48 les
529 1773 149 48 plus
622 1773 224 48 célèbres
790 1773 131 48 que
865 1773 224 48 possédât
1032 1773 112 48 la
1088 1773 205 48 France,
1238 1773 112 48 de
1294 1773 224 48 Raphaël,
1462 1773 112 48 du
1499 1773 112 48 Cor-

323 1801 173 63 rège,
438 1801 211 63 d’André
592 1801 134 63 del
668 1801 192 63 Sarte,
803 1801 115 63 du
860 1801 211 63 Titien,
1014 1801 115 63 de
1071 1801 154 63 Paul
1167 1801 250 63 Véronèse,
1359 1801 115 63 du
1398 1801 211 63 Caravage,

322 1859 117 39 du
380 1859 234 39 Poussin,
555 1859 117 39 de
614 1859 214 39 Claude,
769 1859 117 39 de
828 1859 214 39 Rubens,
984 1859 117 39 de
1042 1859 253 39 Van-Dyck,
1237 1859 117 39 de
1295 1859 273 39 Rembrandt,
1490 1859 117 39 etc.

322 1888 212 49 Joignez
476 1888 96 49 à
514 1888 154 49 cela
610 1888 231 49 certains
783 1888 231 49 superbes
956 1888 212 49 dessins
1110 1888 115 49 de
1168 1888 212 49 Raphaël
1322 1888 115 49 et
1379 1888 115 49 du
1418 1888 192 49 Poussin,

323 1936 223 64 lesquels
491 1936 112 64 ne
547 1936 261 64 rentrèrent
752 1936 149 64 dans
845 1936 130 64 les
919 1936 317 64 portefeuilles
1180 1936 130 64 que
1254 1936 205 64 dévorés
1403 1936 130 64 par
1478 1936 130 64 une
1534 1936 74 64 si

324 1977 192 62 longue
439 1977 249 62 exposition.

364 2007 153 73 Dans
460 2007 134 73 les
536 2007 230 73 derniers
708 2007 172 73 jours
823 2007 115 73 de
881 2007 172 73 1779,
996 2007 115 73 le
1053 2007 268 73 Luxembourg
1263 2007 134 73 fut
1340 2007 172 73 donné
1455 2007 115 73 en
1493 2007 115 73 apa-

322 2068 149 55 nage
416 2068 93 55 à
453 2068 242 55 Monsieur,
639 2068 168 55 comte
751 2068 112 55 de
807 2068 242 55 Provence,
993 2068 112 55 et
1049 2068 149 55 l’on
1142 2068 186 55 retira
1273 2068 112 55 du
1329 2068 186 55 palais
1459 2068 112 55 le
1496 2068 112 55 bien

323 2104 109 57 du
377 2104 145 57 Roi,
468 2104 290 57 c’est-à-dire
704 2104 127 57 les
776 2104 218 57 tableaux
940 2104 109 57 de
994 2104 127 57 son
1067 2104 200 57 Cabinet
1212 2104 109 57 et
1266 2104 127 57 les
1339 2104 200 57 grandes
1466 2104 145 57 toiles

323 2150 113 55 de
380 2150 208 55 Rubens;
531 2150 113 55 on
588 2150 132 55 les
663 2150 208 55 destina
814 2150 227 55 dès-lors
984 2150 113 55 «à
1041 2150 170 55 faire
1155 2150 189 55 partie
1287 2150 113 55 de
1343 2150 113 55 la
1381 2150 227 55 collection

321 2196 145 64 qui
404 2196 269 64 enrichira
611 2196 124 64 le
673 2196 207 64 Muséum
818 2196 124 64 du
860 2196 207 64 Louvre.»

365 2241 172 57 Vingt
480 2241 134 57 ans
556 2241 115 57 se
614 2241 230 57 passent;
786 2241 115 57 le
843 2241 211 57 palais,
997 2241 172 57 tombé
1111 2241 115 57 en
1169 2241 191 57 pleine
1303 2241 306 57 dégradation,
1532 2241 77 57 se

321 2287 221 48 restaura
486 2287 202 48 d’abord
633 2287 147 48 pour
726 2287 110 48 le
781 2287 276 48 Directoire,
1002 2287 147 48 puis
1094 2287 147 48 pour
1186 2287 110 48 le
1241 2287 184 48 Sénat.
1351 2287 258 48 L’architecte

323 2326 241 52 Chalgrin
504 2326 241 52 n’acheva
685 2326 141 52 ses
765 2326 221 52 travaux
926 2326 181 52 qu’en
1046 2326 181 52 1804;
1167 2326 161 52 mais
1267 2326 141 52 dès
1348 2326 181 52 1801,
1468 2326 141 52 sur
1529 2326 80 52 la

321 2368 218 55 demande
480 2368 139 55 des
559 2368 238 55 préteurs
737 2368 119 55 du
797 2368 198 55 Sénat,
935 2368 238 55 Chaptal,
1114 2368 238 55 ministre
1292 2368 119 55 de
1332 2368 277 55 l’intérieur,

322 2409 192 52 décida
456 2409 115 52 la
514 2409 230 52 création
686 2409 115 52 du
744 2409 173 52 Musée
859 2409 115 52 du
916 2409 288 52 Luxembourg,
1147 2409 115 52 et
1204 2409 134 52 «le
1281 2409 115 52 18
1338 2409 211 52 janvier
1473 2409 134 52 1802,

323 2446 117 57 J.
381 2446 214 57 Naigeon
537 2446 117 57 en
595 2446 136 57 fut
673 2446 175 57 nommé
790 2446 331 57 conservateur,
1063 2446 156 57 avec
1160 2446 214 57 mission
1316 2446 117 57 de
1355 2446 253 57 l’organiser

323 2490 115 61 et
380 2490 115 61 de
438 2490 173 61 faire
553 2490 250 61 restaurer
745 2490 134 61 les
822 2490 250 61 peintures
1014 2490 115 61 en
1071 2490 211 61 mauvais
1225 2490 173 61 état.
1340 2490 211 61 Naigeon
1475 2490 134 61 avait

321 2547 178 55 rendu
440 2547 119 55 de
499 2547 198 55 grands
637 2547 237 55 services
815 2547 178 55 comme
934 2547 198 55 membre
1072 2547 119 55 de
1132 2547 119 55 la
1191 2547 277 55 commission
1408 2547 138 55 des
1468 2547 138 55 arts,
