2833.0708661417325 4924.4094488188975
206.29921259842519 34.645669291338585 222.04724409448818 107.08661417322834 E

456.6929133858268 505.51181102362204 166.9291338582677 86.61417322834646 VI

576.3779527559055 612.5984251968504 177.95275590551182 100.78740157480316 M.
666.1417322834645 612.5984251968504 327.5590551181102 100.78740157480316 Villot,
903.9370078740158 612.5984251968504 177.95275590551182 100.78740157480316 en
993.7007874015748 612.5984251968504 237.79527559055117 100.78740157480316 tête
1141.732283464567 612.5984251968504 177.95275590551182 100.78740157480316 du
1231.4960629921259 612.5984251968504 387.40157480314963 100.78740157480316 Catalogue
1529.1338582677165 612.5984251968504 267.7165354330709 100.78740157480316 qu’il
1707.0866141732283 612.5984251968504 148.03149606299212 100.78740157480316 a
1766.9291338582677 612.5984251968504 267.7165354330709 100.78740157480316 donné
1944.8818897637796 612.5984251968504 207.8740157480315 100.78740157480316 des
2064.566929133858 612.5984251968504 267.7165354330709 100.78740157480316 trois
2212.5984251968503 612.5984251968504 327.5590551181102 100.78740157480316 dernières

510.23622047244095 697.6377952755905 475.59055118110234 69.29133858267717 expositions
889.7637795275591 697.6377952755905 190.5511811023622 69.29133858267717 du
985.8267716535433 697.6377952755905 285.03937007874015 69.29133858267717 Musée
1174.8031496062993 697.6377952755905 190.5511811023622 69.29133858267717 du
1270.8661417322835 697.6377952755905 475.59055118110234 69.29133858267717 Luxembourg,
1650.3937007874015 697.6377952755905 159.0551181102362 69.29133858267717 a
1713.3858267716535 697.6377952755905 379.5275590551181 69.29133858267717 raconté,
1998.4251968503936 697.6377952755905 253.54330708661416 69.29133858267717 dans
2157.48031496063 697.6377952755905 222.04724409448818 69.29133858267717 une
2251.968503937008 697.6377952755905 285.03937007874015 69.29133858267717 savante

516.5354330708661 760.6299212598425 477.1653543307087 75.59055118110236 introduction,
908.6614173228346 760.6299212598425 392.12598425196853 75.59055118110236 l’histoire
1217.3228346456692 760.6299212598425 196.8503937007874 75.59055118110236 des
1329.1338582677165 760.6299212598425 337.00787401574803 75.59055118110236 diverses
1582.6771653543308 760.6299212598425 420.4724409448819 75.59055118110236 collections
1918.1102362204724 760.6299212598425 168.50393700787401 75.59055118110236 de
2003.1496062992126 760.6299212598425 337.00787401574803 75.59055118110236 tableaux
2255.1181102362207 760.6299212598425 196.8503937007874 75.59055118110236 qui
2338.582677165354 760.6299212598425 196.8503937007874 75.59055118110236 occu-

511.81102362204723 826.7716535433071 327.5590551181102 72.44094488188976 pèrent,
751.1811023622047 826.7716535433071 297.6377952755906 72.44094488188976 depuis
959.0551181102362 826.7716535433071 267.7165354330709 72.44094488188976 1750,
1138.5826771653544 826.7716535433071 209.4488188976378 72.44094488188976 les
1258.267716535433 826.7716535433071 477.1653543307087 72.44094488188976 appartements
1645.6692913385828 826.7716535433071 179.5275590551181 72.44094488188976 du
1735.4330708661416 826.7716535433071 327.5590551181102 72.44094488188976 palais.
1973.2283464566929 826.7716535433071 179.5275590551181 72.44094488188976 Il
2062.9921259842517 826.7716535433071 149.60629921259843 72.44094488188976 a
2122.834645669291 826.7716535433071 387.40157480314963 72.44094488188976 recueilli
2390.551181102362 826.7716535433071 149.60629921259843 72.44094488188976 les

511.81102362204723 888.1889763779527 466.1417322834646 70.86614173228347 témoignages
885.0393700787401 888.1889763779527 529.1338582677165 70.86614173228347 contemporains
1321.259842519685 888.1889763779527 217.3228346456693 70.86614173228347 sur
1445.6692913385828 888.1889763779527 187.4015748031496 70.86614173228347 ce
1538.5826771653544 888.1889763779527 280.31496062992125 70.86614173228347 grand
1725.984251968504 888.1889763779527 404.7244094488189 70.86614173228347 événement
2036.2204724409448 888.1889763779527 217.3228346456693 70.86614173228347 des
2160.6299212598424 888.1889763779527 248.8188976377953 70.86614173228347 plus
2285.0393700787404 888.1889763779527 248.8188976377953 70.86614173228347 fameux

513.3858267716536 951.1811023622047 355.90551181102364 91.33858267716535 tableaux
781.1023622047244 951.1811023622047 177.95275590551182 91.33858267716535 du
869.2913385826772 951.1811023622047 325.98425196850394 91.33858267716535 Cabinet
1107.0866141732283 951.1811023622047 177.95275590551182 91.33858267716535 du
1195.275590551181 951.1811023622047 237.79527559055117 91.33858267716535 Roi,
1344.8818897637796 951.1811023622047 296.06299212598424 91.33858267716535 livrés
1551.1811023622047 951.1811023622047 237.79527559055117 91.33858267716535 pour
1700.7874015748032 951.1811023622047 177.95275590551182 91.33858267716535 la
1788.976377952756 951.1811023622047 355.90551181102364 91.33858267716535 première
2056.6929133858266 951.1811023622047 237.79527559055117 91.33858267716535 fois
2204.7244094488187 951.1811023622047 177.95275590551182 91.33858267716535 au
2262.9921259842517 951.1811023622047 267.7165354330709 91.33858267716535 publie,

511.81102362204723 1025.1968503937007 181.10236220472441 64.56692913385827 et
601.5748031496063 1025.1968503937007 211.0236220472441 64.56692913385827 qui
722.8346456692914 1025.1968503937007 211.0236220472441 64.56692913385827 fut
844.0944881889764 1025.1968503937007 181.10236220472441 64.56692913385827 le
933.8582677165355 1025.1968503937007 362.20472440944883 64.56692913385827 précieux
1206.2992125984251 1025.1968503937007 272.4409448818898 64.56692913385827 point
1387.4015748031495 1025.1968503937007 181.10236220472441 64.56692913385827 de
1477.1653543307086 1025.1968503937007 302.3622047244094 64.56692913385827 départ
1688.1889763779527 1025.1968503937007 181.10236220472441 64.56692913385827 de
1779.5275590551182 1025.1968503937007 272.4409448818898 64.56692913385827 notre
1960.6299212598426 1025.1968503937007 332.2834645669291 64.56692913385827 galerie
2171.6535433070867 1025.1968503937007 362.20472440944883 64.56692913385827 nationale.

514.9606299212599 1085.0393700787401 318.1102362204724 70.86614173228347 L’idée,
746.4566929133858 1085.0393700787401 261.4173228346457 70.86614173228347 toute
919.6850393700787 1085.0393700787401 289.76377952755905 70.86614173228347 simple
1122.8346456692914 1085.0393700787401 318.1102362204724 70.86614173228347 qu’elle
1354.3307086614172 1085.0393700787401 231.49606299212599 70.86614173228347 nous
1499.2125984251968 1085.0393700787401 289.76377952755905 70.86614173228347 puisse
1702.3622047244094 1085.0393700787401 318.1102362204724 70.86614173228347 sembler
1933.8582677165355 1085.0393700787401 462.99212598425197 70.86614173228347 aujourd’hui,
2281.8897637795276 1085.0393700787401 261.4173228346457 70.86614173228347 apparut

505.51181102362204 1152.755905511811 412.59842519685037 77.16535433070867 justement
823.6220472440945 1152.755905511811 286.61417322834643 77.16535433070867 alors
1014.1732283464567 1152.755905511811 412.59842519685037 77.16535433070867 tellement
1332.283464566929 1152.755905511811 381.1023622047244 77.16535433070867 heureuse
1617.3228346456692 1152.755905511811 190.5511811023622 77.16535433070867 et
1713.3858267716535 1152.755905511811 412.59842519685037 77.16535433070867 tellement
2031.4960629921259 1152.755905511811 349.6062992125984 77.16535433070867 féconde
2285.0393700787404 1152.755905511811 255.11811023622047 77.16535433070867 pour
2412.5984251968503 1152.755905511811 127.55905511811024 77.16535433070867 le

505.51181102362204 1228.3464566929133 355.90551181102364 122.83464566929133 progrès
763.7795275590552 1228.3464566929133 226.77165354330708 122.83464566929133 des
892.9133858267717 1228.3464566929133 291.33858267716533 122.83464566929133 arts,
1086.6141732283465 1228.3464566929133 226.77165354330708 122.83464566929133 que
1215.748031496063 1228.3464566929133 322.8346456692913 122.83464566929133 chacun
1440.9448818897638 1228.3464566929133 193.70078740157481 122.83464566929133 en
1538.5826771653544 1228.3464566929133 451.9685039370079 122.83464566929133 revendiqua
1892.9133858267717 1228.3464566929133 451.9685039370079 122.83464566929133 l’honneur,
2248.818897637795 1228.3464566929133 193.70078740157481 122.83464566929133 et
2344.8818897637793 1228.3464566929133 193.70078740157481 122.83464566929133 M.
2409.448818897638 1228.3464566929133 129.13385826771653 122.83464566929133 de

555.9055118110236 1283.4645669291338 366.92913385826773 80.31496062992126 ournehem
829.9212598425197 1283.4645669291338 182.6771653543307 80.31496062992126 et
921.2598425196851 1283.4645669291338 182.6771653543307 80.31496062992126 M.
1014.1732283464567 1283.4645669291338 182.6771653543307 80.31496062992126 de
1105.5118110236222 1283.4645669291338 335.43307086614175 80.31496062992126 Marigny
1349.6062992125985 1283.4645669291338 182.6771653543307 80.31496062992126 la
1440.9448818897638 1283.4645669291338 458.26771653543307 80.31496062992126 disputèrent
1807.8740157480315 1283.4645669291338 152.75590551181102 80.31496062992126 à
1869.291338582677 1283.4645669291338 182.6771653543307 80.31496062992126 un
1960.6299212598426 1283.4645669291338 396.8503937007874 80.31496062992126 ingénieux
2236.220472440945 1283.4645669291338 305.51181102362204 80.31496062992126 critique

508.66141732283467 1346.4566929133857 184.251968503937 86.61417322834646 de
601.5748031496063 1346.4566929133857 338.5826771653543 86.61417322834646 salons,
847.2440944881889 1346.4566929133857 184.251968503937 86.61417322834646 La
940.1574803149606 1346.4566929133857 245.66929133858267 86.61417322834646 Font
1092.9133858267717 1346.4566929133857 184.251968503937 86.61417322834646 de
1185.8267716535433 1346.4566929133857 491.33858267716533 86.61417322834646 Saint-Yenne,
1585.8267716535433 1346.4566929133857 215.748031496063 86.61417322834646 qui
1708.6614173228347 1346.4566929133857 338.5826771653543 86.61417322834646 l’avait
1954.3307086614172 1346.4566929133857 400.0 86.61417322834646 produite,
2261.417322834646 1346.4566929133857 184.251968503937 86.61417322834646 en
2322.834645669291 1346.4566929133857 215.748031496063 86.61417322834646 1747,

507.0866141732283 1415.748031496063 228.3464566929134 77.16535433070867 dans
650.3937007874016 1415.748031496063 200.0 77.16535433070867 ses
763.7795275590552 1415.748031496063 486.61417322834643 77.16535433070867 Réflexions
1165.3543307086613 1415.748031496063 200.0 77.16535433070867 sur
1280.3149606299212 1415.748031496063 343.3070866141732 77.16535433070867 quelques
1538.5826771653544 1415.748031496063 286.61417322834643 77.16535433070867 causes
1738.5826771653544 1415.748031496063 171.6535433070866 77.16535433070867 de
1823.6220472440946 1415.748031496063 286.61417322834643 77.16535433070867 l’état
2025.1968503937007 1415.748031496063 314.96062992125985 77.16535433070867 présent
2253.5433070866143 1415.748031496063 171.6535433070866 77.16535433070867 de
2311.8110236220473 1415.748031496063 228.3464566929134 77.16535433070867 lu

508.66141732283467 1477.1653543307086 417.3228346456693 83.46456692913385 peinture
842.5196850393701 1477.1653543307086 166.9291338582677 83.46456692913385 en
925.9842519685039 1477.1653543307086 417.3228346456693 83.46456692913385 France
1259.8425196850394 1477.1653543307086 166.9291338582677 83.46456692913385 On
1343.3070866141732 1477.1653543307086 138.58267716535434 83.46456692913385 a
1398.4251968503936 1477.1653543307086 222.04724409448818 83.46456692913385 même
1538.5826771653544 1477.1653543307086 222.04724409448818 83.46456692913385 fait
1677.1653543307086 1477.1653543307086 333.8582677165354 83.46456692913385 remonter
1927.5590551181103 1477.1653543307086 444.09448818897636 83.46456692913385 l’initiative
2288.1889763779527 1477.1653543307086 166.9291338582677 83.46456692913385 de
2343.3070866141734 1477.1653543307086 195.2755905511811 83.46456692913385 cette

510.23622047244095 1548.0314960629921 264.56692913385825 70.86614173228347 noble
686.6141732283464 1548.0314960629921 294.48818897637796 70.86614173228347 pensée
892.9133858267717 1548.0314960629921 146.45669291338584 70.86614173228347 à
951.1811023622047 1548.0314960629921 176.3779527559055 70.86614173228347 la
1039.3700787401574 1548.0314960629921 234.64566929133858 70.86614173228347 sœur
1187.4015748031495 1548.0314960629921 176.3779527559055 70.86614173228347 de
1275.5905511811025 1548.0314960629921 176.3779527559055 70.86614173228347 M.
1363.7795275590552 1548.0314960629921 176.3779527559055 70.86614173228347 de
1451.9685039370079 1548.0314960629921 352.755905511811 70.86614173228347 Marigny,
1714.9606299212599 1548.0314960629921 176.3779527559055 70.86614173228347 la
1803.1496062992126 1548.0314960629921 264.56692913385825 70.86614173228347 toute
1979.5275590551182 1548.0314960629921 382.6771653543307 70.86614173228347 puissante
2244.0944881889764 1548.0314960629921 294.48818897637796 70.86614173228347 marquise

507.0866141732283 1609.4488188976377 187.4015748031496 83.46456692913385 de
601.5748031496063 1609.4488188976377 436.2204724409449 83.46456692913385 Pompadour;
944.8818897637796 1609.4488188976377 311.81102362204723 83.46456692913385 pleine
1162.2047244094488 1609.4488188976377 436.2204724409449 83.46456692913385 d’ambition
1505.5118110236222 1609.4488188976377 250.39370078740157 83.46456692913385 pour
1661.4173228346456 1609.4488188976377 218.89763779527559 83.46456692913385 les
1787.4015748031495 1609.4488188976377 250.39370078740157 83.46456692913385 arts
1943.3070866141732 1609.4488188976377 343.3070866141732 83.46456692913385 qu’elle
2160.6299212598424 1609.4488188976377 374.8031496062992 83.46456692913385 cultivait,

511.81102362204723 1672.4409448818897 203.1496062992126 74.01574803149606 Mme
626.7716535433071 1672.4409448818897 173.22834645669292 74.01574803149606 de
713.3858267716536 1672.4409448818897 376.37795275590554 74.01574803149606 Pompadour
1003.1496062992126 1672.4409448818897 376.37795275590554 74.01574803149606 pourrait,
1292.9133858267717 1672.4409448818897 173.22834645669292 74.01574803149606 en
1379.5275590551182 1672.4409448818897 289.76377952755905 74.01574803149606 effet,
1582.6771653543308 1672.4409448818897 261.4173228346457 74.01574803149606 avoir
1755.9055118110236 1672.4409448818897 203.1496062992126 74.01574803149606 été
1872.4409448818897 1672.4409448818897 173.22834645669292 74.01574803149606 le
1959.0551181102362 1672.4409448818897 376.37795275590554 74.01574803149606 véritable
2220.472440944882 1672.4409448818897 318.1102362204724 74.01574803149606 promoteur

510.23622047244095 1725.984251968504 261.4173228346457 96.06299212598425 d’une
683.4645669291339 1725.984251968504 231.49606299212599 96.06299212598425 idée
828.3464566929134 1725.984251968504 376.37795275590554 96.06299212598425 populaire
1118.1102362204724 1725.984251968504 261.4173228346457 96.06299212598425 parmi
1291.3385826771653 1725.984251968504 203.1496062992126 96.06299212598425 les
1407.8740157480315 1725.984251968504 376.37795275590554 96.06299212598425 artistes,
1697.6377952755906 1725.984251968504 173.22834645669292 96.06299212598425 et
1784.251968503937 1725.984251968504 203.1496062992126 96.06299212598425 qui
1899.2125984251968 1725.984251968504 492.9133858267717 96.06299212598425 s’accommodait
2305.511811023622 1725.984251968504 173.22834645669292 96.06299212598425 si
2363.779527559055 1725.984251968504 173.22834645669292 96.06299212598425 bien

510.23622047244095 1823.6220472440946 244.09448818897638 86.61417322834646 avec
662.992125984252 1823.6220472440946 214.17322834645668 86.61417322834646 ses
784.2519685039371 1823.6220472440946 305.51181102362204 86.61417322834646 grands
998.4251968503937 1823.6220472440946 337.00787401574803 86.61417322834646 projets
1244.0944881889764 1823.6220472440946 489.76377952755905 86.61417322834646 d’achèvement
1640.9448818897638 1823.6220472440946 184.251968503937 86.61417322834646 du
1702.3622047244094 1823.6220472440946 275.59055118110234 86.61417322834646 Louvre.

573.2283464566929 1855.1181102362204 242.51968503937007 113.38582677165354 Mais
724.4094488188977 1855.1181102362204 181.10236220472441 113.38582677165354 il
815.7480314960629 1855.1181102362204 302.3622047244094 113.38582677165354 fallut
1026.7716535433071 1855.1181102362204 363.7795275590551 113.38582677165354 quarante
1299.2125984251968 1855.1181102362204 212.5984251968504 113.38582677165354 ans
1420.4724409448818 1855.1181102362204 302.3622047244094 113.38582677165354 encore
1631.4960629921259 1855.1181102362204 242.51968503937007 113.38582677165354 pour
1784.251968503937 1855.1181102362204 212.5984251968504 113.38582677165354 que
1903.9370078740158 1855.1181102362204 181.10236220472441 113.38582677165354 le
1995.275590551181 1855.1181102362204 302.3622047244094 113.38582677165354 Louvre
2207.8740157480315 1855.1181102362204 212.5984251968504 113.38582677165354 fût
2327.5590551181103 1855.1181102362204 242.51968503937007 113.38582677165354 prêt
2448.818897637795 1855.1181102362204 91.33858267716535 113.38582677165354 à

510.23622047244095 1957.4803149606298 352.755905511811 77.16535433070867 recevoir
774.8031496062993 1957.4803149606298 206.29921259842519 77.16535433070867 les
892.9133858267717 1957.4803149606298 499.21259842519686 77.16535433070867 chefs-d’œuvre
1303.9370078740158 1957.4803149606298 176.3779527559055 77.16535433070867 du
1392.1259842519685 1957.4803149606298 322.8346456692913 77.16535433070867 Cabinet
1626.7716535433071 1957.4803149606298 176.3779527559055 77.16535433070867 du
1714.9606299212599 1957.4803149606298 234.64566929133858 77.16535433070867 Roi,
1862.992125984252 1957.4803149606298 176.3779527559055 77.16535433070867 et
1951.1811023622047 1957.4803149606298 382.6771653543307 77.16535433070867 jusque-là
2244.0944881889764 1957.4803149606298 176.3779527559055 77.16535433070867 ce
2332.283464566929 1957.4803149606298 206.29921259842519 77.16535433070867 fut
2420.472440944882 1957.4803149606298 118.11023622047244 77.16535433070867 le

508.66141732283467 2020.4724409448818 431.496062992126 75.59055118110236 Luxembourg
847.2440944881889 2020.4724409448818 215.748031496063 75.59055118110236 qui
971.6535433070866 2020.4724409448818 245.66929133858267 75.59055118110236 leur
1124.4094488188975 2020.4724409448818 277.1653543307087 75.59055118110236 livra
1308.6614173228347 2020.4724409448818 215.748031496063 75.59055118110236 ses
1433.0708661417323 2020.4724409448818 368.503937007874 75.59055118110236 galeries
1708.6614173228347 2020.4724409448818 184.251968503937 75.59055118110236 et
1801.5748031496064 2020.4724409448818 215.748031496063 75.59055118110236 ses
1924.4094488188975 2020.4724409448818 492.9133858267717 75.59055118110236 appartements
2294.488188976378 2020.4724409448818 245.66929133858267 75.59055118110236 restés

503.93700787401576 2074.015748031496 395.2755905511811 119.68503937007874 inoccupés
806.2992125984252 2074.015748031496 303.93700787401576 119.68503937007874 depuis
1018.8976377952756 2074.015748031496 182.6771653543307 119.68503937007874 la
1110.236220472441 2074.015748031496 272.4409448818898 119.68503937007874 mort,
1292.9133858267717 2074.015748031496 182.6771653543307 119.68503937007874 en
1384.251968503937 2074.015748031496 272.4409448818898 119.68503937007874 1742,
1565.3543307086613 2074.015748031496 182.6771653543307 119.68503937007874 de
1656.6929133858268 2074.015748031496 182.6771653543307 119.68503937007874 la
1748.0314960629921 2074.015748031496 272.4409448818898 119.68503937007874 reine
1930.708661417323 2074.015748031496 425.1968503937008 119.68503937007874 d’Espagne,
2264.566929133858 2074.015748031496 272.4409448818898 119.68503937007874 fille
2415.748031496063 2074.015748031496 121.25984251968504 119.68503937007874 du

464.56692913385825 2154.3307086614172 313.38582677165357 96.06299212598425 Régent.

574.8031496062993 2239.3700787401576 313.38582677165357 102.36220472440945 Pendant
803.1496062992126 2239.3700787401576 200.0 102.36220472440945 les
916.5354330708661 2239.3700787401576 285.03937007874015 102.36220472440945 trente
1116.5354330708662 2239.3700787401576 313.38582677165357 102.36220472440945 années,
1343.3070866141732 2239.3700787401576 171.6535433070866 102.36220472440945 de
1429.9212598425197 2239.3700787401576 228.3464566929134 102.36220472440945 1750
1571.6535433070867 2239.3700787401576 141.73228346456693 102.36220472440945 à
1628.3464566929133 2239.3700787401576 256.6929133858268 102.36220472440945 1780,
1800.0 2239.3700787401576 200.0 102.36220472440945 les
1913.3858267716535 2239.3700787401576 313.38582677165357 102.36220472440945 curieux
2141.732283464567 2239.3700787401576 171.6535433070866 102.36220472440945 et
2226.771653543307 2239.3700787401576 200.0 102.36220472440945 les
2311.8110236220473 2239.3700787401576 228.3464566929134 102.36220472440945 étran-

508.66141732283467 2333.8582677165355 261.4173228346457 77.16535433070867 gers
672.4409448818898 2333.8582677165355 327.5590551181102 77.16535433070867 purent
900.7874015748032 2333.8582677165355 359.0551181102362 77.16535433070867 admirer
1163.7795275590552 2333.8582677165355 196.8503937007874 77.16535433070867 et
1261.4173228346456 2333.8582677165355 359.0551181102362 77.16535433070867 étudier
1522.8346456692914 2333.8582677165355 425.1968503937008 77.16535433070867 librement
1850.3937007874015 2333.8582677165355 261.4173228346457 77.16535433070867 dans
2014.1732283464567 2333.8582677165355 196.8503937007874 77.16535433070867 le
2111.8110236220473 2333.8582677165355 261.4173228346457 77.16535433070867 même
2242.51968503937 2333.8582677165355 294.48818897637796 77.16535433070867 palais,

508.66141732283467 2412.5984251968503 155.90551181102362 58.267716535433074 —
571.6535433070866 2412.5984251968503 562.2047244094488 58.267716535433074 l’incomparable
1040.9448818897638 2412.5984251968503 281.8897637795276 58.267716535433074 série
1228.3464566929133 2412.5984251968503 187.4015748031496 58.267716535433074 de
1321.259842519685 2412.5984251968503 311.81102362204723 58.267716535433074 Rubens
1540.1574803149606 2412.5984251968503 500.78740157480314 58.267716535433074 représentant
1946.4566929133857 2412.5984251968503 187.4015748031496 58.267716535433074 la
2040.9448818897638 2412.5984251968503 218.89763779527559 58.267716535433074 vie
2165.3543307086616 2412.5984251968503 187.4015748031496 58.267716535433074 de
2258.267716535433 2412.5984251968503 281.8897637795276 58.267716535433074 Marie
2415.748031496063 2412.5984251968503 124.40944881889764 58.267716535433074 de

508.66141732283467 2450.3937007874015 357.4803149606299 78.74015748031496 Médicis,
777.9527559055118 2450.3937007874015 179.5275590551181 78.74015748031496 et
867.7165354330708 2450.3937007874015 387.40157480314963 78.74015748031496 décorant,
1165.3543307086613 2450.3937007874015 269.29133858267716 78.74015748031496 comme
1344.8818897637796 2450.3937007874015 299.21259842519686 78.74015748031496 chacun
1552.755905511811 2450.3937007874015 269.29133858267716 78.74015748031496 sait,
1732.283464566929 2450.3937007874015 179.5275590551181 78.74015748031496 la
1822.0472440944882 2450.3937007874015 329.13385826771656 78.74015748031496 galerie
2061.417322834646 2450.3937007874015 329.13385826771656 78.74015748031496 droite,
2269.2913385826773 2450.3937007874015 269.29133858267716 78.74015748031496 aujour-

510.23622047244095 2529.1338582677167 256.6929133858268 77.16535433070867 d’hui
681.8897637795276 2529.1338582677167 371.65354330708664 77.16535433070867 détruite,
966.9291338582677 2529.1338582677167 171.6535433070866 77.16535433070867 et
1053.5433070866143 2529.1338582677167 228.3464566929134 77.16535433070867 dont
1196.8503937007874 2529.1338582677167 200.0 77.16535433070867 une
1310.236220472441 2529.1338582677167 286.61417322834643 77.16535433070867 partie
1510.236220472441 2529.1338582677167 228.3464566929134 77.16535433070867 sert
1653.5433070866143 2529.1338582677167 171.6535433070866 77.16535433070867 de
1740.1574803149606 2529.1338582677167 228.3464566929134 77.16535433070867 cage
1881.8897637795276 2529.1338582677167 143.30708661417322 77.16535433070867 à
1940.1574803149606 2529.1338582677167 400.0 77.16535433070867 l’escalier
2225.196850393701 2529.1338582677167 314.96062992125985 77.16535433070867 d’honneur

510.23622047244095 2595.2755905511813 176.3779527559055 77.16535433070867 du
598.4251968503937 2595.2755905511813 292.9133858267717 77.16535433070867 Sénat,
804.7244094488188 2595.2755905511813 146.45669291338584 77.16535433070867 —
862.992125984252 2595.2755905511813 176.3779527559055 77.16535433070867 et
951.1811023622047 2595.2755905511813 234.64566929133858 77.16535433070867 puis
1097.6377952755906 2595.2755905511813 352.755905511811 77.16535433070867 répartis
1362.2047244094488 2595.2755905511813 234.64566929133858 77.16535433070867 dans
1508.6614173228347 2595.2755905511813 322.8346456692913 77.16535433070867 l’autre
1743.3070866141732 2595.2755905511813 322.8346456692913 77.16535433070867 galerie
1977.9527559055118 2595.2755905511813 411.0236220472441 77.16535433070867 parallèle,
2270.8661417322833 2595.2755905511813 264.56692913385825 77.16535433070867 aujour-

507.0866141732283 2650.3937007874015 277.1653543307087 70.86614173228347 d’hui
692.9133858267717 2650.3937007874015 338.5826771653543 70.86614173228347 remplie
938.5826771653543 2650.3937007874015 215.748031496063 70.86614173228347 par
1061.4173228346456 2650.3937007874015 215.748031496063 70.86614173228347 nos
1184.251968503937 2650.3937007874015 338.5826771653543 70.86614173228347 grandes
1431.4960629921259 2650.3937007874015 307.0866141732283 70.86614173228347 toiles
1645.6692913385828 2650.3937007874015 400.0 70.86614173228347 modernes,
1954.3307086614172 2650.3937007874015 184.251968503937 70.86614173228347 et
2045.6692913385828 2650.3937007874015 245.66929133858267 70.86614173228347 dans
2200.0 2650.3937007874015 215.748031496063 70.86614173228347 les
2292.9133858267714 2650.3937007874015 245.66929133858267 70.86614173228347 vastes

508.66141732283467 2708.6614173228345 514.9606299212599 96.06299212598425 appartements
927.5590551181102 2708.6614173228345 579.5275590551181 96.06299212598425 intermédiaires
1411.023622047244 2708.6614173228345 193.70078740157481 96.06299212598425 de
1507.0866141732283 2708.6614173228345 193.70078740157481 96.06299212598425 la
1603.1496062992126 2708.6614173228345 258.26771653543307 96.06299212598425 feue
1765.3543307086613 2708.6614173228345 322.8346456692913 96.06299212598425 reine,
1990.5511811023623 2708.6614173228345 225.1968503937008 96.06299212598425 une
2119.685039370079 2708.6614173228345 387.40157480314963 96.06299212598425 centaine
2377.952755905512 2708.6614173228345 160.62992125984252 96.06299212598425 des

508.66141732283467 2792.1259842519685 294.48818897637796 75.59055118110236 œuvres
714.9606299212599 2792.1259842519685 206.29921259842519 75.59055118110236 les
833.0708661417323 2792.1259842519685 234.64566929133858 75.59055118110236 plus
979.5275590551181 2792.1259842519685 352.755905511811 75.59055118110236 célèbres
1244.0944881889764 2792.1259842519685 206.29921259842519 75.59055118110236 que
1362.2047244094488 2792.1259842519685 352.755905511811 75.59055118110236 possédât
1625.1968503937007 2792.1259842519685 176.3779527559055 75.59055118110236 la
1713.3858267716535 2792.1259842519685 322.8346456692913 75.59055118110236 France,
1949.6062992125985 2792.1259842519685 176.3779527559055 75.59055118110236 de
2037.7952755905512 2792.1259842519685 352.755905511811 75.59055118110236 Raphaël,
2302.3622047244094 2792.1259842519685 176.3779527559055 75.59055118110236 du
2360.6299212598424 2792.1259842519685 176.3779527559055 75.59055118110236 Cor-

508.66141732283467 2836.220472440945 272.4409448818898 99.21259842519684 rège,
689.7637795275591 2836.220472440945 332.2834645669291 99.21259842519684 d’André
932.2834645669292 2836.220472440945 211.0236220472441 99.21259842519684 del
1051.9685039370079 2836.220472440945 302.3622047244094 99.21259842519684 Sarte,
1264.5669291338584 2836.220472440945 181.10236220472441 99.21259842519684 du
1354.3307086614172 2836.220472440945 332.2834645669291 99.21259842519684 Titien,
1596.8503937007874 2836.220472440945 181.10236220472441 99.21259842519684 de
1686.6141732283465 2836.220472440945 242.51968503937007 99.21259842519684 Paul
1837.7952755905512 2836.220472440945 393.7007874015748 99.21259842519684 Véronèse,
2140.1574803149606 2836.220472440945 181.10236220472441 99.21259842519684 du
2201.5748031496064 2836.220472440945 332.2834645669291 99.21259842519684 Caravage,

507.0866141732283 2927.5590551181103 184.251968503937 61.41732283464567 du
598.4251968503937 2927.5590551181103 368.503937007874 61.41732283464567 Poussin,
874.0157480314961 2927.5590551181103 184.251968503937 61.41732283464567 de
966.9291338582677 2927.5590551181103 337.00787401574803 61.41732283464567 Claude,
1211.023622047244 2927.5590551181103 184.251968503937 61.41732283464567 de
1303.9370078740158 2927.5590551181103 337.00787401574803 61.41732283464567 Rubens,
1549.6062992125985 2927.5590551181103 184.251968503937 61.41732283464567 de
1640.9448818897638 2927.5590551181103 398.4251968503937 61.41732283464567 Van-Dyck,
1948.0314960629921 2927.5590551181103 184.251968503937 61.41732283464567 de
2039.3700787401574 2927.5590551181103 429.9212598425197 61.41732283464567 Rembrandt,
2346.4566929133857 2927.5590551181103 184.251968503937 61.41732283464567 etc.

507.0866141732283 2973.228346456693 333.8582677165354 77.16535433070867 Joignez
749.6062992125984 2973.228346456693 151.1811023622047 77.16535433070867 à
809.4488188976378 2973.228346456693 242.51968503937007 77.16535433070867 cela
960.6299212598425 2973.228346456693 363.7795275590551 77.16535433070867 certains
1233.0708661417323 2973.228346456693 363.7795275590551 77.16535433070867 superbes
1505.5118110236222 2973.228346456693 333.8582677165354 77.16535433070867 dessins
1748.0314960629921 2973.228346456693 181.10236220472441 77.16535433070867 de
1839.3700787401574 2973.228346456693 333.8582677165354 77.16535433070867 Raphaël
2081.8897637795276 2973.228346456693 181.10236220472441 77.16535433070867 et
2171.6535433070867 2973.228346456693 181.10236220472441 77.16535433070867 du
2233.0708661417325 2973.228346456693 302.3622047244094 77.16535433070867 Poussin,

508.66141732283467 3048.818897637795 351.18110236220474 100.78740157480316 lesquels
773.2283464566929 3048.818897637795 176.3779527559055 100.78740157480316 ne
861.4173228346457 3048.818897637795 411.0236220472441 100.78740157480316 rentrèrent
1184.251968503937 3048.818897637795 234.64566929133858 100.78740157480316 dans
1330.708661417323 3048.818897637795 204.7244094488189 100.78740157480316 les
1447.244094488189 3048.818897637795 499.21259842519686 100.78740157480316 portefeuilles
1858.267716535433 3048.818897637795 204.7244094488189 100.78740157480316 que
1974.8031496062993 3048.818897637795 322.8346456692913 100.78740157480316 dévorés
2209.448818897638 3048.818897637795 204.7244094488189 100.78740157480316 par
2327.5590551181103 3048.818897637795 204.7244094488189 100.78740157480316 une
2415.748031496063 3048.818897637795 116.53543307086615 100.78740157480316 si

510.23622047244095 3113.3858267716537 302.3622047244094 97.63779527559055 longue
691.3385826771654 3113.3858267716537 392.12598425196853 97.63779527559055 exposition.

573.2283464566929 3160.6299212598424 240.9448818897638 114.96062992125984 Dans
724.4094488188977 3160.6299212598424 211.0236220472441 114.96062992125984 les
844.0944881889764 3160.6299212598424 362.20472440944883 114.96062992125984 derniers
1114.9606299212599 3160.6299212598424 270.86614173228344 114.96062992125984 jours
1296.0629921259842 3160.6299212598424 181.10236220472441 114.96062992125984 de
1387.4015748031495 3160.6299212598424 270.86614173228344 114.96062992125984 1779,
1568.5039370078741 3160.6299212598424 181.10236220472441 114.96062992125984 le
1658.267716535433 3160.6299212598424 422.0472440944882 114.96062992125984 Luxembourg
1988.976377952756 3160.6299212598424 211.0236220472441 114.96062992125984 fut
2110.236220472441 3160.6299212598424 270.86614173228344 114.96062992125984 donné
2291.3385826771655 3160.6299212598424 181.10236220472441 114.96062992125984 en
2351.181102362205 3160.6299212598424 181.10236220472441 114.96062992125984 apa-

507.0866141732283 3256.6929133858266 234.64566929133858 86.61417322834646 nage
655.1181102362204 3256.6929133858266 146.45669291338584 86.61417322834646 à
713.3858267716536 3256.6929133858266 381.1023622047244 86.61417322834646 Monsieur,
1006.2992125984252 3256.6929133858266 264.56692913385825 86.61417322834646 comte
1182.6771653543308 3256.6929133858266 176.3779527559055 86.61417322834646 de
1270.8661417322835 3256.6929133858266 381.1023622047244 86.61417322834646 Provence,
1563.7795275590552 3256.6929133858266 176.3779527559055 86.61417322834646 et
1651.9685039370079 3256.6929133858266 234.64566929133858 86.61417322834646 l’on
1798.4251968503936 3256.6929133858266 292.9133858267717 86.61417322834646 retira
2004.724409448819 3256.6929133858266 176.3779527559055 86.61417322834646 du
2092.9133858267714 3256.6929133858266 292.9133858267717 86.61417322834646 palais
2297.6377952755906 3256.6929133858266 176.3779527559055 86.61417322834646 le
2355.9055118110236 3256.6929133858266 176.3779527559055 86.61417322834646 bien

508.66141732283467 3313.3858267716537 171.6535433070866 89.76377952755905 du
593.7007874015748 3313.3858267716537 228.3464566929134 89.76377952755905 Roi,
737.007874015748 3313.3858267716537 456.6929133858268 89.76377952755905 c’est-à-dire
1108.6614173228347 3313.3858267716537 200.0 89.76377952755905 les
1222.0472440944882 3313.3858267716537 343.3070866141732 89.76377952755905 tableaux
1480.3149606299212 3313.3858267716537 171.6535433070866 89.76377952755905 de
1565.3543307086613 3313.3858267716537 200.0 89.76377952755905 son
1680.3149606299212 3313.3858267716537 314.96062992125985 89.76377952755905 Cabinet
1908.6614173228347 3313.3858267716537 171.6535433070866 89.76377952755905 et
1993.7007874015749 3313.3858267716537 200.0 89.76377952755905 les
2108.6614173228345 3313.3858267716537 314.96062992125985 89.76377952755905 grandes
2308.6614173228345 3313.3858267716537 228.3464566929134 89.76377952755905 toiles

508.66141732283467 3385.8267716535433 177.95275590551182 86.61417322834646 de
598.4251968503937 3385.8267716535433 327.5590551181102 86.61417322834646 Rubens;
836.2204724409448 3385.8267716535433 177.95275590551182 86.61417322834646 on
925.9842519685039 3385.8267716535433 207.8740157480315 86.61417322834646 les
1044.0944881889764 3385.8267716535433 327.5590551181102 86.61417322834646 destina
1281.8897637795276 3385.8267716535433 357.4803149606299 86.61417322834646 dès-lors
1549.6062992125985 3385.8267716535433 177.95275590551182 86.61417322834646 «à
1639.3700787401574 3385.8267716535433 267.7165354330709 86.61417322834646 faire
1818.8976377952756 3385.8267716535433 297.6377952755906 86.61417322834646 partie
2026.7716535433071 3385.8267716535433 177.95275590551182 86.61417322834646 de
2114.9606299212596 3385.8267716535433 177.95275590551182 86.61417322834646 la
2174.803149606299 3385.8267716535433 357.4803149606299 86.61417322834646 collection

505.51181102362204 3458.267716535433 228.3464566929134 100.78740157480316 qui
636.2204724409448 3458.267716535433 423.62204724409446 100.78740157480316 enrichira
962.2047244094488 3458.267716535433 195.2755905511811 100.78740157480316 le
1059.8425196850394 3458.267716535433 325.98425196850394 100.78740157480316 Muséum
1288.1889763779527 3458.267716535433 195.2755905511811 100.78740157480316 du
1354.3307086614172 3458.267716535433 325.98425196850394 100.78740157480316 Louvre.»

574.8031496062993 3529.1338582677167 270.86614173228344 89.76377952755905 Vingt
755.9055118110236 3529.1338582677167 211.0236220472441 89.76377952755905 ans
875.5905511811023 3529.1338582677167 181.10236220472441 89.76377952755905 se
966.9291338582677 3529.1338582677167 362.20472440944883 89.76377952755905 passent;
1237.7952755905512 3529.1338582677167 181.10236220472441 89.76377952755905 le
1327.5590551181103 3529.1338582677167 332.2834645669291 89.76377952755905 palais,
1570.0787401574803 3529.1338582677167 270.86614173228344 89.76377952755905 tombé
1749.6062992125985 3529.1338582677167 181.10236220472441 89.76377952755905 en
1840.9448818897638 3529.1338582677167 300.78740157480314 89.76377952755905 pleine
2051.968503937008 3529.1338582677167 481.8897637795276 89.76377952755905 dégradation,
2412.5984251968503 3529.1338582677167 121.25984251968504 89.76377952755905 se

505.51181102362204 3601.5748031496064 348.0314960629921 75.59055118110236 restaura
765.3543307086615 3601.5748031496064 318.1102362204724 75.59055118110236 d’abord
996.8503937007874 3601.5748031496064 231.49606299212599 75.59055118110236 pour
1143.3070866141732 3601.5748031496064 173.22834645669292 75.59055118110236 le
1229.9212598425197 3601.5748031496064 434.6456692913386 75.59055118110236 Directoire,
1577.9527559055118 3601.5748031496064 231.49606299212599 75.59055118110236 puis
1722.8346456692914 3601.5748031496064 231.49606299212599 75.59055118110236 pour
1867.716535433071 3601.5748031496064 173.22834645669292 75.59055118110236 le
1954.3307086614172 3601.5748031496064 289.76377952755905 75.59055118110236 Sénat.
2127.5590551181103 3601.5748031496064 406.2992125984252 75.59055118110236 L’architecte

508.66141732283467 3662.9921259842517 379.5275590551181 81.88976377952756 Chalgrin
793.7007874015748 3662.9921259842517 379.5275590551181 81.88976377952756 n’acheva
1078.740157480315 3662.9921259842517 222.04724409448818 81.88976377952756 ses
1204.724409448819 3662.9921259842517 348.0314960629921 81.88976377952756 travaux
1458.267716535433 3662.9921259842517 285.03937007874015 81.88976377952756 qu’en
1647.244094488189 3662.9921259842517 285.03937007874015 81.88976377952756 1804;
1837.7952755905512 3662.9921259842517 253.54330708661416 81.88976377952756 mais
1995.275590551181 3662.9921259842517 222.04724409448818 81.88976377952756 dès
2122.834645669291 3662.9921259842517 285.03937007874015 81.88976377952756 1801,
2311.8110236220473 3662.9921259842517 222.04724409448818 81.88976377952756 sur
2407.8740157480315 3662.9921259842517 125.98425196850394 81.88976377952756 la

505.51181102362204 3729.1338582677167 343.3070866141732 86.61417322834646 demande
755.9055118110236 3729.1338582677167 218.89763779527559 86.61417322834646 des
880.3149606299213 3729.1338582677167 374.8031496062992 86.61417322834646 préteurs
1160.6299212598426 3729.1338582677167 187.4015748031496 86.61417322834646 du
1255.1181102362204 3729.1338582677167 311.81102362204723 86.61417322834646 Sénat,
1472.4409448818897 3729.1338582677167 374.8031496062992 86.61417322834646 Chaptal,
1754.3307086614172 3729.1338582677167 374.8031496062992 86.61417322834646 ministre
2034.6456692913387 3729.1338582677167 187.4015748031496 86.61417322834646 de
2097.6377952755906 3729.1338582677167 436.2204724409449 86.61417322834646 l’intérieur,

507.0866141732283 3793.700787401575 302.3622047244094 81.88976377952756 décida
718.1102362204724 3793.700787401575 181.10236220472441 81.88976377952756 la
809.4488188976378 3793.700787401575 362.20472440944883 81.88976377952756 création
1080.3149606299212 3793.700787401575 181.10236220472441 81.88976377952756 du
1171.6535433070867 3793.700787401575 272.4409448818898 81.88976377952756 Musée
1352.755905511811 3793.700787401575 181.10236220472441 81.88976377952756 du
1442.5196850393702 3793.700787401575 453.54330708661416 81.88976377952756 Luxembourg,
1806.2992125984251 3793.700787401575 181.10236220472441 81.88976377952756 et
1896.0629921259842 3793.700787401575 211.0236220472441 81.88976377952756 «le
2017.3228346456692 3793.700787401575 181.10236220472441 81.88976377952756 18
2107.0866141732286 3793.700787401575 332.2834645669291 81.88976377952756 janvier
2319.685039370079 3793.700787401575 211.0236220472441 81.88976377952756 1802,

508.66141732283467 3851.968503937008 184.251968503937 89.76377952755905 J.
600.0 3851.968503937008 337.00787401574803 89.76377952755905 Naigeon
845.6692913385826 3851.968503937008 184.251968503937 89.76377952755905 en
937.007874015748 3851.968503937008 214.17322834645668 89.76377952755905 fut
1059.8425196850394 3851.968503937008 275.59055118110234 89.76377952755905 nommé
1244.0944881889764 3851.968503937008 521.2598425196851 89.76377952755905 conservateur,
1674.015748031496 3851.968503937008 245.66929133858267 89.76377952755905 avec
1826.7716535433071 3851.968503937008 337.00787401574803 89.76377952755905 mission
2072.4409448818897 3851.968503937008 184.251968503937 89.76377952755905 de
2133.8582677165355 3851.968503937008 398.4251968503937 89.76377952755905 l’organiser

508.66141732283467 3921.259842519685 181.10236220472441 96.06299212598425 et
598.4251968503937 3921.259842519685 181.10236220472441 96.06299212598425 de
689.7637795275591 3921.259842519685 272.4409448818898 96.06299212598425 faire
870.8661417322835 3921.259842519685 393.7007874015748 96.06299212598425 restaurer
1173.2283464566929 3921.259842519685 211.0236220472441 96.06299212598425 les
1294.4881889763778 3921.259842519685 393.7007874015748 96.06299212598425 peintures
1596.8503937007874 3921.259842519685 181.10236220472441 96.06299212598425 en
1686.6141732283465 3921.259842519685 332.2834645669291 96.06299212598425 mauvais
1929.1338582677165 3921.259842519685 272.4409448818898 96.06299212598425 état.
2110.236220472441 3921.259842519685 332.2834645669291 96.06299212598425 Naigeon
2322.834645669291 3921.259842519685 211.0236220472441 96.06299212598425 avait

505.51181102362204 4011.0236220472443 280.31496062992125 86.61417322834646 rendu
692.9133858267717 4011.0236220472443 187.4015748031496 86.61417322834646 de
785.8267716535433 4011.0236220472443 311.81102362204723 86.61417322834646 grands
1003.1496062992126 4011.0236220472443 373.2283464566929 86.61417322834646 services
1283.4645669291338 4011.0236220472443 280.31496062992125 86.61417322834646 comme
1470.8661417322835 4011.0236220472443 311.81102362204723 86.61417322834646 membre
1688.1889763779527 4011.0236220472443 187.4015748031496 86.61417322834646 de
1782.6771653543308 4011.0236220472443 187.4015748031496 86.61417322834646 la
1875.5905511811025 4011.0236220472443 436.2204724409449 86.61417322834646 commission
2217.3228346456694 4011.0236220472443 217.3228346456693 86.61417322834646 des
2311.8110236220473 4011.0236220472443 217.3228346456693 86.61417322834646 arts,
