2861.417322834646 4925.9842519685035
2058.267716535433 496.06299212598424 184.251968503937 86.61417322834646 VII

209.4488188976378 584.2519685039371 181.10236220472441 81.88976377952756 en
299.21259842519686 584.2519685039371 272.4409448818898 81.88976377952756 1793,
480.31496062992125 584.2519685039371 181.10236220472441 81.88976377952756 et
571.6535433070866 584.2519685039371 272.4409448818898 81.88976377952756 comme
752.7559055118111 584.2519685039371 483.46456692913387 81.88976377952756 conservateur
1144.8818897637796 584.2519685039371 181.10236220472441 81.88976377952756 du
1236.2204724409448 584.2519685039371 272.4409448818898 81.88976377952756 dépôt
1417.3228346456692 584.2519685039371 181.10236220472441 81.88976377952756 de
1508.6614173228347 584.2519685039371 332.2834645669291 81.88976377952756 l’hôtel
1749.6062992125985 584.2519685039371 181.10236220472441 81.88976377952756 de
1840.9448818897638 584.2519685039371 302.3622047244094 81.88976377952756 Nesle,
2051.968503937008 584.2519685039371 181.10236220472441 81.88976377952756 où
2111.8110236220473 584.2519685039371 121.25984251968504 81.88976377952756 il

209.4488188976378 648.8188976377953 366.92913385826773 99.21259842519684 rassembla
491.33858267716533 648.8188976377953 225.1968503937008 99.21259842519684 tout
631.496062992126 648.8188976377953 168.50393700787401 99.21259842519684 ce
716.5354330708661 648.8188976377953 253.54330708661416 99.21259842519684 qu’il
885.0393700787401 648.8188976377953 196.8503937007874 99.21259842519684 put
998.4251968503937 648.8188976377953 281.8897637795276 99.21259842519684 sauver
1195.275590551181 648.8188976377953 196.8503937007874 99.21259842519684 des
1308.6614173228347 648.8188976377953 422.0472440944882 99.21259842519684 collections
1645.6692913385828 648.8188976377953 310.23622047244095 99.21259842519684 formées
1870.8661417322835 648.8188976377953 196.8503937007874 99.21259842519684 par
1984.251968503937 648.8188976377953 196.8503937007874 99.21259842519684 les
2069.2913385826773 648.8188976377953 168.50393700787401 99.21259842519684 plus

204.7244094488189 721.2598425196851 373.2283464566929 85.03937007874016 célèbres
485.03937007874015 721.2598425196851 373.2283464566929 85.03937007874016 amateurs
763.7795275590552 721.2598425196851 185.82677165354332 85.03937007874016 de
825.1968503937007 721.2598425196851 373.2283464566929 85.03937007874016 l’époque.»

278.74015748031496 773.2283464566929 316.53543307086613 110.23622047244095 L’année
508.66141732283467 773.2283464566929 229.92125984251967 110.23622047244095 1802
651.9685039370079 773.2283464566929 316.53543307086613 110.23622047244095 n’était
881.8897637795276 773.2283464566929 201.5748031496063 110.23622047244095 pas
996.8503937007874 773.2283464566929 258.26771653543307 110.23622047244095 finie
1170.0787401574803 773.2283464566929 201.5748031496063 110.23622047244095 que
1285.0393700787401 773.2283464566929 316.53543307086613 110.23622047244095 Naigeon
1514.9606299212599 773.2283464566929 258.26771653543307 110.23622047244095 avait
1688.1889763779527 773.2283464566929 258.26771653543307 110.23622047244095 réuni
1861.4173228346456 773.2283464566929 201.5748031496063 110.23622047244095 les
1946.4566929133857 773.2283464566929 288.18897637795277 110.23622047244095 éléments

207.8740157480315 867.7165354330708 195.2755905511811 77.16535433070867 de
305.51181102362204 867.7165354330708 228.3464566929134 77.16535433070867 son
436.2204724409449 867.7165354330708 325.98425196850394 77.16535433070867 Musée,
664.5669291338583 867.7165354330708 195.2755905511811 77.16535433070867 et
763.7795275590552 867.7165354330708 261.4173228346457 77.16535433070867 avec
925.9842519685039 867.7165354330708 392.12598425196853 77.16535433070867 beaucoup
1220.4724409448818 867.7165354330708 195.2755905511811 77.16535433070867 de
1318.1102362204724 867.7165354330708 554.3307086614174 77.16535433070867 discernement.
1774.8031496062993 867.7165354330708 228.3464566929134 77.16535433070867 Les
1905.5118110236222 867.7165354330708 325.98425196850394 77.16535433070867 Rubens
2100.787401574803 867.7165354330708 130.70866141732284 77.16535433070867 en

209.4488188976378 938.5826771653543 387.40157480314963 78.74015748031496 formaient
507.0866141732283 938.5826771653543 505.51181102362204 78.74015748031496 naturellement
924.4094488188977 938.5826771653543 177.95275590551182 78.74015748031496 la
1014.1732283464567 938.5826771653543 267.7165354330709 78.74015748031496 tête;
1192.1259842519685 938.5826771653543 237.79527559055117 78.74015748031496 puis
1341.732283464567 938.5826771653543 177.95275590551182 78.74015748031496 il
1429.9212598425197 938.5826771653543 267.7165354330709 78.74015748031496 avait
1609.4488188976377 938.5826771653543 297.6377952755906 78.74015748031496 choisi
1817.3228346456692 938.5826771653543 237.79527559055117 78.74015748031496 cinq
1937.007874015748 938.5826771653543 297.6377952755906 78.74015748031496 tableaux

207.8740157480315 1003.1496062992126 300.78740157480314 83.46456692913385 divers
418.8976377952756 1003.1496062992126 181.10236220472441 83.46456692913385 de
508.66141732283467 1003.1496062992126 181.10236220472441 83.46456692913385 ce
600.0 1003.1496062992126 211.0236220472441 83.46456692913385 Ph.
719.6850393700787 1003.1496062992126 181.10236220472441 83.46456692913385 de
811.0236220472441 1003.1496062992126 422.0472440944882 83.46456692913385 Champaigne
1141.732283464567 1003.1496062992126 211.0236220472441 83.46456692913385 qui
1262.992125984252 1003.1496062992126 270.86614173228344 83.46456692913385 avait
1442.5196850393702 1003.1496062992126 240.9448818897638 83.46456692913385 tant
1593.7007874015749 1003.1496062992126 392.12598425196853 83.46456692913385 travaillé
1896.0629921259842 1003.1496062992126 270.86614173228344 83.46456692913385 jadis
2075.5905511811025 1003.1496062992126 151.1811023622047 83.46456692913385 à
2105.511811023622 1003.1496062992126 121.25984251968504 83.46456692913385 la

209.4488188976378 1069.291338582677 415.748031496063 83.46456692913385 décoration
537.007874015748 1069.291338582677 177.95275590551182 83.46456692913385 du
625.1968503937007 1069.291338582677 327.5590551181102 83.46456692913385 palais,
862.992125984252 1069.291338582677 177.95275590551182 83.46456692913385 et
952.7559055118111 1069.291338582677 207.8740157480315 83.46456692913385 qui
1070.8661417322835 1069.291338582677 327.5590551181102 83.46456692913385 l’avait
1308.6614173228347 1069.291338582677 237.79527559055117 83.46456692913385 même
1456.6929133858268 1069.291338582677 297.6377952755906 83.46456692913385 habité
1666.1417322834645 1069.291338582677 415.748031496063 83.46456692913385 longtemps;
1992.1259842519685 1069.291338582677 237.79527559055117 83.46456692913385 puis
2111.8110236220473 1069.291338582677 118.11023622047244 83.46456692913385 il

211.0236220472441 1133.8582677165355 245.66929133858267 85.03937007874016 était
374.8031496062992 1133.8582677165355 218.89763779527559 85.03937007874016 allé
511.81102362204723 1133.8582677165355 327.5590551181102 85.03937007874016 chercher
757.4803149606299 1133.8582677165355 137.00787401574803 85.03937007874016 à
812.5984251968504 1133.8582677165355 411.0236220472441 85.03937007874016 Versailles,
1140.1574803149606 1133.8582677165355 218.89763779527559 85.03937007874016 dans
1277.1653543307086 1133.8582677165355 163.7795275590551 85.03937007874016 le
1359.0551181102362 1133.8582677165355 245.66929133858267 85.03937007874016 Musée
1522.8346456692914 1133.8582677165355 163.7795275590551 85.03937007874016 de
1604.724409448819 1133.8582677165355 300.78740157480314 85.03937007874016 l’Ecole
1823.6220472440946 1133.8582677165355 382.6771653543307 85.03937007874016 française,
2097.6377952755906 1133.8582677165355 137.00787401574803 85.03937007874016 les

211.0236220472441 1196.8503937007874 341.73228346456693 83.46456692913385 tableaux
467.7165354330709 1196.8503937007874 171.6535433070866 83.46456692913385 de
552.7559055118111 1196.8503937007874 171.6535433070866 83.46456692913385 la
637.7952755905512 1196.8503937007874 200.0 83.46456692913385 vie
752.7559055118111 1196.8503937007874 171.6535433070866 83.46456692913385 de
837.7952755905512 1196.8503937007874 256.6929133858268 83.46456692913385 saint
1007.8740157480315 1196.8503937007874 285.03937007874015 83.46456692913385 Bruno,
1207.8740157480315 1196.8503937007874 285.03937007874015 83.46456692913385 peints
1407.8740157480315 1196.8503937007874 200.0 83.46456692913385 par
1521.259842519685 1196.8503937007874 171.6535433070866 83.46456692913385 Le
1606.2992125984251 1196.8503937007874 256.6929133858268 83.46456692913385 Sueur
1777.9527559055118 1196.8503937007874 228.3464566929134 83.46456692913385 pour
1919.6850393700788 1196.8503937007874 171.6535433070866 83.46456692913385 le
1976.3779527559054 1196.8503937007874 256.6929133858268 83.46456692913385 cloître

201.5748031496063 1267.716535433071 215.748031496063 81.88976377952756 des
325.98425196850394 1267.716535433071 431.496062992126 81.88976377952756 Chartreux,
664.5669291338583 1267.716535433071 215.748031496063 81.88976377952756 les
787.4015748031496 1267.716535433071 245.66929133858267 81.88976377952756 plus
941.7322834645669 1267.716535433071 338.5826771653543 81.88976377952756 proches
1187.4015748031495 1267.716535433071 338.5826771653543 81.88976377952756 voisins
1434.6456692913387 1267.716535433071 184.251968503937 81.88976377952756 du
1525.984251968504 1267.716535433071 461.4173228346457 81.88976377952756 Luxembourg;
1896.0629921259842 1267.716535433071 277.1653543307087 81.88976377952756 puis,
2050.3937007874015 1267.716535433071 184.251968503937 81.88976377952756 dans

206.29921259842519 1337.007874015748 173.22834645669292 70.86614173228347 ce
292.9133858267717 1337.007874015748 318.1102362204724 70.86614173228347 cloître
524.4094488188977 1337.007874015748 203.1496062992126 70.86614173228347 des
639.3700787401575 1337.007874015748 404.7244094488189 70.86614173228347 Chartreux,
959.0551181102362 1337.007874015748 318.1102362204724 70.86614173228347 Naigeon
1190.5511811023623 1337.007874015748 261.4173228346457 70.86614173228347 avait
1363.7795275590552 1337.007874015748 289.76377952755905 70.86614173228347 encore
1566.9291338582677 1337.007874015748 289.76377952755905 70.86614173228347 trouvé
1770.0787401574803 1337.007874015748 203.1496062992126 70.86614173228347 les
1885.0393700787401 1337.007874015748 231.49606299212599 70.86614173228347 deux
2001.5748031496064 1337.007874015748 231.49606299212599 70.86614173228347 autres

211.0236220472441 1400.0 151.1811023622047 80.31496062992126 Le
286.61417322834643 1400.0 253.54330708661416 80.31496062992126 Sueur,
464.56692913385825 1400.0 404.7244094488189 80.31496062992126 représentant
793.7007874015748 1400.0 151.1811023622047 80.31496062992126 le
869.2913385826772 1400.0 278.74015748031496 80.31496062992126 Plan
1072.4409448818897 1400.0 151.1811023622047 80.31496062992126 de
1148.0314960629921 1400.0 151.1811023622047 80.31496062992126 la
1223.6220472440946 1400.0 455.11811023622045 80.31496062992126 Chartreuse
1603.1496062992126 1400.0 151.1811023622047 80.31496062992126 et
1678.740157480315 1400.0 151.1811023622047 80.31496062992126 la
1755.9055118110236 1400.0 379.5275590551181 80.31496062992126 Dédicace
2033.0708661417323 1400.0 203.1496062992126 80.31496062992126 de

211.0236220472441 1461.4173228346456 499.21259842519686 72.44094488188976 l’église,
636.2204724409448 1461.4173228346456 174.8031496062992 72.44094488188976 et,
735.4330708661417 1461.4173228346456 149.60629921259843 72.44094488188976 en
811.0236220472441 1461.4173228346456 250.39370078740157 72.44094488188976 outre,
985.8267716535433 1461.4173228346456 174.8031496062992 72.44094488188976 les
1085.0393700787401 1461.4173228346456 225.1968503937008 72.44094488188976 vingt
1236.2204724409448 1461.4173228346456 299.21259842519686 72.44094488188976 paysages
1459.8425196850394 1461.4173228346456 250.39370078740157 72.44094488188976 peints
1634.6456692913387 1461.4173228346456 174.8031496062992 72.44094488188976 sur
1735.4330708661416 1461.4173228346456 174.8031496062992 72.44094488188976 les
1834.6456692913387 1461.4173228346456 250.39370078740157 72.44094488188976 volets
1984.251968503937 1461.4173228346456 250.39370078740157 72.44094488188976 destinés

206.29921259842519 1524.4094488188975 146.45669291338584 70.86614173228347 à
266.1417322834646 1524.4094488188975 321.25984251968504 70.86614173228347 couvrir
499.21259842519686 1524.4094488188975 204.7244094488189 70.86614173228347 les
617.3228346456693 1524.4094488188975 351.18110236220474 70.86614173228347 tableaux
880.3149606299213 1524.4094488188975 176.3779527559055 70.86614173228347 de
968.503937007874 1524.4094488188975 351.18110236220474 70.86614173228347 Lesueur;
1231.4960629921259 1524.4094488188975 292.9133858267717 70.86614173228347 enfin,
1436.2204724409448 1524.4094488188975 176.3779527559055 70.86614173228347 il
1524.4094488188975 1524.4094488188975 321.25984251968504 70.86614173228347 s’était
1759.0551181102362 1524.4094488188975 234.64566929133858 70.86614173228347 fait
1905.5118110236222 1524.4094488188975 321.25984251968504 70.86614173228347 livrer,
2110.236220472441 1524.4094488188975 116.53543307086615 70.86614173228347 au

209.4488188976378 1585.8267716535433 376.37795275590554 78.74015748031496 Ministère
497.6377952755906 1585.8267716535433 173.22834645669292 78.74015748031496 de
584.2519685039371 1585.8267716535433 173.22834645669292 78.74015748031496 la
670.8661417322835 1585.8267716535433 318.1102362204724 78.74015748031496 marine,
902.3622047244095 1585.8267716535433 173.22834645669292 78.74015748031496 la
988.9763779527559 1585.8267716535433 259.84251968503935 78.74015748031496 suite
1163.7795275590552 1585.8267716535433 203.1496062992126 78.74015748031496 des
1278.740157480315 1585.8267716535433 259.84251968503935 78.74015748031496 ports
1451.9685039370079 1585.8267716535433 173.22834645669292 78.74015748031496 de
1538.5826771653544 1585.8267716535433 318.1102362204724 78.74015748031496 France,
1770.0787401574803 1585.8267716535433 203.1496062992126 78.74015748031496 par
1886.6141732283465 1585.8267716535433 231.49606299212599 78.74015748031496 Jos.
2001.5748031496064 1585.8267716535433 231.49606299212599 78.74015748031496 Vernet

214.17322834645668 1658.267716535433 155.90551181102362 78.74015748031496 et
291.33858267716533 1658.267716535433 207.8740157480315 78.74015748031496 Hue,
420.4724409448819 1658.267716535433 155.90551181102362 78.74015748031496 et
497.6377952755906 1658.267716535433 155.90551181102362 78.74015748031496 le
576.3779527559055 1658.267716535433 181.10236220472441 78.74015748031496 nom
680.3149606299213 1658.267716535433 155.90551181102362 78.74015748031496 de
757.4803149606299 1658.267716535433 310.23622047244095 78.74015748031496 salle
990.5511811023622 1658.267716535433 181.10236220472441 78.74015748031496 des
1094.4881889763778 1658.267716535433 362.20472440944883 78.74015748031496 Vernet
1377.9527559055118 1658.267716535433 155.90551181102362 78.74015748031496 en
1456.6929133858268 1658.267716535433 181.10236220472441 78.74015748031496 est
1560.6299212598426 1658.267716535433 233.0708661417323 78.74015748031496 resté
1714.9606299212599 1658.267716535433 129.13385826771653 78.74015748031496 à
1766.9291338582677 1658.267716535433 233.0708661417323 78.74015748031496 cette
1922.8346456692914 1658.267716535433 310.23622047244095 78.74015748031496 enfilade
2129.1338582677167 1658.267716535433 103.93700787401575 78.74015748031496 de

207.8740157480315 1722.8346456692914 302.3622047244094 81.88976377952756 salles
418.8976377952756 1722.8346456692914 240.9448818897638 81.88976377952756 dont
570.0787401574803 1722.8346456692914 362.20472440944883 81.88976377952756 l’espace
842.5196850393701 1722.8346456692914 332.2834645669291 81.88976377952756 faisait
1083.4645669291338 1722.8346456692914 513.3858267716536 81.88976377952756 primitivement
1507.0866141732283 1722.8346456692914 302.3622047244094 81.88976377952756 partie
1718.1102362204724 1722.8346456692914 181.10236220472441 81.88976377952756 de
1807.8740157480315 1722.8346456692914 181.10236220472441 81.88976377952756 la
1899.2125984251968 1722.8346456692914 332.2834645669291 81.88976377952756 galerie
2110.236220472441 1722.8346456692914 121.25984251968504 81.88976377952756 de

214.17322834645668 1788.976377952756 346.45669291338584 69.29133858267717 Médicis.
474.01574803149606 1788.976377952756 173.22834645669292 69.29133858267717 En
560.6299212598425 1788.976377952756 318.1102362204724 69.29133858267717 formant
790.5511811023622 1788.976377952756 173.22834645669292 69.29133858267717 de
877.1653543307086 1788.976377952756 201.5748031496063 69.29133858267717 ces
992.1259842519685 1788.976377952756 346.45669291338584 69.29133858267717 diverses
1251.9685039370079 1788.976377952756 433.07086614173227 69.29133858267717 collections
1598.4251968503936 1788.976377952756 374.8031496062992 69.29133858267717 capitales
1886.6141732283465 1788.976377952756 173.22834645669292 69.29133858267717 le
1973.2283464566929 1788.976377952756 259.84251968503935 69.29133858267717 Musée
2118.1102362204724 1788.976377952756 114.96062992125984 69.29133858267717 du

207.8740157480315 1851.9685039370079 281.8897637795276 81.88976377952756 Sénat
395.2755905511811 1851.9685039370079 530.7086614173228 81.88976377952756 conservateur,
833.0708661417323 1851.9685039370079 343.3070866141732 81.88976377952756 Naigeon
1083.4645669291338 1851.9685039370079 374.8031496062992 81.88976377952756 assurait
1363.7795275590552 1851.9685039370079 187.4015748031496 81.88976377952756 au
1458.267716535433 1851.9685039370079 437.79527559055117 81.88976377952756 Luxembourg
1801.5748031496064 1851.9685039370079 218.89763779527559 81.88976377952756 une
1896.0629921259842 1851.9685039370079 343.3070866141732 81.88976377952756 incontes-

212.5984251968504 1916.5354330708662 283.46456692913387 78.74015748031496 table
401.5748031496063 1916.5354330708662 442.5196850393701 78.74015748031496 importance
749.6062992125984 1916.5354330708662 188.9763779527559 78.74015748031496 et
844.0944881889764 1916.5354330708662 568.503937007874 78.74015748031496 l’empressement
1318.1102362204724 1916.5354330708662 220.4724409448819 78.74015748031496 des
1444.0944881889764 1916.5354330708662 379.5275590551181 78.74015748031496 curieux,
1727.5590551181103 1916.5354330708662 188.9763779527559 78.74015748031496 et
1822.0472440944882 1916.5354330708662 188.9763779527559 78.74015748031496 du
1918.1102362204724 1916.5354330708662 251.96850393700788 78.74015748031496 même
2044.0944881889764 1916.5354330708662 188.9763779527559 78.74015748031496 coup

211.0236220472441 1995.275590551181 442.5196850393701 113.38582677165354 soulageait
557.4803149606299 1995.275590551181 188.9763779527559 113.38582677165354 la
653.5433070866142 1995.275590551181 314.96062992125985 113.38582677165354 grande
874.0157480314961 1995.275590551181 348.0314960629921 113.38582677165354 galerie
1125.984251968504 1995.275590551181 188.9763779527559 113.38582677165354 du
1220.4724409448818 1995.275590551181 348.0314960629921 113.38582677165354 Louvre,
1474.015748031496 1995.275590551181 220.4724409448819 113.38582677165354 qui
1600.0 1995.275590551181 411.0236220472441 113.38582677165354 s’accomme
1916.5354330708662 1995.275590551181 188.9763779527559 113.38582677165354 de
2011.023622047244 1995.275590551181 220.4724409448819 113.38582677165354 peu
2105.511811023622 1995.275590551181 125.98425196850394 113.38582677165354 de

217.3228346456693 2044.0944881889764 264.56692913385825 96.06299212598425 telles
403.1496062992126 2044.0944881889764 264.56692913385825 96.06299212598425 séries
588.9763779527559 2044.0944881889764 159.0551181102362 96.06299212598425 et
669.2913385826772 2044.0944881889764 185.82677165354332 96.06299212598425 qui
774.8031496062993 2044.0944881889764 159.0551181102362 96.06299212598425 en
853.5433070866142 2044.0944881889764 212.5984251968504 96.06299212598425 noie
960.6299212598425 2044.0944881889764 318.1102362204724 96.06299212598425 l’intérêt.

274.01574803149606 2094.488188976378 351.18110236220474 127.55905511811024 Naigeon,
538.5826771653543 2094.488188976378 234.64566929133858 127.55905511811024 pour
683.4645669291339 2094.488188976378 379.5275590551181 127.55905511811024 compléter
976.3779527559055 2094.488188976378 204.7244094488189 127.55905511811024 son
1094.4881889763778 2094.488188976378 292.9133858267717 127.55905511811024 musée,
1299.2125984251968 2094.488188976378 409.4488188976378 127.55905511811024 recueillit
1620.4724409448818 2094.488188976378 146.45669291338584 127.55905511811024 à
1678.740157480315 2094.488188976378 292.9133858267717 127.55905511811024 droite
1883.4645669291338 2094.488188976378 174.8031496062992 127.55905511811024 et
1971.6535433070867 2094.488188976378 146.45669291338584 127.55905511811024 à
2000.0 2094.488188976378 234.64566929133858 127.55905511811024 gauche

209.4488188976378 2198.4251968503936 187.4015748031496 75.59055118110236 un
303.93700787401576 2198.4251968503936 373.2283464566929 75.59055118110236 Raphaël,
584.2519685039371 2198.4251968503936 187.4015748031496 75.59055118110236 un
677.1653543307086 2198.4251968503936 373.2283464566929 75.59055118110236 Poussin,
957.4803149606299 2198.4251968503936 187.4015748031496 75.59055118110236 un
1050.3937007874015 2198.4251968503936 436.2204724409449 75.59055118110236 Rembrandt,
1393.7007874015749 2198.4251968503936 187.4015748031496 75.59055118110236 un
1486.6141732283465 2198.4251968503936 343.3070866141732 75.59055118110236 Titien,
1737.007874015748 2198.4251968503936 187.4015748031496 75.59055118110236 un
1829.9212598425197 2198.4251968503936 404.7244094488189 75.59055118110236 Ruysdael,
2110.236220472441 2198.4251968503936 124.40944881889764 75.59055118110236 un

214.17322834645668 2266.1417322834645 362.20472440944883 75.59055118110236 Terburg,
485.03937007874015 2266.1417322834645 181.10236220472441 75.59055118110236 un
576.3779527559055 2266.1417322834645 211.0236220472441 75.59055118110236 Van
696.0629921259842 2266.1417322834645 302.3622047244094 75.59055118110236 Velde,
907.0866141732283 2266.1417322834645 181.10236220472441 75.59055118110236 et
998.4251968503937 2266.1417322834645 181.10236220472441 75.59055118110236 la
1088.1889763779527 2266.1417322834645 422.0472440944882 75.59055118110236 collection
1420.4724409448818 2266.1417322834645 240.9448818897638 75.59055118110236 dura
1571.6535433070867 2266.1417322834645 270.86614173228344 75.59055118110236 ainsi
1752.755905511811 2266.1417322834645 181.10236220472441 75.59055118110236 de
1842.5196850393702 2266.1417322834645 240.9448818897638 75.59055118110236 1803
1993.7007874015749 2266.1417322834645 151.1811023622047 75.59055118110236 à
2023.6220472440946 2266.1417322834645 211.0236220472441 75.59055118110236 1815.

220.4724409448819 2333.8582677165355 170.07874015748033 75.59055118110236 En
305.51181102362204 2333.8582677165355 255.11811023622047 75.59055118110236 1815,
475.59055118110234 2333.8582677165355 198.4251968503937 75.59055118110236 les
588.9763779527559 2333.8582677165355 311.81102362204723 75.59055118110236 alliés,
815.7480314960629 2333.8582677165355 170.07874015748033 75.59055118110236 en
900.7874015748032 2333.8582677165355 170.07874015748033 75.59055118110236 se
985.8267716535433 2333.8582677165355 368.503937007874 75.59055118110236 retirant,
1269.291338582677 2333.8582677165355 198.4251968503937 75.59055118110236 ont
1382.6771653543308 2333.8582677165355 340.15748031496065 75.59055118110236 remporté
1637.7952755905512 2333.8582677165355 170.07874015748033 75.59055118110236 le
1722.8346456692914 2333.8582677165355 255.11811023622047 75.59055118110236 butin
1892.9133858267717 2333.8582677165355 170.07874015748033 75.59055118110236 de
1977.9527559055118 2333.8582677165355 198.4251968503937 75.59055118110236 nos
2062.9921259842517 2333.8582677165355 170.07874015748033 75.59055118110236 con-

214.17322834645668 2396.850393700787 327.5590551181102 78.74015748031496 quêtes;
451.9685039370079 2396.850393700787 177.95275590551182 78.74015748031496 il
541.7322834645669 2396.850393700787 237.79527559055117 78.74015748031496 faut
691.3385826771654 2396.850393700787 327.5590551181102 78.74015748031496 combler
929.1338582677165 2396.850393700787 207.8740157480315 78.74015748031496 les
1048.8188976377953 2396.850393700787 327.5590551181102 78.74015748031496 lacunes
1286.6141732283465 2396.850393700787 177.95275590551182 78.74015748031496 du
1376.3779527559054 2396.850393700787 327.5590551181102 78.74015748031496 Louvre,
1614.1732283464567 2396.850393700787 177.95275590551182 78.74015748031496 et
1703.9370078740158 2396.850393700787 207.8740157480315 78.74015748031496 les
1822.0472440944882 2396.850393700787 297.6377952755906 78.74015748031496 Rubens
2031.4960629921259 2396.850393700787 177.95275590551182 78.74015748031496 et
2089.763779527559 2396.850393700787 149.60629921259843 78.74015748031496 les

209.4488188976378 2458.267716535433 179.5275590551181 91.33858267716535 Le
299.21259842519686 2458.267716535433 267.7165354330709 91.33858267716535 Sueur
478.74015748031496 2458.267716535433 149.60629921259843 91.33858267716535 y
537.007874015748 2458.267716535433 239.37007874015748 91.33858267716535 sont
686.6141732283464 2458.267716535433 387.40157480314963 91.33858267716535 rappelés.
985.8267716535433 2458.267716535433 179.5275590551181 91.33858267716535 Il
1074.015748031496 2458.267716535433 179.5275590551181 91.33858267716535 ne
1163.7795275590552 2458.267716535433 267.7165354330709 91.33858267716535 reste
1343.3070866141732 2458.267716535433 239.37007874015748 91.33858267716535 plus
1491.3385826771653 2458.267716535433 179.5275590551181 91.33858267716535 au
1581.1023622047244 2458.267716535433 417.3228346456693 91.33858267716535 Luxembourg
1910.236220472441 2458.267716535433 209.4488188976378 91.33858267716535 que
2028.3464566929133 2458.267716535433 179.5275590551181 91.33858267716535 17
2088.1889763779527 2458.267716535433 149.60629921259843 91.33858267716535 ta-

209.4488188976378 2522.834645669291 302.3622047244094 86.61417322834646 bleaux
420.4724409448819 2522.834645669291 362.20472440944883 86.61417322834646 anciens,
692.9133858267717 2522.834645669291 181.10236220472441 86.61417322834646 et
782.6771653543307 2522.834645669291 211.0236220472441 86.61417322834646 les
903.9370078740158 2522.834645669291 181.10236220472441 86.61417322834646 17
995.2755905511812 2522.834645669291 392.12598425196853 86.61417322834646 eux-mêmes
1296.0629921259842 2522.834645669291 483.46456692913387 86.61417322834646 retourneront
1689.763779527559 2522.834645669291 181.10236220472441 86.61417322834646 au
1779.5275590551182 2522.834645669291 272.4409448818898 86.61417322834646 Musée
1960.6299212598426 2522.834645669291 272.4409448818898 86.61417322834646 royal
2111.8110236220473 2522.834645669291 121.25984251968504 86.61417322834646 en

171.6535433070866 2592.1259842519685 237.79527559055117 92.91338582677166 1821.

278.74015748031496 2650.3937007874015 256.6929133858268 111.81102362204724 Mais
439.37007874015745 2650.3937007874015 193.70078740157481 111.81102362204724 la
535.4330708661417 2650.3937007874015 354.3307086614173 111.81102362204724 galerie
792.1259842519685 2650.3937007874015 193.70078740157481 111.81102362204724 de
889.7637795275591 2650.3937007874015 193.70078740157481 111.81102362204724 la
985.8267716535433 2650.3937007874015 354.3307086614173 111.81102362204724 Chambre
1242.5196850393702 2650.3937007874015 225.1968503937008 111.81102362204724 des
1371.6535433070867 2650.3937007874015 289.76377952755905 111.81102362204724 Pairs
1563.7795275590552 2650.3937007874015 193.70078740157481 111.81102362204724 ne
1661.4173228346456 2650.3937007874015 289.76377952755905 111.81102362204724 pouva
1853.5433070866143 2650.3937007874015 321.25984251968504 111.81102362204724 rester
2047.244094488189 2650.3937007874015 193.70078740157481 111.81102362204724 sans

212.5984251968504 2737.0078740157483 411.0236220472441 89.76377952755905 tableaux,
529.1338582677165 2737.0078740157483 190.5511811023622 89.76377952755905 et
623.6220472440945 2737.0078740157483 190.5511811023622 89.76377952755905 de
718.1102362204724 2737.0078740157483 190.5511811023622 89.76377952755905 ce
814.1732283464567 2737.0078740157483 316.53543307086613 89.76377952755905 moment
1034.6456692913387 2737.0078740157483 253.54330708661416 89.76377952755905 date
1193.7007874015749 2737.0078740157483 190.5511811023622 89.76377952755905 la
1288.1889763779527 2737.0078740157483 285.03937007874015 89.76377952755905 vraie
1478.740157480315 2737.0078740157483 379.5275590551181 89.76377952755905 création
1763.7795275590552 2737.0078740157483 190.5511811023622 89.76377952755905 de
1858.267716535433 2737.0078740157483 285.03937007874015 89.76377952755905 notre
2015.748031496063 2737.0078740157483 222.04724409448818 89.76377952755905 Musée

214.17322834645668 2812.5984251968503 348.0314960629921 77.16535433070867 actuel.
467.7165354330709 2812.5984251968503 285.03937007874015 77.16535433070867 Louis
656.6929133858267 2812.5984251968503 285.03937007874015 77.16535433070867 XVIII
847.2440944881889 2812.5984251968503 348.0314960629921 77.16535433070867 ordonna
1100.7874015748032 2812.5984251968503 222.04724409448818 77.16535433070867 que
1226.7716535433071 2812.5984251968503 285.03937007874015 77.16535433070867 cette
1417.3228346456692 2812.5984251968503 348.0314960629921 77.16535433070867 galerie
1669.291338582677 2812.5984251968503 222.04724409448818 77.16535433070867 fût
1796.8503937007874 2812.5984251968503 411.0236220472441 77.16535433070867 consacrée
2081.8897637795276 2812.5984251968503 157.48031496062993 77.16535433070867 aux

215.748031496063 2872.4409448818897 351.18110236220474 78.74015748031496 ouvrages
480.31496062992125 2872.4409448818897 204.7244094488189 78.74015748031496 des
596.8503937007874 2872.4409448818897 351.18110236220474 78.74015748031496 artistes
861.4173228346457 2872.4409448818897 381.1023622047244 78.74015748031496 nationaux
1154.3307086614172 2872.4409448818897 351.18110236220474 78.74015748031496 vivants,
1418.8976377952756 2872.4409448818897 176.3779527559055 78.74015748031496 et
1507.0866141732283 2872.4409448818897 176.3779527559055 78.74015748031496 le
1593.7007874015749 2872.4409448818897 176.3779527559055 78.74015748031496 24
1681.8897637795276 2872.4409448818897 264.56692913385825 78.74015748031496 avril
1858.267716535433 2872.4409448818897 234.64566929133858 78.74015748031496 1818
2004.724409448819 2872.4409448818897 234.64566929133858 78.74015748031496 elle
2122.834645669291 2872.4409448818897 116.53543307086615 78.74015748031496 se

218.89763779527559 2954.3307086614172 341.73228346456693 67.71653543307086 rouvrait
475.59055118110234 2954.3307086614172 228.3464566929134 67.71653543307086 avec
617.3228346456693 2954.3307086614172 171.6535433070866 67.71653543307086 74
703.9370078740158 2954.3307086614172 341.73228346456693 67.71653543307086 tableaux
960.6299212598425 2954.3307086614172 171.6535433070866 67.71653543307086 de
1045.6692913385828 2954.3307086614172 313.38582677165357 67.71653543307086 l’École
1274.015748031496 2954.3307086614172 370.0787401574803 67.71653543307086 française
1559.0551181102362 2954.3307086614172 513.3858267716536 67.71653543307086 contemporaine.
1957.4803149606298 2954.3307086614172 285.03937007874015 67.71653543307086 Bientôt,

217.3228346456693 3006.299212598425 264.56692913385825 88.18897637795276 grâce
393.7007874015748 3006.299212598425 146.45669291338584 88.18897637795276 à
453.54330708661416 3006.299212598425 411.0236220472441 88.18897637795276 l’activité
776.3779527559055 3006.299212598425 176.3779527559055 88.18897637795276 de
864.5669291338583 3006.299212598425 352.755905511811 88.18897637795276 Naigeon,
1129.1338582677165 3006.299212598425 176.3779527559055 88.18897637795276 on
1217.3228346456692 3006.299212598425 146.45669291338584 88.18897637795276 y
1275.5905511811025 3006.299212598425 206.29921259842519 88.18897637795276 put
1393.7007874015749 3006.299212598425 234.64566929133858 88.18897637795276 voir
1540.1574803149606 3006.299212598425 322.8346456692913 88.18897637795276 l’œuvre
1774.8031496062993 3006.299212598425 322.8346456692913 88.18897637795276 presque
1981.1023622047244 3006.299212598425 264.56692913385825 88.18897637795276 complet

225.1968503937008 3072.4409448818897 138.58267716535434 69.29133858267717 de
294.48818897637796 3072.4409448818897 231.49606299212599 69.29133858267717 David,
458.26771653543307 3072.4409448818897 162.20472440944883 69.29133858267717 les
551.1811023622047 3072.4409448818897 417.3228346456693 69.29133858267717 Horaces
899.2125984251968 3072.4409448818897 138.58267716535434 69.29133858267717 et
968.503937007874 3072.4409448818897 138.58267716535434 69.29133858267717 le
1037.7952755905512 3072.4409448818897 417.3228346456693 69.29133858267717 Brutus
1385.8267716535433 3072.4409448818897 138.58267716535434 69.29133858267717 et
1455.1181102362204 3072.4409448818897 138.58267716535434 69.29133858267717 la
1524.4094488188975 3072.4409448818897 255.11811023622047 69.29133858267717 Mort
1710.236220472441 3072.4409448818897 138.58267716535434 69.29133858267717 de
1779.5275590551182 3072.4409448818897 371.65354330708664 69.29133858267717 Socrate
2058.267716535433 3072.4409448818897 185.82677165354332 69.29133858267717 prètée

226.77165354330708 3132.283464566929 151.1811023622047 89.76377952755905 par
313.38582677165357 3132.283464566929 129.13385826771653 89.76377952755905 M.
377.9527559055118 3132.283464566929 129.13385826771653 89.76377952755905 de
444.09448818897636 3132.283464566929 215.748031496063 89.76377952755905 Verac,
595.2755905511812 3132.283464566929 129.13385826771653 89.76377952755905 et
659.8425196850394 3132.283464566929 281.8897637795276 89.76377952755905 Paris/
875.5905511811023 3132.283464566929 129.13385826771653 89.76377952755905 et
941.7322834645669 3132.283464566929 324.40944881889766 89.76377952755905 Hélène
1201.5748031496064 3132.283464566929 195.2755905511811 89.76377952755905 enfin
1330.708661417323 3132.283464566929 151.1811023622047 89.76377952755905 les
1417.3228346456692 3132.283464566929 388.9763779527559 89.76377952755905 Sabines
1741.732283464567 3132.283464566929 129.13385826771653 89.76377952755905 et
1806.2992125984251 3132.283464566929 129.13385826771653 89.76377952755905 le
1850.3937007874015 3132.283464566929 388.9763779527559 89.76377952755905 Léonidas

285.03937007874015 3207.8740157480315 181.10236220472441 94.48818897637796 Ce
374.8031496062992 3207.8740157480315 211.0236220472441 94.48818897637796 que
496.06299212598424 3207.8740157480315 181.10236220472441 94.48818897637796 le
587.4015748031496 3207.8740157480315 332.2834645669291 94.48818897637796 Louvre,
828.3464566929134 3207.8740157480315 302.3622047244094 94.48818897637796 depuis
1039.3700787401574 3207.8740157480315 272.4409448818898 94.48818897637796 lors,
1220.4724409448818 3207.8740157480315 151.1811023622047 94.48818897637796 a
1281.8897637795276 3207.8740157480315 332.2834645669291 94.48818897637796 possédé
1522.8346456692914 3207.8740157480315 181.10236220472441 94.48818897637796 de
1612.5984251968505 3207.8740157480315 240.9448818897638 94.48818897637796 plus
1763.7795275590552 3207.8740157480315 392.12598425196853 94.48818897637796 important
2036.2204724409448 3207.8740157480315 211.0236220472441 94.48818897637796 entre

217.3228346456693 3285.0393700787404 215.748031496063 85.03937007874016 les
341.73228346456693 3285.0393700787404 307.0866141732283 85.03937007874016 œuvres
555.9055118110236 3285.0393700787404 184.251968503937 85.03937007874016 de
648.8188976377953 3285.0393700787404 400.0 85.03937007874016 Prud’hon,
955.9055118110236 3285.0393700787404 184.251968503937 85.03937007874016 de
1047.244094488189 3285.0393700787404 338.5826771653543 85.03937007874016 Gérard,
1292.9133858267717 3285.0393700787404 184.251968503937 85.03937007874016 de
1385.8267716535433 3285.0393700787404 338.5826771653543 85.03937007874016 Guérin,
1631.4960629921259 3285.0393700787404 184.251968503937 85.03937007874016 de
1722.8346456692914 3285.0393700787404 338.5826771653543 85.03937007874016 Granet,
1968.5039370078741 3285.0393700787404 277.1653543307087 85.03937007874016 etc.,
2122.834645669291 3285.0393700787404 122.83464566929133 85.03937007874016 le

220.4724409448819 3352.755905511811 302.3622047244094 114.96062992125984 public
431.496062992126 3352.755905511811 332.2834645669291 114.96062992125984 l’avait
672.4409448818898 3352.755905511811 240.9448818897638 114.96062992125984 déjà
823.6220472440945 3352.755905511811 302.3622047244094 114.96062992125984 admiré
1034.6456692913387 3352.755905511811 181.10236220472441 114.96062992125984 au
1124.4094488188975 3352.755905511811 451.9685039370079 114.96062992125984 Luxembourg.
1486.6141732283465 3352.755905511811 270.86614173228344 114.96062992125984 C’est
1667.716535433071 3352.755905511811 181.10236220472441 114.96062992125984 là
1759.0551181102362 3352.755905511811 240.9448818897638 114.96062992125984 que,
1908.6614173228347 3352.755905511811 240.9448818897638 114.96062992125984 dans
2029.9212598425197 3352.755905511811 211.0236220472441 114.96062992125984 quel-

220.4724409448819 3429.9212598425197 237.79527559055117 81.88976377952756 ques
368.503937007874 3429.9212598425197 237.79527559055117 81.88976377952756 mois
516.5354330708661 3429.9212598425197 237.79527559055117 81.88976377952756 vous
666.1417322834645 3429.9212598425197 266.1417322834646 81.88976377952756 allez
844.0944881889764 3429.9212598425197 296.06299212598424 81.88976377952756 encore
1050.3937007874015 3429.9212598425197 325.98425196850394 81.88976377952756 trouver
1288.1889763779527 3429.9212598425197 148.03149606299212 81.88976377952756 à
1348.0314960629921 3429.9212598425197 415.748031496063 81.88976377952756 moissonner
1674.015748031496 3429.9212598425197 148.03149606299212 81.88976377952756 à
1733.8582677165355 3429.9212598425197 325.98425196850394 81.88976377952756 pleines
1940.1574803149606 3429.9212598425197 237.79527559055117 81.88976377952756 mains.

277.1653543307087 3491.3385826771655 555.9055118110236 88.18897637795276 Permettez-moi,
740.1574803149606 3491.3385826771655 370.0787401574803 88.18897637795276 Monsieur
1018.8976377952756 3491.3385826771655 185.82677165354332 88.18897637795276 le
1111.8110236220473 3491.3385826771655 524.4094488188977 88.18897637795276 Surintendant,
1543.3070866141732 3491.3385826771655 185.82677165354332 88.18897637795276 de
1636.2204724409448 3491.3385826771655 370.0787401574803 88.18897637795276 rappeler
1883.4645669291338 3491.3385826771655 370.0787401574803 88.18897637795276 maintenant

223.6220472440945 3566.9291338582675 149.60629921259843 91.33858267716535 à
283.46456692913387 3566.9291338582675 267.7165354330709 91.33858267716535 votre
461.4173228346457 3566.9291338582675 327.5590551181102 91.33858267716535 mémoire
700.7874015748032 3566.9291338582675 237.79527559055117 91.33858267716535 deux
850.3937007874016 3566.9291338582675 387.40157480314963 91.33858267716535 questions
1148.0314960629921 3566.9291338582675 237.79527559055117 91.33858267716535 bien
1296.0629921259842 3566.9291338582675 447.244094488189 91.33858267716535 importantes
1653.5433070866143 3566.9291338582675 237.79527559055117 91.33858267716535 pour
1803.1496062992126 3566.9291338582675 357.4803149606299 91.33858267716535 l’avenir
2070.8661417322833 3566.9291338582675 179.5275590551181 91.33858267716535 de
2130.7086614173227 3566.9291338582675 119.68503937007874 91.33858267716535 ce

187.4015748031496 3626.771653543307 272.4409448818898 91.33858267716535 Musée.

292.9133858267717 3707.0866141732286 182.6771653543307 88.18897637795276 La
384.251968503937 3707.0866141732286 305.51181102362204 88.18897637795276 France
598.4251968503937 3707.0866141732286 152.75590551181102 88.18897637795276 a
658.2677165354331 3707.0866141732286 366.92913385826773 88.18897637795276 toujours
933.8582677165355 3707.0866141732286 214.17322834645668 88.18897637795276 été
1056.6929133858268 3707.0866141732286 488.18897637795277 88.18897637795276 nospitalière
1453.5433070866143 3707.0866141732286 182.6771653543307 88.18897637795276 et
1544.8818897637796 3707.0866141732286 396.8503937007874 88.18897637795276 généreuse
1850.3937007874015 3707.0866141732286 214.17322834645668 88.18897637795276 aux
1941.732283464567 3707.0866141732286 305.51181102362204 88.18897637795276 artistes

226.77165354330708 3773.228346456693 436.2204724409449 77.16535433070867 étrangers.
570.0787401574803 3773.228346456693 217.3228346456693 77.16535433070867 Son
694.488188976378 3773.228346456693 373.2283464566929 77.16535433070867 ancienne
973.2283464566929 3773.228346456693 373.2283464566929 77.16535433070867 Académie
1253.5433070866143 3773.228346456693 311.81102362204723 77.16535433070867 royale
1470.8661417322835 3773.228346456693 187.4015748031496 77.16535433070867 de
1565.3543307086613 3773.228346456693 373.2283464566929 77.16535433070867 Peinture
1844.0944881889764 3773.228346456693 187.4015748031496 77.16535433070867 et
1938.5826771653544 3773.228346456693 187.4015748031496 77.16535433070867 de
2000.0 3773.228346456693 248.8188976377953 77.16535433070867 Sculp-

229.92125984251967 3836.220472440945 237.79527559055117 85.03937007874016 ture
377.9527559055118 3836.220472440945 385.8267716535433 85.03937007874016 admettait
675.5905511811023 3836.220472440945 267.7165354330709 85.03937007874016 parmi
853.5433070866142 3836.220472440945 207.8740157480315 85.03937007874016 ses
971.6535433070866 3836.220472440945 325.98425196850394 85.03937007874016 membres
1209.4488188976377 3836.220472440945 177.95275590551182 85.03937007874016 et
1299.2125984251968 3836.220472440945 207.8740157480315 85.03937007874016 par
1417.3228346456692 3836.220472440945 267.7165354330709 85.03937007874016 suite
1595.275590551181 3836.220472440945 148.03149606299212 85.03937007874016 à
1655.1181102362204 3836.220472440945 207.8740157480315 85.03937007874016 ses
1773.2283464566929 3836.220472440945 445.6692913385827 85.03937007874016 expositions
2100.787401574803 3836.220472440945 148.03149606299212 85.03937007874016 les

234.64566929133858 3916.535433070866 226.77165354330708 81.88976377952756 plus
376.37795275590554 3916.535433070866 368.503937007874 81.88976377952756 illustres
659.8425196850394 3916.535433070866 311.81102362204723 81.88976377952756 d’entre
886.6141732283464 3916.535433070866 226.77165354330708 81.88976377952756 eux;
1028.3464566929133 3916.535433070866 170.07874015748033 81.88976377952756 et
1113.3858267716535 3916.535433070866 255.11811023622047 81.88976377952756 c’est
1283.4645669291338 3916.535433070866 255.11811023622047 81.88976377952756 ainsi
1453.5433070866143 3916.535433070866 198.4251968503937 81.88976377952756 que
1566.9291338582677 3916.535433070866 170.07874015748033 81.88976377952756 le
1651.9685039370079 3916.535433070866 283.46456692913387 81.88976377952756 Louvre
1850.3937007874015 3916.535433070866 170.07874015748033 81.88976377952756 et
1907.0866141732283 3916.535433070866 340.15748031496065 81.88976377952756 Versailles

229.92125984251967 3984.251968503937 396.8503937007874 96.06299212598425 possèdent
533.8582677165355 3984.251968503937 396.8503937007874 96.06299212598425 certaines
839.3700787401575 3984.251968503937 305.51181102362204 96.06299212598425 œuvres
1053.5433070866143 3984.251968503937 182.6771653543307 96.06299212598425 de
1144.8818897637796 3984.251968503937 182.6771653543307 96.06299212598425 la
1236.2204724409448 3984.251968503937 366.92913385826773 96.06299212598425 Rosalba,
1511.8110236220473 3984.251968503937 182.6771653543307 96.06299212598425 de
1603.1496062992126 3984.251968503937 396.8503937007874 96.06299212598425 Lundberg.
1908.6614173228347 3984.251968503937 182.6771653543307 96.06299212598425 de
1970.0787401574803 3984.251968503937 274.01574803149606 96.06299212598425 Pauini,

1902.3622047244094 4047.244094488189 110.23622047244095 99.21259842519684 7s
