1817 3128
1307 315 117 55 VII

133 371 115 52 en
190 371 173 52 1793,
305 371 115 52 et
363 371 173 52 comme
478 371 307 52 conservateur
727 371 115 52 du
785 371 173 52 dépôt
900 371 115 52 de
958 371 211 52 l’hôtel
1111 371 115 52 de
1169 371 192 52 Nesle,
1303 371 115 52 où
1341 371 77 52 il

133 412 233 63 rassembla
312 412 143 63 tout
401 412 107 63 ce
455 412 161 63 qu’il
562 412 125 63 put
634 412 179 63 sauver
759 412 125 63 des
831 412 268 63 collections
1045 412 197 63 formées
1188 412 125 63 par
1260 412 125 63 les
1314 412 107 63 plus

130 458 237 54 célèbres
308 458 237 54 amateurs
485 458 118 54 de
524 458 237 54 l’époque.»

177 491 201 70 L’année
323 491 146 70 1802
414 491 201 70 n’était
560 491 128 70 pas
633 491 164 70 finie
743 491 128 70 que
816 491 201 70 Naigeon
962 491 164 70 avait
1072 491 164 70 réuni
1182 491 128 70 les
1236 491 183 70 éléments

132 551 124 49 de
194 551 145 49 son
277 551 207 49 Musée,
422 551 124 49 et
485 551 166 49 avec
588 551 249 49 beaucoup
775 551 124 49 de
837 551 352 49 discernement.
1127 551 145 49 Les
1210 551 207 49 Rubens
1334 551 83 49 en

133 596 246 50 formaient
322 596 321 50 naturellement
587 596 113 50 la
644 596 170 50 tête;
757 596 151 50 puis
852 596 113 50 il
908 596 170 50 avait
1022 596 189 50 choisi
1154 596 151 50 cinq
1230 596 189 50 tableaux

132 637 191 53 divers
266 637 115 53 de
323 637 115 53 ce
381 637 134 53 Ph.
457 637 115 53 de
515 637 268 53 Champaigne
725 637 134 53 qui
802 637 172 53 avait
916 637 153 53 tant
1012 637 249 53 travaillé
1204 637 172 53 jadis
1318 637 96 53 à
1337 637 77 53 la

133 679 264 53 décoration
341 679 113 53 du
397 679 208 53 palais,
548 679 113 53 et
605 679 132 53 qui
680 679 208 53 l’avait
831 679 151 53 même
925 679 189 53 habité
1058 679 264 53 longtemps;
1265 679 151 53 puis
1341 679 75 53 il

134 720 156 54 était
238 720 139 54 allé
325 720 208 54 chercher
481 720 87 54 à
516 720 261 54 Versailles,
724 720 139 54 dans
811 720 104 54 le
863 720 156 54 Musée
967 720 104 54 de
1019 720 191 54 l’Ecole
1158 720 243 54 française,
1332 720 87 54 les

134 760 217 53 tableaux
297 760 109 53 de
351 760 109 53 la
405 760 127 53 vie
478 760 109 53 de
532 760 163 53 saint
640 760 181 53 Bruno,
767 760 181 53 peints
894 760 127 53 par
966 760 109 53 Le
1020 760 163 53 Sueur
1129 760 145 53 pour
1219 760 109 53 le
1255 760 163 53 cloître

128 805 137 52 des
207 805 274 52 Chartreux,
422 805 137 52 les
500 805 156 52 plus
598 805 215 52 proches
754 805 215 52 voisins
911 805 117 52 du
969 805 293 52 Luxembourg;
1204 805 176 52 puis,
1302 805 117 52 dans

131 849 110 45 ce
186 849 202 45 cloître
333 849 129 45 des
406 849 257 45 Chartreux,
609 849 202 45 Naigeon
756 849 166 45 avait
866 849 184 45 encore
995 849 184 45 trouvé
1124 849 129 45 les
1197 849 147 45 deux
1271 849 147 45 autres

134 889 96 51 Le
182 889 161 51 Sueur,
295 889 257 51 représentant
504 889 96 51 le
552 889 177 51 <i>Plan
681 889 96 51 de
729 889 96 51 la
777 889 289 51 Chartreuse</i>
1018 889 96 51 et
1066 889 96 51 la
1115 889 241 51 <i>Dédicace
1291 889 129 51 de</i>

134 928 317 46 <i>l’église,</i>
404 928 111 46 et,
467 928 95 46 en
515 928 159 46 outre,
626 928 111 46 les
689 928 143 46 vingt
785 928 190 46 paysages
927 928 159 46 peints
1038 928 111 46 sur
1102 928 111 46 les
1165 928 159 46 volets
1260 928 159 46 destinés

131 968 93 45 à
169 968 204 45 couvrir
317 968 130 45 les
392 968 223 45 tableaux
559 968 112 45 de
615 968 223 45 Lesueur;
782 968 186 45 enfin,
912 968 112 45 il
968 968 204 45 s’était
1117 968 149 45 fait
1210 968 204 45 livrer,
1340 968 74 45 au

133 1007 239 50 Ministère
316 1007 110 50 de
371 1007 110 50 la
426 1007 202 50 marine,
573 1007 110 50 la
628 1007 165 50 suite
739 1007 129 50 des
812 1007 165 50 ports
922 1007 110 50 de
977 1007 202 50 France,
1124 1007 129 50 par
1198 1007 147 50 Jos.
1271 1007 147 50 Vernet

136 1053 99 50 et
185 1053 132 50 Hue,
267 1053 99 50 et
316 1053 99 50 le
366 1053 115 50 nom
432 1053 99 50 de
481 1053 197 50 <i>salle
629 1053 115 50 des
695 1053 230 50 Vernet</i>
875 1053 99 50 en
925 1053 115 50 est
991 1053 148 50 resté
1089 1053 82 50 à
1122 1053 148 50 cette
1221 1053 197 50 enfilade
1352 1053 66 50 de

132 1094 192 52 salles
266 1094 153 52 dont
362 1094 230 52 l’espace
535 1094 211 52 faisait
688 1094 326 52 primitivement
957 1094 192 52 partie
1091 1094 115 52 de
1148 1094 115 52 la
1206 1094 211 52 galerie
1340 1094 77 52 de

136 1136 220 44 Médicis.
301 1136 110 44 En
356 1136 202 44 formant
502 1136 110 44 de
557 1136 128 44 ces
630 1136 220 44 diverses
795 1136 275 44 collections
1015 1136 238 44 capitales
1198 1136 110 44 le
1253 1136 165 44 Musée
1345 1136 73 44 du

132 1176 179 52 Sénat
251 1176 337 52 conservateur,
529 1176 218 52 Naigeon
688 1176 238 52 assurait
866 1176 119 52 au
926 1176 278 52 Luxembourg
1144 1176 139 52 une
1204 1176 218 52 incontes-

135 1217 180 50 table
255 1217 281 50 importance
476 1217 120 50 et
536 1217 361 50 l’empressement
837 1217 140 50 des
917 1217 241 50 curieux,
1097 1217 120 50 et
1157 1217 120 50 du
1218 1217 160 50 même
1298 1217 120 50 coup

134 1267 281 72 soulageait
354 1267 120 72 la
415 1267 200 72 grande
555 1267 221 72 galerie
715 1267 120 72 du
775 1267 221 72 Louvre,
936 1267 140 72 qui
1016 1267 261 72 s’accomme
1217 1267 120 72 de
1277 1267 140 72 peu
1337 1267 80 72 de

138 1298 168 61 telles
256 1298 168 61 séries
374 1298 101 61 et
425 1298 118 61 qui
492 1298 101 61 en
542 1298 135 61 noie
610 1298 202 61 l’intérêt.

174 1330 223 81 Naigeon,
342 1330 149 81 pour
434 1330 241 81 compléter
620 1330 130 81 son
695 1330 186 81 musée,
825 1330 260 81 recueillit
1029 1330 93 81 à
1066 1330 186 81 droite
1196 1330 111 81 et
1252 1330 93 81 à
1270 1330 149 81 gauche

133 1396 119 48 un
193 1396 237 48 Raphaël,
371 1396 119 48 un
430 1396 237 48 Poussin,
608 1396 119 48 un
667 1396 277 48 Rembrandt,
885 1396 119 48 un
944 1396 218 48 Titien,
1103 1396 119 48 un
1162 1396 257 48 Ruysdael,
1340 1396 79 48 un

136 1439 230 48 Terburg,
308 1439 115 48 un
366 1439 134 48 Van
442 1439 192 48 Velde,
576 1439 115 48 et
634 1439 115 48 la
691 1439 268 48 collection
902 1439 153 48 dura
998 1439 172 48 ainsi
1113 1439 115 48 de
1170 1439 153 48 1803
1266 1439 96 48 à
1285 1439 134 48 1815.

140 1482 108 48 En
194 1482 162 48 1815,
302 1482 126 48 les
374 1482 198 48 alliés,
518 1482 108 48 en
572 1482 108 48 se
626 1482 234 48 retirant,
806 1482 126 48 ont
878 1482 216 48 remporté
1040 1482 108 48 le
1094 1482 162 48 butin
1202 1482 108 48 de
1256 1482 126 48 nos
1310 1482 108 48 con-

136 1522 208 50 quêtes;
287 1522 113 50 il
344 1522 151 50 faut
439 1522 208 50 combler
590 1522 132 50 les
666 1522 208 50 lacunes
817 1522 113 50 du
874 1522 208 50 Louvre,
1025 1522 113 50 et
1082 1522 132 50 les
1157 1522 189 50 Rubens
1290 1522 113 50 et
1327 1522 95 50 les

133 1561 114 58 Le
190 1561 170 58 Sueur
304 1561 95 58 y
341 1561 152 58 sont
436 1561 246 58 rappelés.
626 1561 114 58 Il
682 1561 114 58 ne
739 1561 170 58 reste
853 1561 152 58 plus
947 1561 114 58 au
1004 1561 265 58 Luxembourg
1213 1561 133 58 que
1288 1561 114 58 17
1326 1561 95 58 ta-

133 1602 192 55 bleaux
267 1602 230 55 anciens,
440 1602 115 55 et
497 1602 134 55 les
574 1602 115 55 17
632 1602 249 55 eux-mêmes
823 1602 307 55 retourneront
1073 1602 115 55 au
1130 1602 173 55 Musée
1245 1602 173 55 royal
1341 1602 77 55 en

109 1646 151 59 1821.

177 1683 163 71 Mais
279 1683 123 71 la
340 1683 225 71 galerie
503 1683 123 71 de
565 1683 123 71 la
626 1683 225 71 Chambre
789 1683 143 71 des
871 1683 184 71 Pairs
993 1683 123 71 ne
1055 1683 184 71 pouva
1177 1683 204 71 rester
1300 1683 123 71 sans

135 1738 261 57 tableaux,
336 1738 121 57 et
396 1738 121 57 de
456 1738 121 57 ce
517 1738 201 57 moment
657 1738 161 57 date
758 1738 121 57 la
818 1738 181 57 vraie
939 1738 241 57 création
1120 1738 121 57 de
1180 1738 181 57 notre
1280 1738 141 57 Musée

136 1786 221 49 actuel.
297 1786 181 49 Louis
417 1786 181 49 XVIII
538 1786 221 49 ordonna
699 1786 141 49 que
779 1786 181 49 cette
900 1786 221 49 galerie
1060 1786 141 49 fût
1141 1786 261 49 consacrée
1322 1786 100 49 aux

137 1824 223 50 ouvrages
305 1824 130 50 des
379 1824 223 50 artistes
547 1824 242 50 nationaux
733 1824 223 50 vivants,
901 1824 112 50 et
957 1824 112 50 le
1012 1824 112 50 24
1068 1824 168 50 avril
1180 1824 149 50 1818
1273 1824 149 50 elle
1348 1824 74 50 se

139 1876 217 43 rouvrait
302 1876 145 43 avec
392 1876 109 43 74
447 1876 217 43 tableaux
610 1876 109 43 de
664 1876 199 43 l’École
809 1876 235 43 française
990 1876 326 43 contemporaine.
1243 1876 181 43 Bientôt,

138 1909 168 56 grâce
250 1909 93 56 à
288 1909 261 56 l’activité
493 1909 112 56 de
549 1909 224 56 Naigeon,
717 1909 112 56 on
773 1909 93 56 y
810 1909 131 56 put
885 1909 149 56 voir
978 1909 205 56 l’œuvre
1127 1909 205 56 presque
1258 1909 168 56 complet

143 1951 88 44 de
187 1951 147 44 David,
291 1951 103 44 les
350 1951 265 44 <i>Horaces</i>
571 1951 88 44 et
615 1951 88 44 le
659 1951 265 44 <i>Brutus</i>,
880 1951 88 44 et
924 1951 88 44 la
968 1951 162 44 <i>Mort
1086 1951 88 44 de
1130 1951 236 44 Socrate</i>,
1307 1951 118 44 prètée

144 1989 96 57 par
199 1989 82 57 M.
240 1989 82 57 de
282 1989 137 57 Verac,
378 1989 82 57 et
419 1989 179 57 <i>Paris/
556 1989 82 57 et
598 1989 206 57 Hélène</i>,
763 1989 124 57 enfin
845 1989 96 57 les
900 1989 247 57 <i>Sabines</i>
1106 1989 82 57 et
1147 1989 82 57 le
1175 1989 247 57 <i>Léonidas</i>.

181 2037 115 60 Ce
238 2037 134 60 que
315 2037 115 60 le
373 2037 211 60 Louvre,
526 2037 192 60 depuis
660 2037 173 60 lors,
775 2037 96 60 a
814 2037 211 60 possédé
967 2037 115 60 de
1024 2037 153 60 plus
1120 2037 249 60 important
1293 2037 134 60 entre

138 2086 137 54 les
217 2086 195 54 œuvres
353 2086 117 54 de
412 2086 254 54 Prud’hon,
607 2086 117 54 de
665 2086 215 54 Gérard,
821 2086 117 54 de
880 2086 215 54 Guérin,
1036 2086 117 54 de
1094 2086 215 54 Granet,
1250 2086 176 54 etc.,
1348 2086 78 54 le

140 2129 192 73 public
274 2129 211 73 l’avait
427 2129 153 73 déjà
523 2129 192 73 admiré
657 2129 115 73 au
714 2129 287 73 Luxembourg.
944 2129 172 73 C’est
1059 2129 115 73 là
1117 2129 153 73 que,
1212 2129 153 73 dans
1289 2129 134 73 quel-

140 2178 151 52 ques
234 2178 151 52 mois
328 2178 151 52 vous
423 2178 169 52 allez
536 2178 188 52 encore
667 2178 207 52 trouver
818 2178 94 52 à
856 2178 264 52 moissonner
1063 2178 94 52 à
1101 2178 207 52 pleines
1232 2178 151 52 mains.

176 2217 353 56 Permettez-moi,
470 2217 235 56 Monsieur
647 2217 118 56 le
706 2217 333 56 Surintendant,
980 2217 118 56 de
1039 2217 235 56 rappeler
1196 2217 235 56 maintenant

142 2265 95 58 à
180 2265 170 58 votre
293 2265 208 58 mémoire
445 2265 151 58 deux
540 2265 246 58 questions
729 2265 151 58 bien
823 2265 284 58 importantes
1050 2265 151 58 pour
1145 2265 227 58 l’avenir
1315 2265 114 58 de
1353 2265 76 58 ce

119 2303 173 58 Musée.

186 2354 116 56 La
244 2354 194 56 France
380 2354 97 56 a
418 2354 233 56 toujours
593 2354 136 56 été
671 2354 310 56 nospitalière
923 2354 116 56 et
981 2354 252 56 généreuse
1175 2354 136 56 aux
1233 2354 194 56 artistes

144 2396 277 49 étrangers.
362 2396 138 49 Son
441 2396 237 49 ancienne
618 2396 237 49 Académie
796 2396 198 49 royale
934 2396 119 49 de
994 2396 237 49 Peinture
1171 2396 119 49 et
1231 2396 119 49 de
1270 2396 158 49 Sculp-

146 2436 151 54 ture
240 2436 245 54 admettait
429 2436 170 54 parmi
542 2436 132 54 ses
617 2436 207 54 membres
768 2436 113 54 et
825 2436 132 54 par
900 2436 170 54 suite
1013 2436 94 54 à
1051 2436 132 54 ses
1126 2436 283 54 expositions
1334 2436 94 54 les

149 2487 144 52 plus
239 2487 234 52 illustres
419 2487 198 52 d’entre
563 2487 144 52 eux;
653 2487 108 52 et
707 2487 162 52 c’est
815 2487 162 52 ainsi
923 2487 126 52 que
995 2487 108 52 le
1049 2487 180 52 Louvre
1175 2487 108 52 et
1211 2487 216 52 Versailles

146 2530 252 61 possèdent
339 2530 252 61 certaines
533 2530 194 61 œuvres
669 2530 116 61 de
727 2530 116 61 la
785 2530 233 61 Rosalba,
960 2530 116 61 de
1018 2530 252 61 Lundberg.
1212 2530 116 61 de
1251 2530 174 61 Pauini,

1208 2570 70 63 <b>7s</b>
