2833.0708661417325 4929.133858267716
462.99212598425197 466.1417322834646 201.5748031496063 121.25984251968504 VIII

503.93700787401576 585.8267716535433 176.3779527559055 88.18897637795276 de
592.1259842519685 585.8267716535433 322.8346456692913 88.18897637795276 Roslin,
826.7716535433071 585.8267716535433 176.3779527559055 88.18897637795276 de
914.9606299212599 585.8267716535433 322.8346456692913 88.18897637795276 Sergell
1151.1811023622047 585.8267716535433 176.3779527559055 88.18897637795276 et
1239.3700787401574 585.8267716535433 176.3779527559055 88.18897637795276 de
1325.984251968504 585.8267716535433 234.64566929133858 88.18897637795276 tant
1474.015748031496 585.8267716535433 381.1023622047244 88.18897637795276 d’autres.
1766.9291338582677 585.8267716535433 146.45669291338584 88.18897637795276 —
1825.1968503937007 585.8267716535433 206.29921259842519 88.18897637795276 Nos
1943.3070866141732 585.8267716535433 469.29133858267716 88.18897637795276 expositions,
2296.0629921259842 585.8267716535433 234.64566929133858 88.18897637795276 depuis

505.51181102362204 648.8188976377953 374.8031496062992 77.16535433070867 cinquante
793.7007874015748 648.8188976377953 231.49606299212599 77.16535433070867 ans,
938.5826771653543 648.8188976377953 259.84251968503935 77.16535433070867 n’ont
1111.8110236220473 648.8188976377953 288.18897637795277 77.16535433070867 jamais
1313.3858267716535 648.8188976377953 259.84251968503935 77.16535433070867 cessé
1486.6141732283465 648.8188976377953 288.18897637795277 77.16535433070867 d’être
1688.1889763779527 648.8188976377953 491.33858267716533 77.16535433070867 universelles,
2092.9133858267714 648.8188976377953 173.22834645669292 77.16535433070867 en
2179.527559055118 648.8188976377953 173.22834645669292 77.16535433070867 ce
2266.1417322834645 648.8188976377953 231.49606299212599 77.16535433070867 sens
2381.1023622047246 648.8188976377953 144.88188976377953 77.16535433070867 que

505.51181102362204 725.9842519685039 270.86614173228344 80.31496062992126 toute
686.6141732283464 725.9842519685039 270.86614173228344 80.31496062992126 œuvre
866.1417322834645 725.9842519685039 211.0236220472441 80.31496062992126 qui
987.4015748031496 725.9842519685039 211.0236220472441 80.31496062992126 s’y
1108.6614173228347 725.9842519685039 211.0236220472441 80.31496062992126 est
1228.3464566929133 725.9842519685039 422.0472440944882 80.31496062992126 présentée,
1560.6299212598426 725.9842519685039 300.78740157480314 80.31496062992126 signée
1771.6535433070867 725.9842519685039 240.9448818897638 80.31496062992126 d’un
1921.259842519685 725.9842519685039 211.0236220472441 80.31496062992126 nom
2042.5196850393702 725.9842519685039 332.2834645669291 80.31496062992126 réputé,
2283.464566929134 725.9842519685039 240.9448818897638 80.31496062992126 soit
2403.149606299213 725.9842519685039 121.25984251968504 80.31496062992126 en

505.51181102362204 785.8267716535433 439.37007874015745 72.44094488188976 Angleterre,
858.2677165354331 785.8267716535433 234.64566929133858 72.44094488188976 soit
1004.7244094488188 785.8267716535433 176.3779527559055 72.44094488188976 en
1092.9133858267717 785.8267716535433 381.1023622047244 72.44094488188976 Belgique,
1385.8267716535433 785.8267716535433 234.64566929133858 72.44094488188976 soit
1532.283464566929 785.8267716535433 176.3779527559055 72.44094488188976 en
1620.4724409448818 785.8267716535433 411.0236220472441 72.44094488188976 Allemagne,
1943.3070866141732 785.8267716535433 234.64566929133858 72.44094488188976 soit
2089.763779527559 785.8267716535433 146.45669291338584 72.44094488188976 à
2148.031496062992 785.8267716535433 264.56692913385825 72.44094488188976 Rome,
2324.4094488188975 785.8267716535433 234.64566929133858 72.44094488188976 soit
2440.9448818897636 785.8267716535433 88.18897637795276 72.44094488188976 à

505.51181102362204 848.8188976377953 332.2834645669291 74.01574803149606 Madrid,
746.4566929133858 848.8188976377953 151.1811023622047 74.01574803149606 y
807.8740157480315 848.8188976377953 151.1811023622047 74.01574803149606 a
867.7165354330708 848.8188976377953 211.0236220472441 74.01574803149606 été
988.9763779527559 848.8188976377953 423.62204724409446 74.01574803149606 accueillie
1321.259842519685 848.8188976377953 181.10236220472441 74.01574803149606 et
1411.023622047244 848.8188976377953 332.2834645669291 74.01574803149606 étudiée
1653.5433070866143 848.8188976377953 240.9448818897638 74.01574803149606 avec
1804.724409448819 848.8188976377953 332.2834645669291 74.01574803149606 faveur;
2045.6692913385828 848.8188976377953 423.62204724409446 74.01574803149606 vous-même,
2348.031496062992 848.8188976377953 181.10236220472441 74.01574803149606 Mon-

505.51181102362204 916.5354330708661 285.03937007874015 75.59055118110236 sieur
694.488188976378 916.5354330708661 190.5511811023622 75.59055118110236 le
790.5511811023622 916.5354330708661 538.5826771653543 75.59055118110236 Surintendant,
1233.0708661417323 916.5354330708661 316.53543307086613 75.59055118110236 n’avez
1455.1181102362204 916.5354330708661 253.54330708661416 75.59055118110236 clos
1612.5984251968505 916.5354330708661 285.03937007874015 75.59055118110236 aucun
1803.1496062992126 916.5354330708661 222.04724409448818 75.59055118110236 des
1929.1338582677165 916.5354330708661 316.53543307086613 75.59055118110236 salôns
2151.181102362205 916.5354330708661 222.04724409448818 75.59055118110236 qui
2277.165354330709 916.5354330708661 190.5511811023622 75.59055118110236 se
2340.1574803149606 916.5354330708661 190.5511811023622 75.59055118110236 sont

507.0866141732283 992.1259842519685 327.5590551181102 69.29133858267717 ouverts
744.8818897637796 992.1259842519685 237.79527559055117 69.29133858267717 sous
894.488188976378 992.1259842519685 267.7165354330709 69.29133858267717 votre
1072.4409448818897 992.1259842519685 417.3228346456693 69.29133858267717 direction,
1400.0 992.1259842519685 237.79527559055117 69.29133858267717 sans
1548.0314960629921 992.1259842519685 357.4803149606299 69.29133858267717 acquérir
1817.3228346456692 992.1259842519685 207.8740157480315 69.29133858267717 les
1935.4330708661416 992.1259842519685 237.79527559055117 69.29133858267717 plus
2085.0393700787404 992.1259842519685 417.3228346456693 69.29133858267717 méritoires
2382.6771653543306 992.1259842519685 148.03149606299212 69.29133858267717 des

503.93700787401576 1053.5433070866143 294.48818897637796 74.01574803149606 œuvros
710.2362204724409 1053.5433070866143 440.9448818897638 74.01574803149606 étrangères,
1062.992125984252 1053.5433070866143 411.0236220472441 74.01574803149606 lesquelles
1385.8267716535433 1053.5433070866143 206.29921259842519 74.01574803149606 ont
1503.9370078740158 1053.5433070866143 206.29921259842519 74.01574803149606 été
1620.4724409448818 1053.5433070866143 382.6771653543307 74.01574803149606 jusqu’ici
1914.9606299212599 1053.5433070866143 440.9448818897638 74.01574803149606 distribuées
2267.716535433071 1053.5433070866143 206.29921259842519 74.01574803149606 par
2355.9055118110236 1053.5433070866143 176.3779527559055 74.01574803149606 vous

507.0866141732283 1119.6850393700788 211.0236220472441 77.16535433070867 aux
628.3464566929134 1119.6850393700788 392.12598425196853 77.16535433070867 meilleurs
929.1338582677165 1119.6850393700788 302.3622047244094 77.16535433070867 musées
1141.732283464567 1119.6850393700788 181.10236220472441 77.16535433070867 de
1231.4960629921259 1119.6850393700788 181.10236220472441 77.16535433070867 la
1322.8346456692914 1119.6850393700788 392.12598425196853 77.16535433070867 province.
1625.1968503937007 1119.6850393700788 240.9448818897638 77.16535433070867 Mais
1774.8031496062993 1119.6850393700788 181.10236220472441 77.16535433070867 le
1866.1417322834645 1119.6850393700788 332.2834645669291 77.16535433070867 Louvre,
2107.0866141732286 1119.6850393700788 272.4409448818898 77.16535433070867 après
2289.763779527559 1119.6850393700788 181.10236220472441 77.16535433070867 la
2349.6062992125985 1119.6850393700788 181.10236220472441 77.16535433070867 mort

507.0866141732283 1179.5275590551182 173.22834645669292 69.29133858267717 de
593.7007874015748 1179.5275590551182 201.5748031496063 69.29133858267717 ces
708.6614173228346 1179.5275590551182 346.45669291338584 69.29133858267717 artistes
968.503937007874 1179.5275590551182 231.49606299212599 69.29133858267717 dont
1113.3858267716535 1179.5275590551182 201.5748031496063 69.29133858267717 les
1228.3464566929133 1179.5275590551182 259.84251968503935 69.29133858267717 choix
1401.5748031496064 1179.5275590551182 173.22834645669292 69.29133858267717 de
1488.1889763779527 1179.5275590551182 404.7244094488189 69.29133858267717 l’Empereur
1806.2992125984251 1179.5275590551182 173.22834645669292 69.29133858267717 et
1892.9133858267717 1179.5275590551182 201.5748031496063 69.29133858267717 les
2009.4488188976377 1179.5275590551182 519.6850393700787 69.29133858267717 encouragements
2414.1732283464567 1179.5275590551182 114.96062992125984 69.29133858267717 de

502.3622047244094 1239.3700787401574 587.4015748031496 78.74015748031496 l’administration
1001.5748031496063 1239.3700787401574 206.29921259842519 78.74015748031496 des
1119.6850393700788 1239.3700787401574 411.0236220472441 78.74015748031496 Beaux-Arts
1442.5196850393702 1239.3700787401574 469.29133858267716 78.74015748031496 consacraient
1823.6220472440946 1239.3700787401574 176.3779527559055 78.74015748031496 en
1911.8110236220473 1239.3700787401574 292.9133858267717 78.74015748031496 France
2118.1102362204724 1239.3700787401574 176.3779527559055 78.74015748031496 la
2176.3779527559054 1239.3700787401574 352.755905511811 78.74015748031496 notoriété,

503.93700787401576 1310.236220472441 332.2834645669291 75.59055118110236 courait
744.8818897637796 1310.236220472441 302.3622047244094 75.59055118110236 risque
957.4803149606299 1310.236220472441 181.10236220472441 75.59055118110236 de
1047.244094488189 1310.236220472441 362.20472440944883 75.59055118110236 n’avoir,
1319.6850393700788 1310.236220472441 242.51968503937007 75.59055118110236 pour
1470.8661417322835 1310.236220472441 181.10236220472441 75.59055118110236 sa
1562.2047244094488 1310.236220472441 272.4409448818898 75.59055118110236 part,
1743.3070866141732 1310.236220472441 272.4409448818898 75.59055118110236 aucun
1924.4094488188975 1310.236220472441 453.54330708661416 75.59055118110236 échantillon
2286.6141732283463 1310.236220472441 181.10236220472441 75.59055118110236 de
2348.031496062992 1310.236220472441 181.10236220472441 75.59055118110236 leur

502.3622047244094 1377.9527559055118 333.8582677165354 75.59055118110236 talent,
744.8818897637796 1377.9527559055118 181.10236220472441 75.59055118110236 et
834.6456692913385 1377.9527559055118 242.51968503937007 75.59055118110236 vous
985.8267716535433 1377.9527559055118 242.51968503937007 75.59055118110236 avez
1138.5826771653544 1377.9527559055118 272.4409448818898 75.59055118110236 pensé
1319.6850393700788 1377.9527559055118 242.51968503937007 75.59055118110236 avec
1470.8661417322835 1377.9527559055118 333.8582677165354 75.59055118110236 justice
1713.3858267716535 1377.9527559055118 302.3622047244094 75.59055118110236 qu’une
1924.4094488188975 1377.9527559055118 272.4409448818898 75.59055118110236 salle
2107.0866141732286 1377.9527559055118 181.10236220472441 75.59055118110236 du
2166.9291338582675 1377.9527559055118 363.7795275590551 75.59055118110236 Luxembourg

508.66141732283467 1442.5196850393702 360.62992125984255 74.01574803149606 pourrait
779.5275590551181 1442.5196850393702 240.9448818897638 74.01574803149606 vous
929.1338582677165 1442.5196850393702 300.78740157480314 74.01574803149606 garder
1140.1574803149606 1442.5196850393702 181.10236220472441 74.01574803149606 en
1229.9212598425197 1442.5196850393702 330.70866141732284 74.01574803149606 réserve
1470.8661417322835 1442.5196850393702 211.0236220472441 74.01574803149606 les
1592.1259842519685 1442.5196850393702 240.9448818897638 74.01574803149606 plus
1741.732283464567 1442.5196850393702 360.62992125984255 74.01574803149606 précieux
2012.5984251968505 1442.5196850393702 360.62992125984255 74.01574803149606 morceaux
2283.464566929134 1442.5196850393702 211.0236220472441 74.01574803149606 des
2373.228346456693 1442.5196850393702 151.1811023622047 74.01574803149606 ar-

505.51181102362204 1511.8110236220473 307.0866141732283 77.16535433070867 tistes
719.6850393700787 1511.8110236220473 398.4251968503937 77.16535433070867 étrangers
1025.1968503937007 1511.8110236220473 184.251968503937 77.16535433070867 se
1118.1102362204724 1511.8110236220473 428.34645669291336 77.16535433070867 produisant
1455.1181102362204 1511.8110236220473 152.75590551181102 77.16535433070867 à
1516.5354330708662 1511.8110236220473 214.17322834645668 77.16535433070867 nos
1639.3700787401574 1511.8110236220473 459.84251968503935 77.16535433070867 expositions
2006.2992125984251 1511.8110236220473 184.251968503937 77.16535433070867 et
2099.212598425197 1511.8110236220473 245.66929133858267 77.16535433070867 dont
2251.968503937008 1511.8110236220473 184.251968503937 77.16535433070867 la
2313.3858267716537 1511.8110236220473 214.17322834645668 77.16535433070867 place

505.51181102362204 1571.6535433070867 289.76377952755905 70.86614173228347 était
697.6377952755905 1571.6535433070867 352.755905511811 70.86614173228347 marquée
954.3307086614174 1571.6535433070867 385.8267716535433 70.86614173228347 d’avance
1244.0944881889764 1571.6535433070867 256.6929133858268 70.86614173228347 dans
1404.724409448819 1571.6535433070867 192.1259842519685 70.86614173228347 la
1500.7874015748032 1571.6535433070867 321.25984251968504 70.86614173228347 grande
1725.984251968504 1571.6535433070867 385.8267716535433 70.86614173228347 histoire
2015.748031496063 1571.6535433070867 192.1259842519685 70.86614173228347 de
2111.8110236220473 1571.6535433070867 289.76377952755905 70.86614173228347 l’art
2303.9370078740158 1571.6535433070867 225.1968503937008 70.86614173228347 que
2400.0 1571.6535433070867 129.13385826771653 70.86614173228347 le

507.0866141732283 1633.0708661417323 310.23622047244095 78.74015748031496 Louvre
724.4094488188977 1633.0708661417323 310.23622047244095 78.74015748031496 montre
943.3070866141733 1633.0708661417323 185.82677165354332 78.74015748031496 et
1036.2204724409448 1633.0708661417323 280.31496062992125 78.74015748031496 devra
1222.0472440944882 1633.0708661417323 527.5590551181102 78.74015748031496 éternellement
1656.6929133858268 1633.0708661417323 341.73228346456693 78.74015748031496 montrer
1905.5118110236222 1633.0708661417323 155.90551181102362 78.74015748031496 à
1968.5039370078741 1633.0708661417323 404.7244094488189 78.74015748031496 l’Europe.
2278.740157480315 1633.0708661417323 185.82677165354332 78.74015748031496 De
2341.732283464567 1633.0708661417323 185.82677165354332 78.74015748031496 même

507.0866141732283 1697.6377952755906 198.4251968503937 81.88976377952756 que
620.4724409448819 1697.6377952755906 170.07874015748033 81.88976377952756 le
705.511811023622 1697.6377952755906 285.03937007874015 81.88976377952756 Louvre
905.511811023622 1697.6377952755906 455.11811023622045 81.88976377952756 présenterait
1274.015748031496 1697.6377952755906 170.07874015748033 81.88976377952756 la
1360.6299212598426 1697.6377952755906 256.6929133858268 81.88976377952756 série
1530.708661417323 1697.6377952755906 198.4251968503937 81.88976377952756 des
1644.0944881889764 1697.6377952755906 285.03937007874015 81.88976377952756 écoles
1844.0944881889764 1697.6377952755906 370.0787401574803 81.88976377952756 anciennes
2127.5590551181103 1697.6377952755906 170.07874015748033 81.88976377952756 de
2212.5984251968503 1697.6377952755906 226.77165354330708 81.88976377952756 tous
2327.5590551181103 1697.6377952755906 198.4251968503937 81.88976377952756 pays,

505.51181102362204 1766.9291338582677 181.10236220472441 69.29133858267717 le
595.2755905511812 1766.9291338582677 423.62204724409446 69.29133858267717 Luxembourg
929.1338582677165 1766.9291338582677 393.7007874015748 69.29133858267717 offrirait
1231.4960629921259 1766.9291338582677 211.0236220472441 69.29133858267717 aux
1351.1811023622047 1766.9291338582677 332.2834645669291 69.29133858267717 curieux
1593.7007874015749 1766.9291338582677 211.0236220472441 69.29133858267717 des
1714.9606299212599 1766.9291338582677 272.4409448818898 69.29133858267717 types
1896.0629921259842 1766.9291338582677 332.2834645669291 69.29133858267717 heureux
2137.0078740157483 1766.9291338582677 211.0236220472441 69.29133858267717 des
2228.3464566929133 1766.9291338582677 302.3622047244094 69.29133858267717 diverses

507.0866141732283 1826.7716535433071 305.51181102362204 78.74015748031496 écoles
721.2598425196851 1826.7716535433071 366.92913385826773 78.74015748031496 vivantes
995.2755905511812 1826.7716535433071 184.251968503937 78.74015748031496 de
1088.1889763779527 1826.7716535433071 214.17322834645668 78.74015748031496 ces
1209.4488188976377 1826.7716535433071 275.59055118110234 78.74015748031496 mêmes
1393.7007874015749 1826.7716535433071 366.92913385826773 78.74015748031496 nations.
1669.291338582677 1826.7716535433071 184.251968503937 78.74015748031496 La
1760.6299212598426 1826.7716535433071 337.00787401574803 78.74015748031496 France,
2006.2992125984251 1826.7716535433071 184.251968503937 78.74015748031496 si
2097.6377952755906 1826.7716535433071 366.92913385826773 78.74015748031496 libérale
2341.732283464567 1826.7716535433071 184.251968503937 78.74015748031496 dis-

508.66141732283467 1894.4881889763778 415.748031496063 81.88976377952756 pensatrice
836.2204724409448 1894.4881889763778 177.95275590551182 81.88976377952756 de
924.4094488188977 1894.4881889763778 207.8740157480315 81.88976377952756 ses
1042.5196850393702 1894.4881889763778 503.93700787401576 81.88976377952756 enseignements
1458.267716535433 1894.4881889763778 177.95275590551182 81.88976377952756 et
1548.0314960629921 1894.4881889763778 237.79527559055117 81.88976377952756 dont
1696.0629921259842 1894.4881889763778 207.8740157480315 81.88976377952756 les
1815.748031496063 1894.4881889763778 297.6377952755906 81.88976377952756 grands
2023.6220472440946 1894.4881889763778 355.90551181102364 81.88976377952756 artistes
2259.8425196850394 1894.4881889763778 267.7165354330709 81.88976377952756 contem-

507.0866141732283 1960.6299212598426 321.25984251968504 85.03937007874016 porains
741.7322834645669 1960.6299212598426 204.7244094488189 85.03937007874016 ont
858.2677165354331 1960.6299212598426 321.25984251968504 85.03937007874016 répandu
1092.9133858267717 1960.6299212598426 174.8031496062992 85.03937007874016 si
1181.1023622047244 1960.6299212598426 234.64566929133858 85.03937007874016 loin
1325.984251968504 1960.6299212598426 234.64566929133858 85.03937007874016 leur
1472.4409448818897 1960.6299212598426 379.5275590551181 85.03937007874016 influence
1765.3543307086613 1960.6299212598426 204.7244094488189 85.03937007874016 par
1881.8897637795276 1960.6299212598426 174.8031496062992 85.03937007874016 de
1970.0787401574803 1960.6299212598426 174.8031496062992 85.03937007874016 là
2058.267716535433 1960.6299212598426 204.7244094488189 85.03937007874016 nos
2146.4566929133857 1960.6299212598426 379.5275590551181 85.03937007874016 frontières,

508.66141732283467 2037.7952755905512 302.3622047244094 85.03937007874016 devait
719.6850393700787 2037.7952755905512 422.0472440944882 85.03937007874016 d’ailleurs
1051.9685039370079 2037.7952755905512 270.86614173228344 85.03937007874016 cette
1231.4960629921259 2037.7952755905512 451.9685039370079 85.03937007874016 réciprocité
1593.7007874015749 2037.7952755905512 151.1811023622047 85.03937007874016 à
1655.1181102362204 2037.7952755905512 211.0236220472441 85.03937007874016 des
1774.8031496062993 2037.7952755905512 332.2834645669291 85.03937007874016 voisins
2015.748031496063 2037.7952755905512 211.0236220472441 85.03937007874016 qui
2137.0078740157483 2037.7952755905512 332.2834645669291 85.03937007874016 gardent
2348.031496062992 2037.7952755905512 181.10236220472441 85.03937007874016 avec

503.93700787401576 2092.9133858267714 429.9212598425197 64.56692913385827 courtoisie
842.5196850393701 2092.9133858267714 245.66929133858267 64.56692913385827 dans
996.8503937007874 2092.9133858267714 277.1653543307087 64.56692913385827 leurs
1181.1023622047244 2092.9133858267714 368.503937007874 64.56692913385827 galeries
1456.6929133858268 2092.9133858267714 338.5826771653543 64.56692913385827 royales
1702.3622047244094 2092.9133858267714 184.251968503937 64.56692913385827 ou
1795.275590551181 2092.9133858267714 429.9212598425197 64.56692913385827 publiques,
2132.283464566929 2092.9133858267714 184.251968503937 64.56692913385827 au
2225.196850393701 2092.9133858267714 307.0866141732283 64.56692913385827 milieu
2409.448818897638 2092.9133858267714 122.83464566929133 64.56692913385827 de

505.51181102362204 2154.3307086614172 264.56692913385825 85.03937007874016 leurs
681.8897637795276 2154.3307086614172 322.8346456692913 85.03937007874016 trésors
916.5354330708661 2154.3307086614172 411.0236220472441 85.03937007874016 nationaux,
1240.9448818897638 2154.3307086614172 206.29921259842519 85.03937007874016 des
1357.4803149606298 2154.3307086614172 352.755905511811 85.03937007874016 tableaux
1622.0472440944882 2154.3307086614172 322.8346456692913 85.03937007874016 choisis
1856.6929133858268 2154.3307086614172 176.3779527559055 85.03937007874016 de
1944.8818897637796 2154.3307086614172 206.29921259842519 85.03937007874016 nos
2062.9921259842517 2154.3307086614172 234.64566929133858 85.03937007874016 plus
2179.527559055118 2154.3307086614172 352.755905511811 85.03937007874016 excellents

505.51181102362204 2222.047244094488 387.40157480314963 81.88976377952756 peintres.
803.1496062992126 2222.047244094488 149.60629921259843 81.88976377952756 —
862.992125984252 2222.047244094488 237.79527559055117 81.88976377952756 Déjà
1012.5984251968504 2222.047244094488 177.95275590551182 81.88976377952756 un
1100.7874015748032 2222.047244094488 237.79527559055117 81.88976377952756 tout
1250.3937007874015 2222.047244094488 267.7165354330709 81.88976377952756 petit
1428.3464566929133 2222.047244094488 297.6377952755906 81.88976377952756 nombre
1637.7952755905512 2222.047244094488 417.3228346456693 81.88976377952756 d’ouvrages
1965.3543307086613 2222.047244094488 387.40157480314963 81.88976377952756 étrangers
2262.9921259842517 2222.047244094488 177.95275590551182 81.88976377952756 se
2322.834645669291 2222.047244094488 207.8740157480315 81.88976377952756 trou-

507.0866141732283 2288.1889763779527 267.7165354330709 74.01574803149606 vait,
685.0393700787401 2288.1889763779527 267.7165354330709 74.01574803149606 comme
864.5669291338583 2288.1889763779527 207.8740157480315 74.01574803149606 par
982.6771653543307 2288.1889763779527 327.5590551181102 74.01574803149606 hasard,
1222.0472440944882 2288.1889763779527 237.79527559055117 74.01574803149606 mêlé
1370.0787401574803 2288.1889763779527 207.8740157480315 74.01574803149606 aux
1489.763779527559 2288.1889763779527 387.40157480314963 74.01574803149606 peintures
1787.4015748031495 2288.1889763779527 417.3228346456693 74.01574803149606 françaises
2113.3858267716537 2288.1889763779527 177.95275590551182 74.01574803149606 de
2203.149606299213 2288.1889763779527 177.95275590551182 74.01574803149606 la
2262.9921259842517 2288.1889763779527 267.7165354330709 74.01574803149606 galerie

505.51181102362204 2346.4566929133857 203.1496062992126 78.74015748031496 du
606.2992125984252 2346.4566929133857 505.51181102362204 78.74015748031496 Luxembourg;
1011.0236220472441 2346.4566929133857 236.2204724409449 78.74015748031496 dès
1146.4566929133857 2346.4566929133857 236.2204724409449 78.74015748031496 que
1280.3149606299212 2346.4566929133857 203.1496062992126 78.74015748031496 ce
1382.6771653543308 2346.4566929133857 337.00787401574803 78.74015748031496 nombre
1618.8976377952756 2346.4566929133857 203.1496062992126 78.74015748031496 se
1719.6850393700788 2346.4566929133857 269.29133858267716 78.74015748031496 sera
1888.1889763779527 2346.4566929133857 540.1574803149606 78.74015748031496 suffisamment
2292.9133858267714 2346.4566929133857 236.2204724409449 78.74015748031496 accru

502.3622047244094 2415.748031496063 250.39370078740157 74.01574803149606 pour
658.2677165354331 2415.748031496063 311.81102362204723 74.01574803149606 former
877.1653543307086 2415.748031496063 187.4015748031496 74.01574803149606 un
970.0787401574803 2415.748031496063 311.81102362204723 74.01574803149606 groupe
1188.976377952756 2415.748031496063 499.21259842519686 74.01574803149606 respectable,
1595.275590551181 2415.748031496063 250.39370078740157 74.01574803149606 vous
1751.1811023622047 2415.748031496063 250.39370078740157 74.01574803149606 avez
1907.0866141732283 2415.748031496063 311.81102362204723 74.01574803149606 décidé
2124.4094488188975 2415.748031496063 311.81102362204723 74.01574803149606 qu’une
2311.8110236220473 2415.748031496063 218.89763779527559 74.01574803149606 salle

503.93700787401576 2485.0393700787404 231.49606299212599 75.59055118110236 leur
648.8188976377953 2485.0393700787404 289.76377952755905 75.59055118110236 serait
850.3937007874016 2485.0393700787404 376.37795275590554 75.59055118110236 consacrée
1141.732283464567 2485.0393700787404 289.76377952755905 75.59055118110236 auprès
1343.3070866141732 2485.0393700787404 173.22834645669292 75.59055118110236 de
1431.4960629921259 2485.0393700787404 203.1496062992126 75.59055118110236 nos
1546.4566929133857 2485.0393700787404 492.9133858267717 75.59055118110236 compatriotes;
1952.755905511811 2485.0393700787404 144.88188976377953 75.59055118110236 —
2011.023622047244 2485.0393700787404 261.4173228346457 75.59055118110236 juste
2184.251968503937 2485.0393700787404 289.76377952755905 75.59055118110236 gloire
2359.0551181102364 2485.0393700787404 173.22834645669292 75.59055118110236 pour

500.78740157480314 2560.6299212598424 207.8740157480315 69.29133858267717 ces
618.8976377952756 2560.6299212598424 414.1732283464567 69.29133858267717 étrangers,
944.8818897637796 2560.6299212598424 355.90551181102364 69.29133858267717 précieux
1212.5984251968505 2560.6299212598424 266.1417322834646 69.29133858267717 point
1390.5511811023623 2560.6299212598424 325.98425196850394 69.29133858267717 d’étude
1626.7716535433071 2560.6299212598424 237.79527559055117 69.29133858267717 pour
1744.8818897637796 2560.6299212598424 207.8740157480315 69.29133858267717 nous.

570.0787401574803 2604.7244094488187 185.82677165354332 103.93700787401575 Le
662.992125984252 2604.7244094488187 403.1496062992126 103.93700787401575 catalogue
974.8031496062993 2604.7244094488187 185.82677165354332 103.93700787401575 de
1067.716535433071 2604.7244094488187 185.82677165354332 103.93700787401575 la
1160.6299212598426 2604.7244094488187 373.2283464566929 103.93700787401575 nouvelle
1440.9448818897638 2604.7244094488187 434.6456692913386 103.93700787401575 exposition
1782.6771653543308 2604.7244094488187 185.82677165354332 103.93700787401575 du
1875.5905511811025 2604.7244094488187 434.6456692913386 103.93700787401575 Luxembourg
2217.3228346456694 2604.7244094488187 248.8188976377953 103.93700787401575 dont
2341.732283464567 2604.7244094488187 185.82677165354332 103.93700787401575 j’ai

500.78740157480314 2691.3385826771655 412.59842519685037 78.74015748031496 l’honneur
817.3228346456693 2691.3385826771655 190.5511811023622 78.74015748031496 de
913.3858267716536 2691.3385826771655 253.54330708661416 78.74015748031496 vous
1070.8661417322835 2691.3385826771655 412.59842519685037 78.74015748031496 soumettre
1388.976377952756 2691.3385826771655 222.04724409448818 78.74015748031496 les
1514.9606299212599 2691.3385826771655 412.59842519685037 78.74015748031496 épreuves,
1833.0708661417323 2691.3385826771655 222.04724409448818 78.74015748031496 est
1959.0551181102362 2691.3385826771655 507.0866141732283 78.74015748031496 certainement
2340.1574803149606 2691.3385826771655 190.5511811023622 78.74015748031496 plus

499.21259842519686 2765.3543307086616 368.503937007874 88.18897637795276 abondant
776.3779527559055 2765.3543307086616 184.251968503937 88.18897637795276 en
869.2913385826772 2765.3543307086616 245.66929133858267 88.18897637795276 noms
1022.0472440944882 2765.3543307086616 429.9212598425197 88.18897637795276 d’artistes
1360.6299212598426 2765.3543307086616 368.503937007874 88.18897637795276 qu’aucun
1636.2204724409448 2765.3543307086616 184.251968503937 88.18897637795276 de
1729.1338582677165 2765.3543307086616 245.66929133858267 88.18897637795276 ceux
1881.8897637795276 2765.3543307086616 215.748031496063 88.18897637795276 qui
2004.724409448819 2765.3543307086616 338.5826771653543 88.18897637795276 l’aient
2220.472440944882 2765.3543307086616 307.0866141732283 88.18897637795276 précédé.

563.7795275590552 2831.496062992126 237.79527559055117 91.33858267716535 Mais
713.3858267716536 2831.496062992126 267.7165354330709 91.33858267716535 aussi
891.3385826771654 2831.496062992126 237.79527559055117 91.33858267716535 j’ai
1039.3700787401574 2831.496062992126 177.95275590551182 91.33858267716535 le
1129.1338582677165 2831.496062992126 297.6377952755906 91.33858267716535 triste
1337.007874015748 2831.496062992126 505.51181102362204 91.33858267716535 pressentiment
1752.755905511811 2831.496062992126 357.4803149606299 91.33858267716535 qu’avant
2020.4724409448818 2831.496062992126 357.4803149606299 91.33858267716535 quelques
2288.1889763779527 2831.496062992126 237.79527559055117 91.33858267716535 mois
2406.299212598425 2831.496062992126 119.68503937007874 91.33858267716535 la

505.51181102362204 2918.1102362204724 327.5590551181102 74.01574803149606 galerie
743.3070866141733 2918.1102362204724 237.79527559055117 74.01574803149606 dont
892.9133858267717 2918.1102362204724 237.79527559055117 74.01574803149606 vous
1042.5196850393702 2918.1102362204724 297.6377952755906 74.01574803149606 m’avez
1250.3937007874015 2918.1102362204724 297.6377952755906 74.01574803149606 confié
1459.8425196850394 2918.1102362204724 179.5275590551181 74.01574803149606 la
1548.0314960629921 2918.1102362204724 267.7165354330709 74.01574803149606 garde
1727.5590551181103 2918.1102362204724 179.5275590551181 74.01574803149606 va
1817.3228346456692 2918.1102362204724 237.79527559055117 74.01574803149606 être
1965.3543307086613 2918.1102362204724 297.6377952755906 74.01574803149606 privée
2174.803149606299 2918.1102362204724 179.5275590551181 74.01574803149606 de
2264.566929133858 2918.1102362204724 207.8740157480315 74.01574803149606 ses
2352.755905511811 2918.1102362204724 179.5275590551181 74.01574803149606 noms

508.66141732283467 2982.6771653543306 201.5748031496063 75.59055118110236 les
623.6220472440945 2982.6771653543306 231.49606299212599 75.59055118110236 plus
768.503937007874 2982.6771653543306 433.07086614173227 75.59055118110236 populaires.
1114.9606299212599 2982.6771653543306 173.22834645669292 75.59055118110236 La
1201.5748031496064 2982.6771653543306 231.49606299212599 75.59055118110236 mort
1346.4566929133857 2982.6771653543306 144.88188976377953 75.59055118110236 a
1403.1496062992126 2982.6771653543306 433.07086614173227 75.59055118110236 cruellement
1751.1811023622047 2982.6771653543306 318.1102362204724 75.59055118110236 fauché,
1981.1023622047244 2982.6771653543306 231.49606299212599 75.59055118110236 dans
2125.984251968504 2982.6771653543306 201.5748031496063 75.59055118110236 ces
2212.5984251968503 2982.6771653543306 318.1102362204724 75.59055118110236 dernières

503.93700787401576 3042.51968503937 322.8346456692913 81.88976377952756 années,
738.5826771653543 3042.51968503937 322.8346456692913 81.88976377952756 l’élite
973.2283464566929 3042.51968503937 292.9133858267717 81.88976377952756 sacrée
1179.5275590551182 3042.51968503937 176.3779527559055 81.88976377952756 de
1267.716535433071 3042.51968503937 204.7244094488189 81.88976377952756 nos
1384.251968503937 3042.51968503937 381.1023622047244 81.88976377952756 peintres,
1678.740157480315 3042.51968503937 176.3779527559055 81.88976377952756 et
1766.9291338582677 3042.51968503937 176.3779527559055 81.88976377952756 le
1853.5433070866143 3042.51968503937 292.9133858267717 81.88976377952756 Louvre
2059.8425196850394 3042.51968503937 176.3779527559055 81.88976377952756 se
2148.031496062992 3042.51968503937 234.64566929133858 81.88976377952756 hâte
2294.488188976378 3042.51968503937 176.3779527559055 81.88976377952756 de
2352.755905511811 3042.51968503937 176.3779527559055 81.88976377952756 pré-

503.93700787401576 3124.4094488188975 285.03937007874015 66.14173228346456 parer
692.9133858267717 3124.4094488188975 190.5511811023622 66.14173228346456 la
788.9763779527559 3124.4094488188975 285.03937007874015 66.14173228346456 salle
977.9527559055118 3124.4094488188975 222.04724409448818 66.14173228346456 qui
1105.5118110236222 3124.4094488188975 285.03937007874015 66.14173228346456 devra
1294.4881889763778 3124.4094488188975 411.0236220472441 66.14173228346456 contenir,
1611.023622047244 3124.4094488188975 157.48031496062993 66.14173228346456 à
1674.015748031496 3124.4094488188975 253.54330708661416 66.14173228346456 côté
1833.0708661417323 3124.4094488188975 190.5511811023622 66.14173228346456 de
1927.5590551181103 3124.4094488188975 348.0314960629921 66.14173228346456 Léopold
2181.1023622047246 3124.4094488188975 348.0314960629921 66.14173228346456 Robert,
2403.149606299213 3124.4094488188975 125.98425196850394 66.14173228346456 de

507.0866141732283 3173.228346456693 362.20472440944883 72.44094488188976 Sigalon,
779.5275590551181 3173.228346456693 181.10236220472441 72.44094488188976 et
869.2913385826772 3173.228346456693 181.10236220472441 72.44094488188976 de
960.6299212598425 3173.228346456693 332.2834645669291 72.44094488188976 Granet,
1201.5748031496064 3173.228346456693 181.10236220472441 72.44094488188976 et
1292.9133858267717 3173.228346456693 181.10236220472441 72.44094488188976 de
1384.251968503937 3173.228346456693 423.62204724409446 72.44094488188976 Delaberge,
1716.5354330708662 3173.228346456693 181.10236220472441 72.44094488188976 et
1806.2992125984251 3173.228346456693 181.10236220472441 72.44094488188976 de
1897.6377952755906 3173.228346456693 423.62204724409446 72.44094488188976 Bonington,
2229.9212598425197 3173.228346456693 211.0236220472441 72.44094488188976 nos
2321.259842519685 3173.228346456693 211.0236220472441 72.44094488188976 meil-

505.51181102362204 3242.51968503937 302.3622047244094 74.01574803149606 leures
716.5354330708661 3242.51968503937 302.3622047244094 74.01574803149606 toiles
929.1338582677165 3242.51968503937 181.10236220472441 74.01574803149606 de
1018.8976377952756 3242.51968503937 423.62204724409446 74.01574803149606 Delacroix,
1351.1811023622047 3242.51968503937 181.10236220472441 74.01574803149606 de
1442.5196850393702 3242.51968503937 423.62204724409446 74.01574803149606 Delaroche,
1774.8031496062993 3242.51968503937 181.10236220472441 74.01574803149606 de
1866.1417322834645 3242.51968503937 393.7007874015748 74.01574803149606 Scheffer,
2168.503937007874 3242.51968503937 181.10236220472441 74.01574803149606 de
2228.3464566929133 3242.51968503937 302.3622047244094 74.01574803149606 Decamps,

500.78740157480314 3305.511811023622 196.8503937007874 118.11023622047244 de
600.0 3305.511811023622 458.26771653543307 118.11023622047244 Roqueplan,
960.6299212598425 3305.511811023622 196.8503937007874 118.11023622047244 de
1058.267716535433 3305.511811023622 491.33858267716533 118.11023622047244 Saint-Jean,
1451.9685039370079 3305.511811023622 196.8503937007874 118.11023622047244 de
1549.6062992125985 3305.511811023622 491.33858267716533 118.11023622047244 Benouville,
1943.3070866141732 3305.511811023622 196.8503937007874 118.11023622047244 et
2042.5196850393702 3305.511811023622 196.8503937007874 118.11023622047244 du
2140.1574803149606 3305.511811023622 360.62992125984255 118.11023622047244 dernier
2370.0787401574803 3305.511811023622 163.7795275590551 118.11023622047244 des

466.1417322834646 3371.6535433070867 307.0866141732283 92.91338582677166 Vernet.

571.6535433070866 3437.7952755905512 201.5748031496063 88.18897637795276 Une
686.6141732283464 3437.7952755905512 403.1496062992126 88.18897637795276 tradition,
1003.1496062992126 3437.7952755905512 201.5748031496063 88.18897637795276 que
1118.1102362204724 3437.7952755905512 173.22834645669292 88.18897637795276 je
1204.724409448819 3437.7952755905512 173.22834645669292 88.18897637795276 ne
1289.763779527559 3437.7952755905512 288.18897637795277 88.18897637795276 trouve
1491.3385826771653 3437.7952755905512 373.2283464566929 88.18897637795276 confirmée
1779.5275590551182 3437.7952755905512 201.5748031496063 88.18897637795276 par
1894.4881889763778 3437.7952755905512 288.18897637795277 88.18897637795276 aucune
2096.0629921259842 3437.7952755905512 344.88188976377955 88.18897637795276 décision
2325.984251968504 3437.7952755905512 201.5748031496063 88.18897637795276 offi-

505.51181102362204 3518.1102362204724 332.2834645669291 80.31496062992126 cielle,
746.4566929133858 3518.1102362204724 181.10236220472441 80.31496062992126 et
837.7952755905512 3518.1102362204724 211.0236220472441 80.31496062992126 que
959.0551181102362 3518.1102362204724 181.10236220472441 80.31496062992126 je
1048.8188976377953 3518.1102362204724 240.9448818897638 80.31496062992126 vois
1200.0 3518.1102362204724 240.9448818897638 80.31496062992126 tout
1351.1811023622047 3518.1102362204724 181.10236220472441 80.31496062992126 au
1440.9448818897638 3518.1102362204724 392.12598425196853 80.31496062992126 contraire
1743.3070866141732 3518.1102362204724 302.3622047244094 80.31496062992126 violée
1955.9055118110236 3518.1102362204724 513.3858267716536 80.31496062992126 régulièrement
2377.952755905512 3518.1102362204724 151.1811023622047 80.31496062992126 à
2407.8740157480315 3518.1102362204724 121.25984251968504 80.31496062992126 la

507.0866141732283 3588.9763779527557 244.09448818897638 78.74015748031496 mort
659.8425196850394 3588.9763779527557 182.6771653543307 78.74015748031496 de
751.1811023622047 3588.9763779527557 305.51181102362204 78.74015748031496 chacun
965.3543307086615 3588.9763779527557 214.17322834645668 78.74015748031496 des
1086.6141732283465 3588.9763779527557 366.92913385826773 78.74015748031496 artistes
1362.2047244094488 3588.9763779527557 182.6771653543307 78.74015748031496 un
1453.5433070866143 3588.9763779527557 214.17322834645668 78.74015748031496 peu
1576.3779527559054 3588.9763779527557 366.92913385826773 78.74015748031496 renommés
1851.9685039370079 3588.9763779527557 182.6771653543307 78.74015748031496 de
1943.3070866141732 3588.9763779527557 275.59055118110234 78.74015748031496 notre
2127.5590551181103 3588.9763779527557 337.00787401574803 78.74015748031496 siècle,
2341.732283464567 3588.9763779527557 182.6771653543307 78.74015748031496 pré-

500.78740157480314 3644.0944881889764 333.8582677165354 80.31496062992126 tendait
743.3070866141733 3644.0944881889764 212.5984251968504 80.31496062992126 que
864.5669291338583 3644.0944881889764 242.51968503937007 80.31496062992126 «dix
1015.7480314960629 3644.0944881889764 212.5984251968504 80.31496062992126 ans
1137.007874015748 3644.0944881889764 393.7007874015748 80.31496062992126 seulement
1439.3700787401574 3644.0944881889764 272.4409448818898 80.31496062992126 après
1622.0472440944882 3644.0944881889764 181.10236220472441 80.31496062992126 la
1711.8110236220473 3644.0944881889764 242.51968503937007 80.31496062992126 mort
1864.5669291338584 3644.0944881889764 181.10236220472441 80.31496062992126 de
1954.3307086614172 3644.0944881889764 272.4409448818898 80.31496062992126 leurs
2137.0078740157483 3644.0944881889764 363.7795275590551 80.31496062992126 auteurs,
2379.527559055118 3644.0944881889764 151.1811023622047 80.31496062992126 les

508.66141732283467 3719.685039370079 377.9527559055118 75.59055118110236 ouvrages
792.1259842519685 3719.685039370079 220.4724409448819 75.59055118110236 les
918.1102362204724 3719.685039370079 251.96850393700788 75.59055118110236 plus
1077.1653543307086 3719.685039370079 505.51181102362204 75.59055118110236 remarquables
1486.6141732283465 3719.685039370079 314.96062992125985 75.59055118110236 acquis
1707.0866141732283 3719.685039370079 251.96850393700788 75.59055118110236 pour
1864.5669291338584 3719.685039370079 188.9763779527559 75.59055118110236 le
1959.0551181102362 3719.685039370079 440.9448818897638 75.59055118110236 Luxembourg
2307.0866141732286 3719.685039370079 220.4724409448819 75.59055118110236 par
2401.5748031496064 3719.685039370079 125.98425196850394 75.59055118110236 la

508.66141732283467 3779.527559055118 248.8188976377953 77.16535433070867 Liste
674.0157480314961 3779.527559055118 275.59055118110234 77.16535433070867 civile
866.1417322834645 3779.527559055118 165.35433070866142 77.16535433070867 et
949.6062992125984 3779.527559055118 303.93700787401576 77.16535433070867 l’Etat,
1170.0787401574803 3779.527559055118 330.70866141732284 77.16535433070867 seraient
1417.3228346456692 3779.527559055118 303.93700787401576 77.16535433070867 choisis
1637.7952755905512 3779.527559055118 220.4724409448819 77.16535433070867 pour
1776.3779527559054 3779.527559055118 193.70078740157481 77.16535433070867 les
1886.6141732283465 3779.527559055118 330.70866141732284 77.16535433070867 galeries
2133.8582677165355 3779.527559055118 165.35433070866142 77.16535433070867 du
2217.3228346456694 3779.527559055118 303.93700787401576 77.16535433070867 Louvre,
2409.448818897638 3779.527559055118 110.23622047244095 77.16535433070867 où

508.66141732283467 3844.0944881889764 198.4251968503937 80.31496062992126 tls
622.0472440944882 3844.0944881889764 425.1968503937008 80.31496062992126 viendraient
962.2047244094488 3844.0944881889764 311.81102362204723 80.31496062992126 prendre
1188.976377952756 3844.0944881889764 255.11811023622047 80.31496062992126 place
1359.0551181102362 3844.0944881889764 141.73228346456693 80.31496062992126 à
1415.748031496063 3844.0944881889764 226.77165354330708 80.31496062992126 côté
1557.4803149606298 3844.0944881889764 170.07874015748033 80.31496062992126 de
1642.5196850393702 3844.0944881889764 226.77165354330708 80.31496062992126 ceux
1784.251968503937 3844.0944881889764 170.07874015748033 80.31496062992126 de
1869.291338582677 3844.0944881889764 255.11811023622047 80.31496062992126 leurs
2039.3700787401574 3844.0944881889764 368.503937007874 80.31496062992126 illustres
2294.488188976378 3844.0944881889764 226.77165354330708 80.31496062992126 prédé-

505.51181102362204 3902.3622047244094 359.0551181102362 86.61417322834646 cessseurs
782.6771653543307 3902.3622047244094 165.35433070866142 86.61417322834646 et
864.5669291338583 3902.3622047244094 359.0551181102362 86.61417322834646 continuer
1140.1574803149606 3902.3622047244094 385.8267716535433 86.61417322834646 l’histoire
1444.0944881889764 3902.3622047244094 165.35433070866142 86.61417322834646 de
1527.5590551181103 3902.3622047244094 248.8188976377953 86.61417322834646 l’art
1692.9133858267717 3902.3622047244094 385.8267716535433 86.61417322834646 français.»
1995.275590551181 3902.3622047244094 138.58267716535434 86.61417322834646 —
2050.3937007874015 3902.3622047244094 248.8188976377953 86.61417322834646 Cette
2188.9763779527557 3902.3622047244094 330.70866141732284 86.61417322834646 tradition,

502.3622047244094 3976.3779527559054 357.4803149606299 85.03937007874016 Monsieur
770.0787401574803 3976.3779527559054 177.95275590551182 85.03937007874016 le
859.8425196850394 3976.3779527559054 505.51181102362204 85.03937007874016 Surintendant,
1275.5905511811025 3976.3779527559054 177.95275590551182 85.03937007874016 je
1365.3543307086613 3976.3779527559054 267.7165354330709 85.03937007874016 crois
1543.3070866141732 3976.3779527559054 385.8267716535433 85.03937007874016 fermement
1840.9448818897638 3976.3779527559054 327.5590551181102 85.03937007874016 qu’elle
2078.740157480315 3976.3779527559054 267.7165354330709 85.03937007874016 était
2256.6929133858266 3976.3779527559054 267.7165354330709 85.03937007874016 saine
2404.7244094488187 3976.3779527559054 119.68503937007874 85.03937007874016 et
