2847.244094488189 4925.9842519685035
-138.58267716535434 39.37007874015748 193.70078740157481 96.06299212598425 E

2078.740157480315 538.5826771653543 185.82677165354332 105.51181102362204 IX

229.92125984251967 639.3700787401575 307.0866141732283 105.51181102362204 bonne,
444.09448818897636 639.3700787401575 184.251968503937 105.51181102362204 et
535.4330708661417 639.3700787401575 184.251968503937 105.51181102362204 au
628.3464566929134 639.3700787401575 275.59055118110234 105.51181102362204 point
812.5984251968504 639.3700787401575 184.251968503937 105.51181102362204 de
903.9370078740158 639.3700787401575 214.17322834645668 105.51181102362204 vue
1026.7716535433071 639.3700787401575 184.251968503937 105.51181102362204 de
1118.1102362204724 639.3700787401575 398.4251968503937 105.51181102362204 l’absolue
1425.1968503937007 639.3700787401575 368.503937007874 105.51181102362204 justice,
1700.7874015748032 639.3700787401575 184.251968503937 105.51181102362204 je
1793.7007874015749 639.3700787401575 307.0866141732283 105.51181102362204 trouve
2007.8740157480315 639.3700787401575 214.17322834645668 105.51181102362204 que
2100.787401574803 639.3700787401575 152.75590551181102 105.51181102362204 son

231.49606299212599 738.5826771653543 272.4409448818898 85.03937007874016 délai
412.59842519685037 738.5826771653543 332.2834645669291 85.03937007874016 n’avait
653.5433070866142 738.5826771653543 240.9448818897638 85.03937007874016 rien
804.7244094488188 738.5826771653543 422.0472440944882 85.03937007874016 d’exagéré.
1137.007874015748 738.5826771653543 211.0236220472441 85.03937007874016 Dix
1258.267716535433 738.5826771653543 302.3622047244094 85.03937007874016 années
1469.291338582677 738.5826771653543 240.9448818897638 85.03937007874016 sont
1620.4724409448818 738.5826771653543 181.10236220472441 85.03937007874016 un
1710.236220472441 738.5826771653543 240.9448818897638 85.03937007874016 bien
1861.4173228346456 738.5826771653543 272.4409448818898 85.03937007874016 court
2012.5984251968505 738.5826771653543 240.9448818897638 85.03937007874016 espace

228.3464566929134 800.0 277.1653543307087 74.01574803149606 quand
414.1732283464567 800.0 184.251968503937 74.01574803149606 il
505.51181102362204 800.0 307.0866141732283 74.01574803149606 s’agit
721.2598425196851 800.0 184.251968503937 74.01574803149606 de
812.5984251968504 800.0 277.1653543307087 74.01574803149606 mûrir
996.8503937007874 800.0 184.251968503937 74.01574803149606 le
1089.763779527559 800.0 368.503937007874 74.01574803149606 jugement
1365.3543307086613 800.0 184.251968503937 74.01574803149606 de
1458.267716535433 800.0 184.251968503937 74.01574803149606 la
1549.6062992125985 800.0 429.9212598425197 74.01574803149606 postérité;
1888.1889763779527 800.0 184.251968503937 74.01574803149606 et
1949.6062992125985 800.0 307.0866141732283 74.01574803149606 humilier

229.92125984251967 856.6929133858267 211.0236220472441 100.78740157480316 par
351.18110236220474 856.6929133858267 211.0236220472441 100.78740157480316 des
470.86614173228344 856.6929133858267 302.3622047244094 100.78740157480316 œuvres
683.4645669291339 856.6929133858267 423.62204724409446 100.78740157480316 médiocres,
1015.7480314960629 856.6929133858267 332.2834645669291 100.78740157480316 l’école
1258.267716535433 856.6929133858267 332.2834645669291 100.78740157480316 moderne
1500.7874015748032 856.6929133858267 181.10236220472441 100.78740157480316 au
1590.5511811023623 856.6929133858267 302.3622047244094 100.78740157480316 Louvre
1803.1496062992126 856.6929133858267 181.10236220472441 100.78740157480316 où
1892.9133858267717 856.6929133858267 181.10236220472441 100.78740157480316 le
1954.3307086614172 856.6929133858267 302.3622047244094 100.78740157480316 diapason

233.0708661417323 940.1574803149606 209.4488188976378 67.71653543307086 est
352.755905511811 940.1574803149606 179.5275590551181 67.71653543307086 si
442.5196850393701 940.1574803149606 269.29133858267716 67.71653543307086 haut,
620.4724409448819 940.1574803149606 269.29133858267716 67.71653543307086 n’est
800.0 940.1574803149606 179.5275590551181 67.71653543307086 ni
889.7637795275591 940.1574803149606 447.244094488189 67.71653543307086 nécessaire,
1248.8188976377953 940.1574803149606 179.5275590551181 67.71653543307086 ni
1337.007874015748 940.1574803149606 477.1653543307087 67.71653543307086 patriotique.
1725.984251968504 940.1574803149606 179.5275590551181 67.71653543307086 Le
1815.748031496063 940.1574803149606 417.3228346456693 67.71653543307086 Luxembourg
2113.3858267716537 940.1574803149606 149.60629921259843 67.71653543307086 est

236.2204724409449 992.1259842519685 181.10236220472441 83.46456692913385 la
325.98425196850394 992.1259842519685 272.4409448818898 83.46456692913385 salle
507.0866141732283 992.1259842519685 392.12598425196853 83.46456692913385 d’attente
809.4488188976378 992.1259842519685 181.10236220472441 83.46456692913385 du
900.7874015748032 992.1259842519685 332.2834645669291 83.46456692913385 Louvre:
1141.732283464567 992.1259842519685 181.10236220472441 83.46456692913385 de
1231.4960629921259 992.1259842519685 181.10236220472441 83.46456692913385 là
1322.8346456692914 992.1259842519685 392.12598425196853 83.46456692913385 l’intérêt
1625.1968503937007 992.1259842519685 332.2834645669291 83.46456692913385 immense
1866.1417322834645 992.1259842519685 181.10236220472441 83.46456692913385 et
1925.984251968504 992.1259842519685 332.2834645669291 83.46456692913385 passionné

236.2204724409449 1062.992125984252 285.03937007874015 78.74015748031496 qu’ont
434.6456692913386 1062.992125984252 200.0 78.74015748031496 les
549.6062992125984 1062.992125984252 341.73228346456693 78.74015748031496 artistes
804.7244094488188 1062.992125984252 141.73228346456693 78.74015748031496 à
862.992125984252 1062.992125984252 228.3464566929134 78.74015748031496 voir
1004.7244094488188 1062.992125984252 256.6929133858268 78.74015748031496 leurs
1174.8031496062993 1062.992125984252 285.03937007874015 78.74015748031496 œuvres
1374.8031496062993 1062.992125984252 313.38582677165357 78.74015748031496 admises
1601.5748031496064 1062.992125984252 228.3464566929134 78.74015748031496 dans
1744.8818897637796 1062.992125984252 256.6929133858268 78.74015748031496 cette
1914.9606299212599 1062.992125984252 341.73228346456693 78.74015748031496 galerie;
2143.3070866141734 1062.992125984252 113.38582677165354 78.74015748031496 de

237.79527559055117 1125.984251968504 173.22834645669292 86.61417322834646 là
324.40944881889766 1125.984251968504 259.84251968503935 86.61417322834646 aussi
497.6377952755906 1125.984251968504 201.5748031496063 86.61417322834646 les
612.5984251968504 1125.984251968504 318.1102362204724 86.61417322834646 efforts
842.5196850393701 1125.984251968504 201.5748031496063 86.61417322834646 non
959.0551181102362 1125.984251968504 259.84251968503935 86.61417322834646 moins
1132.283464566929 1125.984251968504 403.1496062992126 86.61417322834646 passionnés
1448.8188976377953 1125.984251968504 173.22834645669292 86.61417322834646 et
1535.4330708661416 1125.984251968504 403.1496062992126 86.61417322834646 impatients
1853.5433070866143 1125.984251968504 173.22834645669292 86.61417322834646 de
1938.5826771653544 1125.984251968504 173.22834645669292 86.61417322834646 la
1996.8503937007874 1125.984251968504 259.84251968503935 86.61417322834646 famille

233.0708661417323 1182.6771653543308 179.5275590551181 86.61417322834646 et
322.8346456692913 1182.6771653543308 207.8740157480315 86.61417322834646 des
442.5196850393701 1182.6771653543308 237.79527559055117 86.61417322834646 amis
590.5511811023622 1182.6771653543308 179.5275590551181 86.61417322834646 de
680.3149606299213 1182.6771653543308 387.40157480314963 86.61417322834646 l’artiste
977.9527559055118 1182.6771653543308 237.79527559055117 86.61417322834646 mort
1127.5590551181103 1182.6771653543308 237.79527559055117 86.61417322834646 pour
1275.5905511811025 1182.6771653543308 267.7165354330709 86.61417322834646 faire
1455.1181102362204 1182.6771653543308 357.4803149606299 86.61417322834646 franchir
1722.8346456692914 1182.6771653543308 149.60629921259843 86.61417322834646 à
1782.6771653543308 1182.6771653543308 207.8740157480315 86.61417322834646 ses
1902.3622047244094 1182.6771653543308 357.4803149606299 86.61417322834646 ouvrages
2140.1574803149606 1182.6771653543308 119.68503937007874 86.61417322834646 la

234.64566929133858 1242.5196850393702 357.4803149606299 91.33858267716535 barrière
502.3622047244094 1242.5196850393702 207.8740157480315 91.33858267716535 qui
622.0472440944882 1242.5196850393702 177.95275590551182 91.33858267716535 le
710.2362204724409 1242.5196850393702 297.6377952755906 91.33858267716535 sépare
918.1102362204724 1242.5196850393702 177.95275590551182 91.33858267716535 de
1007.8740157480315 1242.5196850393702 177.95275590551182 91.33858267716535 la
1097.6377952755906 1242.5196850393702 327.5590551181102 91.33858267716535 suprême
1335.4330708661416 1242.5196850393702 505.51181102362204 91.33858267716535 consécration,
1751.1811023622047 1242.5196850393702 357.4803149606299 91.33858267716535 j’allais
2018.8976377952756 1242.5196850393702 237.79527559055117 91.33858267716535 dire
2137.0078740157483 1242.5196850393702 119.68503937007874 91.33858267716535 de

231.49606299212599 1318.1102362204724 477.1653543307087 80.31496062992126 l’apothéose.
618.8976377952756 1318.1102362204724 267.7165354330709 80.31496062992126 Entre
796.8503937007874 1318.1102362204724 417.3228346456693 80.31496062992126 l’illusion
1124.4094488188975 1318.1102362204724 477.1653543307087 80.31496062992126 profondément
1511.8110236220473 1318.1102362204724 447.244094488189 80.31496062992126 respectable
1869.291338582677 1318.1102362204724 177.95275590551182 80.31496062992126 et
1929.1338582677165 1318.1102362204724 327.5590551181102 80.31496062992126 touchante

234.64566929133858 1395.275590551181 200.0 77.16535433070867 des
348.0314960629921 1395.275590551181 313.38582677165357 77.16535433070867 enfants
576.3779527559055 1395.275590551181 171.6535433070866 77.16535433070867 de
661.4173228346457 1395.275590551181 370.0787401574803 77.16535433070867 l’artiste
946.4566929133858 1395.275590551181 171.6535433070866 77.16535433070867 ou
1033.0708661417323 1395.275590551181 200.0 77.16535433070867 des
1146.4566929133857 1395.275590551181 285.03937007874015 77.16535433070867 élèves
1346.4566929133857 1395.275590551181 200.0 77.16535433070867 qui
1459.8425196850394 1395.275590551181 285.03937007874015 77.16535433070867 vivent
1659.8425196850394 1395.275590551181 171.6535433070866 77.16535433070867 de
1744.8818897637796 1395.275590551181 200.0 77.16535433070867 ses
1859.8425196850394 1395.275590551181 398.4251968503937 77.16535433070867 principes,
2144.8818897637793 1395.275590551181 113.38582677165354 77.16535433070867 et

233.0708661417323 1458.267716535433 176.3779527559055 86.61417322834646 le
321.25984251968504 1458.267716535433 322.8346456692913 86.61417322834646 travail
555.9055118110236 1458.267716535433 469.29133858267716 86.61417322834646 d’impartiale
937.007874015748 1458.267716535433 292.9133858267717 86.61417322834646 équité
1141.732283464567 1458.267716535433 204.7244094488189 86.61417322834646 qui
1259.8425196850394 1458.267716535433 322.8346456692913 86.61417322834646 s’opère
1492.9133858267717 1458.267716535433 381.1023622047244 86.61417322834646 lentement
1785.8267716535433 1458.267716535433 234.64566929133858 86.61417322834646 dans
1932.283464566929 1458.267716535433 176.3779527559055 86.61417322834646 le
2020.4724409448818 1458.267716535433 234.64566929133858 86.61417322834646 goût
2138.582677165354 1458.267716535433 116.53543307086615 86.61417322834646 du

236.2204724409449 1527.5590551181103 337.00787401574803 75.59055118110236 public,
480.31496062992125 1527.5590551181103 184.251968503937 75.59055118110236 un
573.2283464566929 1527.5590551181103 275.59055118110234 75.59055118110236 terme
755.9055118110236 1527.5590551181103 275.59055118110234 75.59055118110236 était
940.1574803149606 1527.5590551181103 152.75590551181102 75.59055118110236 à
1001.5748031496063 1527.5590551181103 368.503937007874 75.59055118110236 trouver;
1277.1653543307086 1527.5590551181103 184.251968503937 75.59055118110236 la
1370.0787401574803 1527.5590551181103 428.34645669291336 75.59055118110236 tradition,
1707.0866141732283 1527.5590551181103 152.75590551181102 75.59055118110236 à
1768.5039370078741 1527.5590551181103 214.17322834645668 75.59055118110236 mon
1889.763779527559 1527.5590551181103 275.59055118110234 75.59055118110236 avis,
2074.015748031496 1527.5590551181103 184.251968503937 75.59055118110236 ne
2135.433070866142 1527.5590551181103 122.83464566929133 75.59055118110236 se

234.64566929133858 1581.1023622047244 373.2283464566929 89.76377952755905 trompait
514.9606299212599 1581.1023622047244 311.81102362204723 89.76377952755905 guère:
732.2834645669292 1581.1023622047244 217.3228346456693 89.76377952755905 dix
858.2677165354331 1581.1023622047244 217.3228346456693 89.76377952755905 ans
982.6771653543307 1581.1023622047244 404.7244094488189 89.76377952755905 suffisent
1292.9133858267717 1581.1023622047244 155.90551181102362 89.76377952755905 à
1355.9055118110236 1581.1023622047244 280.31496062992125 89.76377952755905 peine
1541.732283464567 1581.1023622047244 248.8188976377953 89.76377952755905 pour
1697.6377952755906 1581.1023622047244 341.73228346456693 89.76377952755905 dégager
1946.4566929133857 1581.1023622047244 187.4015748031496 89.76377952755905 la
2009.4488188976377 1581.1023622047244 248.8188976377953 89.76377952755905 valeur

240.9448818897638 1648.8188976377953 270.86614173228344 80.31496062992126 vraie
422.0472440944882 1648.8188976377953 240.9448818897638 80.31496062992126 d’un
573.2283464566929 1648.8188976377953 332.2834645669291 80.31496062992126 peintre
814.1732283464567 1648.8188976377953 181.10236220472441 80.31496062992126 de
903.9370078740158 1648.8188976377953 481.8897637795276 80.31496062992126 l’engouement
1296.0629921259842 1648.8188976377953 362.20472440944883 80.31496062992126 passager
1568.5039370078741 1648.8188976377953 181.10236220472441 80.31496062992126 de
1658.267716535433 1648.8188976377953 211.0236220472441 80.31496062992126 son
1779.5275590551182 1648.8188976377953 302.3622047244094 80.31496062992126 époque
1990.5511811023623 1648.8188976377953 181.10236220472441 80.31496062992126 ou
2080.314960629921 1648.8188976377953 181.10236220472441 80.31496062992126 de
2140.1574803149606 1648.8188976377953 121.25984251968504 80.31496062992126 la

239.37007874015748 1719.6850393700788 385.8267716535433 77.16535433070867 séduction
537.007874015748 1719.6850393700788 177.95275590551182 77.16535433070867 de
625.1968503937007 1719.6850393700788 207.8740157480315 77.16535433070867 ses
743.3070866141733 1719.6850393700788 355.90551181102364 77.16535433070867 qualités
1011.0236220472441 1719.6850393700788 177.95275590551182 77.16535433070867 ou
1099.2125984251968 1719.6850393700788 177.95275590551182 77.16535433070867 de
1188.976377952756 1719.6850393700788 207.8740157480315 77.16535433070867 ses
1307.0866141732283 1719.6850393700788 325.98425196850394 77.16535433070867 amitiés
1544.8818897637796 1719.6850393700788 385.8267716535433 77.16535433070867 humaines;
1840.9448818897638 1719.6850393700788 325.98425196850394 77.16535433070867 d’autre
2048.818897637795 1719.6850393700788 207.8740157480315 77.16535433070867 part,

240.9448818897638 1781.1023622047244 174.8031496062992 75.59055118110236 il
329.13385826771656 1781.1023622047244 204.7244094488189 75.59055118110236 est
445.6692913385827 1781.1023622047244 233.0708661417323 75.59055118110236 tels
592.1259842519685 1781.1023622047244 351.18110236220474 75.59055118110236 artistes
855.1181102362204 1781.1023622047244 204.7244094488189 75.59055118110236 qui
971.6535433070866 1781.1023622047244 351.18110236220474 75.59055118110236 tiennent
1234.6456692913387 1781.1023622047244 204.7244094488189 75.59055118110236 une
1352.755905511811 1781.1023622047244 174.8031496062992 75.59055118110236 si
1439.3700787401574 1781.1023622047244 262.99212598425197 75.59055118110236 haute
1615.748031496063 1781.1023622047244 262.99212598425197 75.59055118110236 place
1790.5511811023623 1781.1023622047244 233.0708661417323 75.59055118110236 dans
1937.007874015748 1781.1023622047244 321.25984251968504 75.59055118110236 l’école
2141.732283464567 1781.1023622047244 116.53543307086615 75.59055118110236 de

237.79527559055117 1837.7952755905512 237.79527559055117 81.88976377952756 leur
387.40157480314963 1837.7952755905512 297.6377952755906 81.88976377952756 temps,
595.2755905511812 1837.7952755905512 207.8740157480315 81.88976377952756 que
713.3858267716536 1837.7952755905512 505.51181102362204 81.88976377952756 l’acclamation
1130.708661417323 1837.7952755905512 445.6692913385827 81.88976377952756 universelle
1486.6141732283465 1837.7952755905512 297.6377952755906 81.88976377952756 semble
1694.4881889763778 1837.7952755905512 237.79527559055117 81.88976377952756 leur
1844.0944881889764 1837.7952755905512 297.6377952755906 81.88976377952756 ouvrir
2051.968503937008 1837.7952755905512 148.03149606299212 81.88976377952756 à
2081.8897637795276 1837.7952755905512 177.95275590551182 81.88976377952756 deux

239.37007874015748 1903.9370078740158 368.503937007874 92.91338582677166 battants
514.9606299212599 1903.9370078740158 214.17322834645668 92.91338582677166 les
637.7952755905512 1903.9370078740158 307.0866141732283 92.91338582677166 portes
851.9685039370079 1903.9370078740158 184.251968503937 92.91338582677166 du
943.3070866141733 1903.9370078740158 337.00787401574803 92.91338582677166 Louvre,
1188.976377952756 1903.9370078740158 184.251968503937 92.91338582677166 et
1280.3149606299212 1903.9370078740158 245.66929133858267 92.91338582677166 vous
1434.6456692913387 1903.9370078740158 245.66929133858267 92.91338582677166 avez
1587.4015748031495 1903.9370078740158 245.66929133858267 92.91338582677166 jugé
1740.1574803149606 1903.9370078740158 214.17322834645668 92.91338582677166 que
1862.992125984252 1903.9370078740158 245.66929133858267 92.91338582677166 pour
1985.8267716535433 1903.9370078740158 275.59055118110234 92.91338582677166 établir

237.79527559055117 1990.5511811023623 211.0236220472441 67.71653543307086 une
359.0551181102362 1990.5511811023623 211.0236220472441 67.71653543307086 loi
478.74015748031496 1990.5511811023623 423.62204724409446 67.71653543307086 praticable
811.0236220472441 1990.5511811023623 181.10236220472441 67.71653543307086 et
902.3622047244095 1990.5511811023623 392.12598425196853 67.71653543307086 désormais
1204.724409448819 1990.5511811023623 423.62204724409446 67.71653543307086 respectée,
1537.007874015748 1990.5511811023623 181.10236220472441 67.71653543307086 il
1626.7716535433071 1990.5511811023623 302.3622047244094 67.71653543307086 valait
1837.7952755905512 1990.5511811023623 272.4409448818898 67.71653543307086 mieux
1988.976377952756 1990.5511811023623 272.4409448818898 67.71653543307086 abréger

237.79527559055117 2044.0944881889764 404.7244094488189 80.31496062992126 l’épreuve,
555.9055118110236 2044.0944881889764 289.76377952755905 80.31496062992126 quitte
757.4803149606299 2044.0944881889764 144.88188976377953 80.31496062992126 à
815.7480314960629 2044.0944881889764 231.49606299212599 80.31496062992126 bien
960.6299212598425 2044.0944881889764 346.45669291338584 80.31496062992126 défendre
1220.4724409448818 2044.0944881889764 346.45669291338584 80.31496062992126 l’entrée
1480.3149606299212 2044.0944881889764 173.22834645669292 80.31496062992126 de
1566.9291338582677 2044.0944881889764 259.84251968503935 80.31496062992126 votre
1740.1574803149606 2044.0944881889764 318.1102362204724 80.31496062992126 galerie
1943.3070866141732 2044.0944881889764 318.1102362204724 80.31496062992126 nouvelle,

236.2204724409449 2108.6614173228345 181.10236220472441 86.61417322834646 et
325.98425196850394 2108.6614173228345 151.1811023622047 86.61417322834646 à
387.40157480314963 2108.6614173228345 272.4409448818898 86.61417322834646 faire
568.503937007874 2108.6614173228345 362.20472440944883 86.61417322834646 entendre
840.9448818897638 2108.6614173228345 211.0236220472441 86.61417322834646 aux
962.2047244094488 2108.6614173228345 362.20472440944883 86.61417322834646 artistes
1233.0708661417323 2108.6614173228345 211.0236220472441 86.61417322834646 que
1354.3307086614172 2108.6614173228345 181.10236220472441 86.61417322834646 si
1445.6692913385828 2108.6614173228345 362.20472440944883 86.61417322834646 beaucoup
1716.5354330708662 2108.6614173228345 242.51968503937007 86.61417322834646 sont
1867.716535433071 2108.6614173228345 332.2834645669291 86.61417322834646 appelés
2080.314960629921 2108.6614173228345 181.10236220472441 86.61417322834646 ici,

236.2204724409449 2173.228346456693 507.0866141732283 67.71653543307086 quelques-uns
647.2440944881889 2173.228346456693 411.0236220472441 67.71653543307086 seulement
963.7795275590552 2173.228346456693 348.0314960629921 67.71653543307086 doivent
1217.3228346456692 2173.228346456693 253.54330708661416 67.71653543307086 être
1376.3779527559054 2173.228346456693 253.54330708661416 67.71653543307086 élus
1533.8582677165355 2173.228346456693 348.0314960629921 67.71653543307086 là-bas.
1787.4015748031495 2173.228346456693 190.5511811023622 67.71653543307086 La
1883.4645669291338 2173.228346456693 348.0314960629921 67.71653543307086 suprême
2103.9370078740158 2173.228346456693 159.0551181102362 67.71653543307086 no-

244.09448818897638 2242.51968503937 266.1417322834646 92.91338582677166 blesse
429.9212598425197 2242.51968503937 159.0551181102362 92.91338582677166 de
510.23622047244095 2242.51968503937 239.37007874015748 92.91338582677166 l’art
670.8661417322835 2242.51968503937 159.0551181102362 92.91338582677166 et
749.6062992125984 2242.51968503937 346.45669291338584 92.91338582677166 l’austère
1015.7480314960629 2242.51968503937 319.68503937007875 92.91338582677166 sévérité
1255.1181102362204 2242.51968503937 159.0551181102362 92.91338582677166 de
1335.4330708661416 2242.51968503937 185.82677165354332 92.91338582677166 son
1442.5196850393702 2242.51968503937 319.68503937007875 92.91338582677166 histoire
1681.8897637795276 2242.51968503937 159.0551181102362 92.91338582677166 le
1760.6299212598426 2242.51968503937 292.9133858267717 92.91338582677166 veulent
1948.0314960629921 2242.51968503937 212.5984251968504 92.91338582677166 ainsi.

303.93700787401576 2303.9370078740158 193.70078740157481 94.48818897637796 Je
400.0 2303.9370078740158 256.6929133858268 94.48818897637796 vous
560.6299212598425 2303.9370078740158 256.6929133858268 94.48818897637796 prie
721.2598425196851 2303.9370078740158 289.76377952755905 94.48818897637796 donc,
914.9606299212599 2303.9370078740158 385.8267716535433 94.48818897637796 Monsieur
1203.1496062992126 2303.9370078740158 193.70078740157481 94.48818897637796 le
1300.7874015748032 2303.9370078740158 546.4566929133858 94.48818897637796 Surintendant,
1749.6062992125985 2303.9370078740158 193.70078740157481 94.48818897637796 de
1847.244094488189 2303.9370078740158 354.3307086614173 94.48818897637796 vouloir
2072.4409448818897 2303.9370078740158 193.70078740157481 94.48818897637796 bien

239.37007874015748 2385.8267716535433 376.37795275590554 92.91338582677166 consacrer
529.1338582677165 2385.8267716535433 203.1496062992126 92.91338582677166 par
644.0944881889764 2385.8267716535433 261.4173228346457 92.91338582677166 votre
818.8976377952756 2385.8267716535433 434.6456692913386 92.91338582677166 approbation
1166.9291338582677 2385.8267716535433 434.6456692913386 92.91338582677166 définitive,
1513.3858267716535 2385.8267716535433 173.22834645669292 92.91338582677166 la
1601.5748031496064 2385.8267716535433 289.76377952755905 92.91338582677166 double
1804.724409448819 2385.8267716535433 406.2992125984252 92.91338582677166 résolution
2094.488188976378 2385.8267716535433 173.22834645669292 92.91338582677166 sui

200.0 2459.8425196850394 283.46456692913387 94.48818897637796 vante:

307.0866141732283 2530.7086614173227 251.96850393700788 86.61417322834646 Lors
464.56692913385825 2530.7086614173227 188.9763779527559 86.61417322834646 du
559.0551181102362 2530.7086614173227 379.5275590551181 86.61417322834646 prochain
844.0944881889764 2530.7086614173227 474.01574803149606 86.61417322834646 remaniement
1222.0472440944882 2530.7086614173227 188.9763779527559 86.61417322834646 de
1318.1102362204724 2530.7086614173227 188.9763779527559 86.61417322834646 la
1412.5984251968505 2530.7086614173227 348.0314960629921 86.61417322834646 galerie
1664.5669291338584 2530.7086614173227 188.9763779527559 86.61417322834646 du
1759.0551181102362 2530.7086614173227 474.01574803149606 86.61417322834646 Luxembourg,
2107.0866141732286 2530.7086614173227 157.48031496062993 86.61417322834646 une

247.24409448818898 2620.472440944882 259.84251968503935 85.03937007874016 salle
420.4724409448819 2620.472440944882 346.45669291338584 85.03937007874016 spéciale
678.7401574803149 2620.472440944882 231.49606299212599 85.03937007874016 sera
823.6220472440945 2620.472440944882 374.8031496062992 85.03937007874016 consacrée
1111.8110236220473 2620.472440944882 201.5748031496063 85.03937007874016 aux
1228.3464566929133 2620.472440944882 346.45669291338584 85.03937007874016 ouvrages
1486.6141732283465 2620.472440944882 489.76377952755905 85.03937007874016 contemporains
1891.3385826771653 2620.472440944882 201.5748031496063 85.03937007874016 des
1977.9527559055118 2620.472440944882 288.18897637795277 85.03937007874016 artistes

214.17322834645668 2675.5905511811025 368.503937007874 99.21259842519684 étrangers.

311.81102362204723 2748.031496062992 157.48031496062993 91.33858267716535 A
374.8031496062992 2748.031496062992 314.96062992125985 91.33858267716535 partir
595.2755905511812 2748.031496062992 188.9763779527559 91.33858267716535 de
691.3385826771654 2748.031496062992 188.9763779527559 91.33858267716535 ce
785.8267716535433 2748.031496062992 251.96850393700788 91.33858267716535 même
943.3070866141733 2748.031496062992 505.51181102362204 91.33858267716535 remaniement,
1354.3307086614172 2748.031496062992 220.4724409448819 91.33858267716535 les
1480.3149606299212 2748.031496062992 379.5275590551181 91.33858267716535 ouvrages
1763.7795275590552 2748.031496062992 188.9763779527559 91.33858267716535 de
1858.267716535433 2748.031496062992 251.96850393700788 91.33858267716535 tous
2017.3228346456692 2748.031496062992 220.4724409448819 91.33858267716535 les
2111.8110236220473 2748.031496062992 157.48031496062993 91.33858267716535 ar-

248.8188976377953 2829.9212598425197 297.6377952755906 64.56692913385827 tistes
456.6929133858268 2829.9212598425197 267.7165354330709 64.56692913385827 morts
636.2204724409448 2829.9212598425197 565.3543307086615 64.56692913385827 antérieurement,
1111.8110236220473 2829.9212598425197 297.6377952755906 64.56692913385827 devant
1321.259842519685 2829.9212598425197 237.79527559055117 64.56692913385827 être
1469.291338582677 2829.9212598425197 327.5590551181102 64.56692913385827 retirés
1708.6614173228347 2829.9212598425197 177.95275590551182 64.56692913385827 de
1796.8503937007874 2829.9212598425197 177.95275590551182 64.56692913385827 la
1886.6141732283465 2829.9212598425197 357.4803149606299 64.56692913385827 galerie,
2124.4094488188975 2829.9212598425197 149.60629921259843 64.56692913385827 les

247.24409448818898 2903.9370078740158 450.3937007874016 70.86614173228347 peintures,
600.0 2903.9370078740158 450.3937007874016 70.86614173228347 sculptures
954.3307086614174 2903.9370078740158 193.70078740157481 70.86614173228347 ou
1050.3937007874015 2903.9370078740158 354.3307086614173 70.86614173228347 dessins
1307.0866141732283 2903.9370078740158 225.1968503937008 70.86614173228347 qui
1436.2204724409448 2903.9370078740158 321.25984251968504 70.86614173228347 seront
1661.4173228346456 2903.9370078740158 417.3228346456693 70.86614173228347 désormais
1982.6771653543308 2903.9370078740158 289.76377952755905 70.86614173228347 admis
2143.3070866141734 2903.9370078740158 129.13385826771653 70.86614173228347 au

248.8188976377953 2955.9055118110236 474.01574803149606 78.74015748031496 Luxembourg,
628.3464566929134 2955.9055118110236 190.5511811023622 78.74015748031496 ne
722.8346456692914 2955.9055118110236 379.5275590551181 78.74015748031496 pourront
1007.8740157480315 2955.9055118110236 285.03937007874015 78.74015748031496 faire
1198.4251968503936 2955.9055118110236 316.53543307086613 78.74015748031496 partie
1418.8976377952756 2955.9055118110236 222.04724409448818 78.74015748031496 des
1546.4566929133857 2955.9055118110236 379.5275590551181 78.74015748031496 galeries
1831.4960629921259 2955.9055118110236 190.5511811023622 78.74015748031496 du
1925.984251968504 2955.9055118110236 316.53543307086613 78.74015748031496 Louvre
2116.535433070866 2955.9055118110236 157.48031496062993 78.74015748031496 que

248.8188976377953 3022.047244094488 231.49606299212599 97.63779527559055 cinq
392.12598425196853 3022.047244094488 201.5748031496063 97.63779527559055 ans
508.66141732283467 3022.047244094488 259.84251968503935 97.63779527559055 après
681.8897637795276 3022.047244094488 173.22834645669292 97.63779527559055 la
768.503937007874 3022.047244094488 231.49606299212599 97.63779527559055 mort
913.3858267716536 3022.047244094488 173.22834645669292 97.63779527559055 de
1000.0 3022.047244094488 259.84251968503935 97.63779527559055 leurs
1144.8818897637796 3022.047244094488 289.76377952755905 97.63779527559055 auteurs.

318.1102362204724 3092.9133858267714 371.65354330708664 97.63779527559055 Veuillez
598.4251968503937 3092.9133858267714 341.73228346456693 97.63779527559055 agréer,
845.6692913385826 3092.9133858267714 371.65354330708664 97.63779527559055 Monsieur
1124.4094488188975 3092.9133858267714 185.82677165354332 97.63779527559055 le
1217.3228346456692 3092.9133858267714 527.5590551181102 97.63779527559055 Surintendant,
1651.9685039370079 3092.9133858267714 496.06299212598424 97.63779527559055 l’expression
2055.1181102362207 3092.9133858267714 185.82677165354332 97.63779527559055 de
2118.1102362204724 3092.9133858267714 154.33070866141733 97.63779527559055 mon

253.54330708661416 3182.6771653543306 450.3937007874016 85.03937007874016 respectueux
614.1732283464567 3182.6771653543306 179.5275590551181 85.03937007874016 et
703.9370078740158 3182.6771653543306 300.78740157480314 85.03937007874016 entier
883.4645669291339 3182.6771653543306 390.5511811023622 85.03937007874016 dévouement.

483.46456692913387 3277.165354330709 253.54330708661416 100.78740157480316 <i>Le
651.9685039370079 3277.165354330709 677.1653543307086 100.78740157480316 Conservateur-Adjoint
1244.0944881889764 3277.165354330709 196.8503937007874 100.78740157480316 des
1357.4803149606298 3277.165354330709 281.8897637795276 100.78740157480316 Musées
1554.3307086614172 3277.165354330709 395.2755905511811 100.78740157480316 impériaux,
1836.2204724409448 3277.165354330709 338.5826771653543 100.78740157480316 charge</i>

648.8188976377953 3351.181102362205 330.70866141732284 74.01574803149606 <i>Musée
896.0629921259842 3351.181102362205 165.35433070866142 74.01574803149606 du
977.9527559055118 3351.181102362205 385.8267716535433 74.01574803149606 Luxembourg
1281.8897637795276 3351.181102362205 165.35433070866142 74.01574803149606 et
1363.7795275590552 3351.181102362205 192.1259842519685 74.01574803149606 des
1474.015748031496 3351.181102362205 412.59842519685037 74.01574803149606 expositions
1776.3779527559054 3351.181102362205 330.70866141732284 74.01574803149606 d’Art</i>

1140.1574803149606 3422.047244094488 267.7165354330709 137.00787401574803 PH.
1292.9133858267717 3422.047244094488 229.92125984251967 137.00787401574803 DE
1370.0787401574803 3422.047244094488 574.8031496062993 137.00787401574803 CHENNEVIÈRES.

262.99212598425197 3513.3858267716537 165.35433070866142 127.55905511811024 15
344.88188976377955 3513.3858267716537 302.3622047244094 127.55905511811024 Octobre
537.007874015748 3513.3858267716537 192.1259842519685 127.55905511811024 1863.

604.7244094488188 3647.244094488189 382.6771653543307 107.08661417322834 Appreuvé:

1033.0708661417323 3691.3385826771655 234.64566929133858 107.08661417322834 <i>Le
1190.5511811023623 3691.3385826771655 415.748031496063 107.08661417322834 Surintendant
1527.5590551181103 3691.3385826771655 182.6771653543307 107.08661417322834 des
1606.2992125984251 3691.3385826771655 442.5196850393701 107.08661417322834 Beaux

1110.236220472441 3811.0236220472443 442.5196850393701 110.23622047244095 <b>Comte
1440.9448818897638 3811.0236220472443 220.4724409448819 110.23622047244095 DE
1514.9606299212599 3811.0236220472443 699.2125984251968 110.23622047244095 NIEUWERKERRE</b>
