2818.8976377952754 4933.858267716535
963.7795275590552 615.7480314960629 941.7322834645669 143.30708661417322 BIBLIOGRAPHIE

1337.007874015748 771.6535433070866 215.748031496063 103.93700787401575 DES

420.4724409448819 878.7401574803149 629.9212598425197 119.68503937007874 NOTICES
878.7401574803149 878.7401574803149 401.5748031496063 119.68503937007874 DES
1107.0866141732283 878.7401574803149 744.8818897637796 119.68503937007874 PEINTURES
1680.3149606299212 878.7401574803149 343.3070866141732 119.68503937007874 ET
1795.275590551181 878.7401574803149 686.6141732283464 119.68503937007874 SCULPTURES

700.7874015748032 1062.992125984252 568.503937007874 99.21259842519684 EXPOSÉES
1127.5590551181103 1062.992125984252 283.46456692913387 99.21259842519684 AU
1269.291338582677 1062.992125984252 426.7716535433071 99.21259842519684 MUSÉE
1552.755905511811 1062.992125984252 283.46456692913387 99.21259842519684 DU
1647.244094488189 1062.992125984252 568.503937007874 99.21259842519684 LUXEMBOURG

1007.8740157480315 1192.1259842519685 337.00787401574803 105.51181102362204 DEPUIS
1242.5196850393702 1192.1259842519685 269.29133858267716 105.51181102362204 1750
1411.023622047244 1192.1259842519685 404.7244094488189 105.51181102362204 JUSQU’EN
1680.3149606299212 1192.1259842519685 236.2204724409449 105.51181102362204 1863.

440.9448818897638 1522.8346456692914 196.8503937007874 114.96062992125984 1.
540.1574803149606 1522.8346456692914 163.7795275590551 114.96062992125984 —
604.7244094488188 1522.8346456692914 425.1968503937008 114.96062992125984 Catalogue
932.2834645669292 1522.8346456692914 228.3464566929134 114.96062992125984 des
1062.992125984252 1522.8346456692914 392.12598425196853 114.96062992125984 tableaux
1357.4803149606298 1522.8346456692914 196.8503937007874 114.96062992125984 du
1455.1181102362204 1522.8346456692914 359.0551181102362 114.96062992125984 Cabinet
1716.5354330708662 1522.8346456692914 196.8503937007874 114.96062992125984 du
1815.748031496063 1522.8346456692914 261.4173228346457 114.96062992125984 Roy,
1977.9527559055118 1522.8346456692914 196.8503937007874 114.96062992125984 au
2044.0944881889764 1522.8346456692914 425.1968503937008 114.96062992125984 Luxembourg,

518.1102362204724 1607.8740157480315 226.77165354330708 108.66141732283465 dont
659.8425196850394 1607.8740157480315 481.8897637795276 108.66141732283465 l’arrangement
1055.1181102362204 1607.8740157480315 141.73228346456693 108.66141732283465 a
1111.8110236220473 1607.8740157480315 198.4251968503937 108.66141732283465 été
1225.1968503937007 1607.8740157480315 340.15748031496065 108.66141732283465 ordonné,
1480.3149606299212 1607.8740157480315 226.77165354330708 108.66141732283465 sous
1622.0472440944882 1607.8740157480315 170.07874015748033 108.66141732283465 le
1707.0866141732283 1607.8740157480315 198.4251968503937 108.66141732283465 bon
1820.4724409448818 1607.8740157480315 311.81102362204723 108.66141732283465 plaisir
2045.6692913385828 1607.8740157480315 170.07874015748033 108.66141732283465 de
2130.7086614173227 1607.8740157480315 170.07874015748033 108.66141732283465 Sa
2187.4015748031497 1607.8740157480315 283.46456692913387 108.66141732283465 Majesté,

516.5354330708661 1691.3385826771653 201.5748031496063 77.16535433070867 par
631.496062992126 1691.3385826771653 173.22834645669292 77.16535433070867 M.
718.1102362204724 1691.3385826771653 173.22834645669292 77.16535433070867 de
803.1496062992126 1691.3385826771653 403.1496062992126 77.16535433070867 Tournehem,
1119.6850393700788 1691.3385826771653 373.2283464566929 77.16535433070867 directeur
1407.8740157480315 1691.3385826771653 316.53543307086613 77.16535433070867 général
1637.7952755905512 1691.3385826771653 201.5748031496063 77.16535433070867 des
1752.755905511811 1691.3385826771653 403.1496062992126 77.16535433070867 bâtiments,
2069.2913385826773 1691.3385826771653 344.88188976377955 77.16535433070867 jardins,
2299.212598425197 1691.3385826771653 173.22834645669292 77.16535433070867 arts

516.5354330708661 1762.2047244094488 166.9291338582677 85.03937007874016 et
600.0 1762.2047244094488 445.6692913385827 85.03937007874016 manufactures
963.7795275590552 1762.2047244094488 166.9291338582677 85.03937007874016 de
1047.244094488189 1762.2047244094488 166.9291338582677 85.03937007874016 S.
1130.708661417323 1762.2047244094488 195.2755905511811 85.03937007874016 M.;
1242.5196850393702 1762.2047244094488 195.2755905511811 85.03937007874016 mis
1354.3307086614172 1762.2047244094488 166.9291338582677 85.03937007874016 en
1437.7952755905512 1762.2047244094488 250.39370078740157 85.03937007874016 ordre
1604.724409448819 1762.2047244094488 195.2755905511811 85.03937007874016 par
1716.5354330708662 1762.2047244094488 195.2755905511811 85.03937007874016 les
1828.3464566929133 1762.2047244094488 250.39370078740157 85.03937007874016 soins
1995.275590551181 1762.2047244094488 166.9291338582677 85.03937007874016 du
2078.740157480315 1762.2047244094488 250.39370078740157 85.03937007874016 sieur
2218.8976377952754 1762.2047244094488 250.39370078740157 85.03937007874016 Bailly,

514.9606299212599 1829.9212598425197 255.11811023622047 80.31496062992126 garde
685.0393700787401 1829.9212598425197 198.4251968503937 80.31496062992126 des
798.4251968503937 1829.9212598425197 341.73228346456693 80.31496062992126 tableaux
1055.1181102362204 1829.9212598425197 170.07874015748033 80.31496062992126 du
1140.1574803149606 1829.9212598425197 226.77165354330708 80.31496062992126 Roy.
1281.8897637795276 1829.9212598425197 426.7716535433071 80.31496062992126 L’ouverture
1623.6220472440946 1829.9212598425197 226.77165354330708 80.31496062992126 s’en
1765.3543307086613 1829.9212598425197 226.77165354330708 80.31496062992126 fera
1907.0866141732283 1829.9212598425197 170.07874015748033 80.31496062992126 le
1992.1259842519685 1829.9212598425197 170.07874015748033 80.31496062992126 14
2077.165354330709 1829.9212598425197 311.81102362204723 80.31496062992126 octobre
2305.511811023622 1829.9212598425197 170.07874015748033 80.31496062992126 de
2362.2047244094488 1829.9212598425197 113.38582677165354 80.31496062992126 la

514.9606299212599 1900.7874015748032 360.62992125984255 81.88976377952756 présente
785.8267716535433 1900.7874015748032 300.78740157480314 81.88976377952756 année,
996.8503937007874 1900.7874015748032 211.0236220472441 81.88976377952756 les
1116.5354330708662 1900.7874015748032 360.62992125984255 81.88976377952756 mercredi
1387.4015748031495 1900.7874015748032 181.10236220472441 81.88976377952756 et
1477.1653543307086 1900.7874015748032 300.78740157480314 81.88976377952756 samedi
1688.1889763779527 1900.7874015748032 181.10236220472441 81.88976377952756 de
1777.9527559055118 1900.7874015748032 300.78740157480314 81.88976377952756 chaque
1988.976377952756 1900.7874015748032 360.62992125984255 81.88976377952756 semaine,
2229.9212598425197 1900.7874015748032 240.9448818897638 81.88976377952756 depuis

511.81102362204723 1971.6535433070867 234.64566929133858 78.74015748031496 neuf
658.2677165354331 1971.6535433070867 292.9133858267717 78.74015748031496 heures
864.5669291338583 1971.6535433070867 176.3779527559055 78.74015748031496 du
951.1811023622047 1971.6535433070867 262.99212598425197 78.74015748031496 matin
1127.5590551181103 1971.6535433070867 322.8346456692913 78.74015748031496 jusqu’à
1362.2047244094488 1971.6535433070867 262.99212598425197 78.74015748031496 midi,
1537.007874015748 1971.6535433070867 322.8346456692913 78.74015748031496 jusqu’à
1771.6535433070867 1971.6535433070867 176.3779527559055 78.74015748031496 la
1859.8425196850394 1971.6535433070867 204.7244094488189 78.74015748031496 fin
1976.3779527559054 1971.6535433070867 322.8346456692913 78.74015748031496 d’avril
2211.0236220472443 1971.6535433070867 262.99212598425197 78.74015748031496 1754,
2357.48031496063 1971.6535433070867 116.53543307086615 78.74015748031496 et

511.81102362204723 2029.9212598425197 310.23622047244095 85.03937007874016 depuis
729.1338582677165 2029.9212598425197 185.82677165354332 85.03937007874016 le
822.0472440944882 2029.9212598425197 341.73228346456693 85.03937007874016 premier
1070.8661417322835 2029.9212598425197 217.3228346456693 85.03937007874016 may
1195.275590551181 2029.9212598425197 248.8188976377953 85.03937007874016 1751
1349.6062992125985 2029.9212598425197 373.2283464566929 85.03937007874016 jusqu’au
1629.9212598425197 2029.9212598425197 248.8188976377953 85.03937007874016 mois
1784.251968503937 2029.9212598425197 403.1496062992126 85.03937007874016 d’octobre
2094.488188976378 2029.9212598425197 373.2283464566929 85.03937007874016 suivant;
2343.3070866141734 2029.9212598425197 124.40944881889764 85.03937007874016 on

516.5354330708661 2107.0866141732286 198.4251968503937 83.46456692913385 n’y
629.9212598425197 2107.0866141732286 310.23622047244095 83.46456692913385 entrera
855.1181102362204 2107.0866141732286 226.77165354330708 83.46456692913385 qu’à
996.8503937007874 2107.0866141732286 253.54330708661416 83.46456692913385 trois
1166.9291338582677 2107.0866141732286 281.8897637795276 83.46456692913385 heures
1363.7795275590552 2107.0866141732286 253.54330708661416 83.46456692913385 après
1533.8582677165355 2107.0866141732286 226.77165354330708 83.46456692913385 midi
1675.5905511811025 2107.0866141732286 310.23622047244095 83.46456692913385 jusqu’à
1900.7874015748032 2107.0866141732286 198.4251968503937 83.46456692913385 six
2014.1732283464567 2107.0866141732286 281.8897637795276 83.46456692913385 heures
2212.5984251968503 2107.0866141732286 170.07874015748033 83.46456692913385 du
2267.716535433071 2107.0866141732286 198.4251968503937 83.46456692913385 soir.

511.81102362204723 2176.3779527559054 181.10236220472441 75.59055118110236 —A
601.5748031496063 2176.3779527559054 300.78740157480314 75.59055118110236 Paris,
812.5984251968504 2176.3779527559054 181.10236220472441 75.59055118110236 de
903.9370078740158 2176.3779527559054 481.8897637795276 75.59055118110236 l'imprimerie
1294.4881889763778 2176.3779527559054 181.10236220472441 75.59055118110236 de
1385.8267716535433 2176.3779527559054 300.78740157480314 75.59055118110236 Prault
1595.275590551181 2176.3779527559054 270.86614173228344 75.59055118110236 père,
1776.3779527559054 2176.3779527559054 240.9448818897638 75.59055118110236 quai
1927.5590551181103 2176.3779527559054 181.10236220472441 75.59055118110236 de
2017.3228346456692 2176.3779527559054 330.70866141732284 75.59055118110236 Gèvres,
2258.267716535433 2176.3779527559054 181.10236220472441 75.59055118110236 au
2318.1102362204724 2176.3779527559054 151.1811023622047 75.59055118110236 Pa-

507.0866141732283 2245.6692913385828 316.53543307086613 77.16535433070867 radis.
729.1338582677165 2245.6692913385828 157.48031496062993 77.16535433070867 —
792.1259842519685 2245.6692913385828 190.5511811023622 77.16535433070867 M.
886.6141732283464 2245.6692913385828 253.54330708661416 77.16535433070867 DCC.
1045.6692913385828 2245.6692913385828 190.5511811023622 77.16535433070867 L.
1140.1574803149606 2245.6692913385828 157.48031496062993 77.16535433070867 —
1203.1496062992126 2245.6692913385828 253.54330708661416 77.16535433070867 Avec
1362.2047244094488 2245.6692913385828 474.01574803149606 77.16535433070867 permission.
1741.732283464567 2245.6692913385828 157.48031496062993 77.16535433070867 —
1804.724409448819 2245.6692913385828 285.03937007874015 77.16535433070867 In-12
1995.275590551181 2245.6692913385828 190.5511811023622 77.16535433070867 de
2089.763779527559 2245.6692913385828 190.5511811023622 77.16535433070867 47
2184.251968503937 2245.6692913385828 285.03937007874015 77.16535433070867 pages
2343.3070866141734 2245.6692913385828 125.98425196850394 77.16535433070867 et

508.66141732283467 2308.6614173228345 193.70078740157481 78.74015748031496 96
604.7244094488188 2308.6614173228345 385.8267716535433 78.74015748031496 numéros,
894.488188976378 2308.6614173228345 256.6929133858268 78.74015748031496 sans
1055.1181102362204 2308.6614173228345 160.62992125984252 78.74015748031496 y
1119.6850393700788 2308.6614173228345 354.3307086614173 78.74015748031496 compter
1376.3779527559054 2308.6614173228345 193.70078740157481 78.74015748031496 la
1472.4409448818897 2308.6614173228345 354.3307086614173 78.74015748031496 galerie
1729.1338582677165 2308.6614173228345 193.70078740157481 78.74015748031496 de
1826.7716535433071 2308.6614173228345 354.3307086614173 78.74015748031496 Rubens.
2083.464566929134 2308.6614173228345 160.62992125984252 78.74015748031496 —
2148.031496062992 2308.6614173228345 193.70078740157481 78.74015748031496 Le
2212.5984251968503 2308.6614173228345 256.6929133858268 78.74015748031496 permis

511.81102362204723 2370.0787401574803 466.1417322834646 108.66141732283465 d’impression
891.3385826771654 2370.0787401574803 204.7244094488189 108.66141732283465 est
1007.8740157480315 2370.0787401574803 174.8031496062992 108.66141732283465 du
1096.0629921259842 2370.0787401574803 174.8031496062992 108.66141732283465 11
1154.3307086614172 2370.0787401574803 291.33858267716533 108.66141732283465 octobre.

440.9448818897638 2466.1417322834645 195.2755905511811 96.06299212598425 2.
538.5826771653543 2466.1417322834645 163.7795275590551 96.06299212598425 —
604.7244094488188 2466.1417322834645 423.62204724409446 96.06299212598425 Catalogue
930.7086614173228 2466.1417322834645 228.3464566929134 96.06299212598425 des
1061.4173228346456 2466.1417322834645 390.5511811023622 96.06299212598425 tableaux
1354.3307086614172 2466.1417322834645 195.2755905511811 96.06299212598425 du
1451.9685039370079 2466.1417322834645 359.0551181102362 96.06299212598425 Cabinet
1713.3858267716535 2466.1417322834645 195.2755905511811 96.06299212598425 du
1811.023622047244 2466.1417322834645 261.4173228346457 96.06299212598425 Roy,
1973.2283464566929 2466.1417322834645 195.2755905511811 96.06299212598425 au
2039.3700787401574 2466.1417322834645 423.62204724409446 96.06299212598425 Luxembourg;

508.66141732283467 2522.834645669291 385.8267716535433 96.06299212598425 quatrième
804.7244094488188 2522.834645669291 355.90551181102364 96.06299212598425 édition,
1072.4409448818897 2522.834645669291 266.1417322834646 96.06299212598425 revue
1250.3937007874015 2522.834645669291 177.95275590551182 96.06299212598425 et
1338.5826771653544 2522.834645669291 385.8267716535433 96.06299212598425 corrigée.
1636.2204724409448 2522.834645669291 148.03149606299212 96.06299212598425 —
1694.4881889763778 2522.834645669291 296.06299212598424 96.06299212598425 Paris,
1902.3622047244094 2522.834645669291 177.95275590551182 96.06299212598425 de
1992.1259842519685 2522.834645669291 474.01574803149606 96.06299212598425 l’imprimerie
2348.031496062992 2522.834645669291 118.11023622047244 96.06299212598425 de

508.66141732283467 2606.299212598425 305.51181102362204 81.88976377952756 Prault
721.2598425196851 2606.299212598425 275.59055118110234 81.88976377952756 père,
905.511811023622 2606.299212598425 244.09448818897638 81.88976377952756 quai
1058.267716535433 2606.299212598425 182.6771653543307 81.88976377952756 de
1149.6062992125985 2606.299212598425 335.43307086614175 81.88976377952756 Gèvres,
1393.7007874015749 2606.299212598425 182.6771653543307 81.88976377952756 au
1485.0393700787401 2606.299212598425 366.92913385826773 81.88976377952756 Paradis.
1760.6299212598426 2606.299212598425 152.75590551181102 81.88976377952756 —
1822.0472440944882 2606.299212598425 182.6771653543307 81.88976377952756 M.
1913.3858267716535 2606.299212598425 244.09448818897638 81.88976377952756 DCC.
2066.1417322834645 2606.299212598425 214.17322834645668 81.88976377952756 LI.
2187.4015748031497 2606.299212598425 152.75590551181102 81.88976377952756 —
2218.8976377952754 2606.299212598425 244.09448818897638 81.88976377952756 In

508.66141732283467 2677.165354330709 184.251968503937 83.46456692913385 44
600.0 2677.165354330709 307.0866141732283 83.46456692913385 pages,
814.1732283464567 2677.165354330709 184.251968503937 83.46456692913385 vi
907.0866141732283 2677.165354330709 275.59055118110234 83.46456692913385 pages
1089.763779527559 2677.165354330709 612.5984251968504 83.46456692913385 d’avertissement,
1611.023622047244 2677.165354330709 184.251968503937 83.46456692913385 96
1702.3622047244094 2677.165354330709 368.503937007874 83.46456692913385 numéros,
1979.5275590551182 2677.165354330709 214.17322834645668 83.46456692913385 non
2100.787401574803 2677.165354330709 337.00787401574803 83.46456692913385 compris
2316.535433070866 2677.165354330709 152.75590551181102 83.46456692913385 les

511.81102362204723 2741.732283464567 177.95275590551182 89.76377952755905 24
601.5748031496063 2741.732283464567 354.3307086614173 89.76377952755905 tableaux
867.7165354330708 2741.732283464567 177.95275590551182 89.76377952755905 de
955.9055118110236 2741.732283464567 325.98425196850394 89.76377952755905 Rubens.
1192.1259842519685 2741.732283464567 206.29921259842519 89.76377952755905 (Il
1310.236220472441 2741.732283464567 206.29921259842519 89.76377952755905 est
1429.9212598425197 2741.732283464567 325.98425196850394 89.76377952755905 évident
1666.1417322834645 2741.732283464567 266.1417322834646 89.76377952755905 qu’il
1844.0944881889764 2741.732283464567 296.06299212598424 89.76377952755905 existe
2050.3937007874015 2741.732283464567 206.29921259842519 89.76377952755905 une
2168.503937007874 2741.732283464567 177.95275590551182 89.76377952755905 2e
2258.267716535433 2741.732283464567 177.95275590551182 89.76377952755905 et
2316.535433070866 2741.732283464567 148.03149606299212 89.76377952755905 une

510.23622047244095 2809.448818897638 233.0708661417323 96.06299212598425 >3e<
655.1181102362204 2809.448818897638 377.9527559055118 96.06299212598425 éditions,
946.4566929133858 2809.448818897638 203.1496062992126 96.06299212598425 que
1062.992125984252 2809.448818897638 233.0708661417323 96.06299212598425 nous
1207.8740157480315 2809.448818897638 319.68503937007875 96.06299212598425 n’avons
1440.9448818897638 2809.448818897638 203.1496062992126 96.06299212598425 pas
1557.4803149606298 2809.448818897638 291.33858267716533 96.06299212598425 encore
1760.6299212598426 2809.448818897638 174.8031496062992 96.06299212598425 pu
1847.244094488189 2809.448818897638 233.0708661417323 96.06299212598425 nous
1963.7795275590552 2809.448818897638 349.6062992125984 96.06299212598425 procurer.)

436.2204724409449 2902.3622047244094 195.2755905511811 89.76377952755905 8.
533.8582677165355 2902.3622047244094 163.7795275590551 89.76377952755905 —
600.0 2902.3622047244094 423.62204724409446 89.76377952755905 Catalogue
925.9842519685039 2902.3622047244094 228.3464566929134 89.76377952755905 des
1056.6929133858268 2902.3622047244094 390.5511811023622 89.76377952755905 tableaux
1349.6062992125985 2902.3622047244094 195.2755905511811 89.76377952755905 du
1447.244094488189 2902.3622047244094 359.0551181102362 89.76377952755905 Cabinet
1708.6614173228347 2902.3622047244094 195.2755905511811 89.76377952755905 du
1806.2992125984251 2902.3622047244094 261.4173228346457 89.76377952755905 Roy,
1968.5039370078741 2902.3622047244094 195.2755905511811 89.76377952755905 au
2034.6456692913387 2902.3622047244094 423.62204724409446 89.76377952755905 Luxembourg;

503.93700787401576 2971.6535433070867 373.2283464566929 77.16535433070867 nouvelle
784.2519685039371 2971.6535433070867 373.2283464566929 77.16535433070867 édition,
1062.992125984252 2971.6535433070867 310.23622047244095 77.16535433070867 revue,
1280.3149606299212 2971.6535433070867 373.2283464566929 77.16535433070867 corrigée
1560.6299212598426 2971.6535433070867 185.82677165354332 77.16535433070867 et
1653.5433070866143 2971.6535433070867 403.1496062992126 77.16535433070867 augmentée
1963.7795275590552 2971.6535433070867 185.82677165354332 77.16535433070867 de
2058.267716535433 2971.6535433070867 373.2283464566929 77.16535433070867 nouveaux
2305.511811023622 2971.6535433070867 155.90551181102362 77.16535433070867 ta-

505.51181102362204 3033.0708661417325 325.98425196850394 92.91338582677166 bleaux.
743.3070866141733 3033.0708661417325 148.03149606299212 92.91338582677166 —
801.5748031496063 3033.0708661417325 148.03149606299212 92.91338582677166 A
861.4173228346457 3033.0708661417325 296.06299212598424 92.91338582677166 Paris,
1067.716535433071 3033.0708661417325 177.95275590551182 92.91338582677166 de
1157.4803149606298 3033.0708661417325 474.01574803149606 92.91338582677166 l’imprimerie
1541.732283464567 3033.0708661417325 177.95275590551182 92.91338582677166 de
1631.4960629921259 3033.0708661417325 592.1259842519685 92.91338582677166 Pierre-Alexandre
2133.8582677165355 3033.0708661417325 177.95275590551182 92.91338582677166 Le
2193.700787401575 3033.0708661417325 266.1417322834646 92.91338582677166 Prieur,

503.93700787401576 3111.8110236220473 403.1496062992126 74.01574803149606 imprimeur
814.1732283464567 3111.8110236220473 185.82677165354332 74.01574803149606 du
908.6614173228346 3111.8110236220473 248.8188976377953 74.01574803149606 Roy,
1062.992125984252 3111.8110236220473 217.3228346456693 74.01574803149606 rue
1187.4015748031495 3111.8110236220473 559.0551181102362 74.01574803149606 Saint-Jacques,
1653.5433070866143 3111.8110236220473 155.90551181102362 74.01574803149606 à
1714.9606299212599 3111.8110236220473 527.5590551181102 74.01574803149606 l’Olivier.—M.
2149.6062992125985 3111.8110236220473 248.8188976377953 74.01574803149606 DCC.
2274.015748031496 3111.8110236220473 185.82677165354332 74.01574803149606 LXI.

503.93700787401576 3179.527559055118 148.03149606299212 100.78740157480316 —
563.7795275590552 3179.527559055118 237.79527559055117 100.78740157480316 Avec
711.8110236220473 3179.527559055118 444.09448818897636 100.78740157480316 permission.
1067.716535433071 3179.527559055118 148.03149606299212 100.78740157480316 —
1125.984251968504 3179.527559055118 266.1417322834646 100.78740157480316 In-12
1303.9370078740158 3179.527559055118 177.95275590551182 100.78740157480316 de
1393.7007874015749 3179.527559055118 177.95275590551182 100.78740157480316 48
1481.8897637795276 3179.527559055118 296.06299212598424 100.78740157480316 pages,
1689.763779527559 3179.527559055118 177.95275590551182 100.78740157480316 vi
1777.9527559055118 3179.527559055118 266.1417322834646 100.78740157480316 pages
1925.984251968504 3179.527559055118 533.8582677165355 100.78740157480316 d’avertissement,

500.78740157480314 3247.244094488189 215.748031496063 100.78740157480316 109
625.1968503937007 3247.244094488189 368.503937007874 100.78740157480316 numéros,
900.7874015748032 3247.244094488189 245.66929133858267 100.78740157480316 sans
1055.1181102362204 3247.244094488189 338.5826771653543 100.78740157480316 compter
1300.7874015748032 3247.244094488189 184.251968503937 100.78740157480316 la
1392.1259842519685 3247.244094488189 338.5826771653543 100.78740157480316 galerie
1637.7952755905512 3247.244094488189 184.251968503937 100.78740157480316 de
1699.2125984251968 3247.244094488189 277.1653543307087 100.78740157480316 Rubens.

431.496062992126 3322.834645669291 200.0 107.08661417322834 4.
530.7086614173228 3322.834645669291 166.9291338582677 107.08661417322834 —
596.8503937007874 3322.834645669291 266.1417322834646 107.08661417322834 Même
763.7795275590552 3322.834645669291 332.2834645669291 107.08661417322834 titre.
996.8503937007874 3322.834645669291 166.9291338582677 107.08661417322834 —
1062.992125984252 3322.834645669291 299.21259842519686 107.08661417322834 In-12
1262.992125984252 3322.834645669291 200.0 107.08661417322834 de
1362.2047244094488 3322.834645669291 200.0 107.08661417322834 48
1462.992125984252 3322.834645669291 299.21259842519686 107.08661417322834 pages
1661.4173228346456 3322.834645669291 200.0 107.08661417322834 et
1762.2047244094488 3322.834645669291 233.0708661417323 107.08661417322834 110
1894.4881889763778 3322.834645669291 398.4251968503937 107.08661417322834 numéros,
2160.6299212598424 3322.834645669291 299.21259842519686 107.08661417322834 formant

494.48818897637796 3403.149606299213 196.8503937007874 96.06299212598425 28
593.7007874015748 3403.149606299213 327.5590551181102 96.06299212598425 pages.
822.0472440944882 3403.149606299213 163.7795275590551 96.06299212598425 —
855.1181102362204 3403.149606299213 229.92125984251967 96.06299212598425 1762.

425.1968503937008 3461.417322834646 196.8503937007874 119.68503937007874 5.
524.4094488188977 3461.417322834646 163.7795275590551 119.68503937007874 —
588.9763779527559 3461.417322834646 425.1968503937008 119.68503937007874 Catalogue
916.5354330708661 3461.417322834646 228.3464566929134 119.68503937007874 des
1047.244094488189 3461.417322834646 392.12598425196853 119.68503937007874 tableaux
1340.1574803149606 3461.417322834646 196.8503937007874 119.68503937007874 du
1439.3700787401574 3461.417322834646 359.0551181102362 119.68503937007874 Cabinet
1700.7874015748032 3461.417322834646 196.8503937007874 119.68503937007874 du
1798.4251968503936 3461.417322834646 261.4173228346457 119.68503937007874 Roy,
1962.2047244094488 3461.417322834646 196.8503937007874 119.68503937007874 au
2026.7716535433071 3461.417322834646 425.1968503937008 119.68503937007874 Luxembourg;

499.21259842519686 3560.6299212598424 373.2283464566929 77.16535433070867 nouvelle
779.5275590551181 3560.6299212598424 373.2283464566929 77.16535433070867 édition,
1058.267716535433 3560.6299212598424 310.23622047244095 77.16535433070867 revue,
1275.5905511811025 3560.6299212598424 373.2283464566929 77.16535433070867 corrigée
1555.9055118110236 3560.6299212598424 185.82677165354332 77.16535433070867 et
1648.8188976377953 3560.6299212598424 403.1496062992126 77.16535433070867 augmentée
1959.0551181102362 3560.6299212598424 185.82677165354332 77.16535433070867 de
2053.5433070866143 3560.6299212598424 373.2283464566929 77.16535433070867 nouveaux
2300.787401574803 3560.6299212598424 155.90551181102362 77.16535433070867 ta-

499.21259842519686 3626.771653543307 335.43307086614175 92.91338582677166 bleaux.
741.7322834645669 3626.771653543307 152.75590551181102 92.91338582677166 —
803.1496062992126 3626.771653543307 303.93700787401576 92.91338582677166 Paris,
1017.3228346456693 3626.771653543307 182.6771653543307 92.91338582677166 de
1108.6614173228347 3626.771653543307 488.18897637795277 92.91338582677166 l’imprimerie
1503.9370078740158 3626.771653543307 182.6771653543307 92.91338582677166 de
1595.275590551181 3626.771653543307 609.4488188976378 92.91338582677166 Pierre-Alexandre
2113.3858267716537 3626.771653543307 182.6771653543307 92.91338582677166 Le
2174.803149606299 3626.771653543307 274.01574803149606 92.91338582677166 Prieur,

496.06299212598424 3699.212598425197 384.251968503937 83.46456692913385 imprimeur
792.1259842519685 3699.212598425197 177.95275590551182 83.46456692913385 du
881.8897637795276 3699.212598425197 236.2204724409449 83.46456692913385 Roy,
1029.9212598425197 3699.212598425197 207.8740157480315 83.46456692913385 rue
1148.0314960629921 3699.212598425197 532.2834645669292 83.46456692913385 Saint-Jacques,
1592.1259842519685 3699.212598425197 148.03149606299212 83.46456692913385 à
1650.3937007874015 3699.212598425197 444.09448818897636 83.46456692913385 l’Olivier.—
2006.2992125984251 3699.212598425197 266.1417322834646 83.46456692913385 1768.
2184.251968503937 3699.212598425197 148.03149606299212 83.46456692913385 —
2214.1732283464567 3699.212598425197 236.2204724409449 83.46456692913385 In

497.6377952755906 3768.503937007874 182.6771653543307 94.48818897637796 48
588.9763779527559 3768.503937007874 305.51181102362204 94.48818897637796 pages,
801.5748031496063 3768.503937007874 244.09448818897638 94.48818897637796 sans
954.3307086614174 3768.503937007874 335.43307086614175 94.48818897637796 compter
1198.4251968503936 3768.503937007874 579.5275590551181 94.48818897637796 l’avertissement
1686.6141732283465 3768.503937007874 182.6771653543307 94.48818897637796 de
1779.5275590551182 3768.503937007874 152.75590551181102 94.48818897637796 4
1839.3700787401574 3768.503937007874 305.51181102362204 94.48818897637796 pages;
2053.5433070866143 3768.503937007874 214.17322834645668 94.48818897637796 110
2144.8818897637793 3768.503937007874 305.51181102362204 94.48818897637796 numéros,

496.06299212598424 3842.51968503937 207.8740157480315 94.48818897637796 non
615.7480314960629 3842.51968503937 325.98425196850394 94.48818897637796 compris
851.9685039370079 3842.51968503937 207.8740157480315 94.48818897637796 les
971.6535433070866 3842.51968503937 177.95275590551182 94.48818897637796 21
1059.8425196850394 3842.51968503937 355.90551181102364 94.48818897637796 tableaux
1327.5590551181103 3842.51968503937 177.95275590551182 94.48818897637796 de
1415.748031496063 3842.51968503937 177.95275590551182 94.48818897637796 la
1505.5118110236222 3842.51968503937 325.98425196850394 94.48818897637796 galerie
1743.3070866141732 3842.51968503937 177.95275590551182 94.48818897637796 de
1801.5748031496064 3842.51968503937 267.7165354330709 94.48818897637796 Rubens.
