1790 3133
612 391 598 91 BIBLIOGRAPHIE</b>

849 490 137 66 DES

267 558 400 76 NOTICES
558 558 255 76 DES
703 558 473 76 PEINTURES
1067 558 218 76 ET
1140 558 436 76 SCULPTURES

445 675 361 63 EXPOSÉES
716 675 180 63 AU
806 675 271 63 MUSÉE
986 675 180 63 DU
1046 675 361 63 LUXEMBOURG

640 757 214 67 DEPUIS
789 757 171 67 1750
896 757 257 67 JUSQU’EN
1067 757 150 67 1863.

280 967 125 73 1.
343 967 104 73 —
384 967 270 73 Catalogue
592 967 145 73 des
675 967 249 73 tableaux
862 967 125 73 du
924 967 228 73 Cabinet
1090 967 125 73 du
1153 967 166 73 Roy,
1256 967 125 73 au
1298 967 270 73 Luxembourg,

329 1021 144 69 dont
419 1021 306 69 l’arrangement
670 1021 90 69 a
706 1021 126 69 été
778 1021 216 69 ordonné,
940 1021 144 69 sous
1030 1021 108 69 le
1084 1021 126 69 bon
1156 1021 198 69 plaisir
1299 1021 108 69 de
1353 1021 108 69 Sa
1389 1021 180 69 Majesté,

328 1074 128 49 par
401 1074 110 49 M.
456 1074 110 49 de
510 1074 256 49 Tournehem,
711 1074 237 49 directeur
894 1074 201 49 général
1040 1074 128 49 des
1113 1074 256 49 bâtiments,
1314 1074 219 49 jardins,
1460 1074 110 49 arts

328 1119 106 54 et
381 1119 283 54 manufactures
612 1119 106 54 de
665 1119 106 54 S.
718 1119 124 54 M.;
789 1119 124 54 mis
860 1119 106 54 en
913 1119 159 54 ordre
1019 1119 124 54 par
1090 1119 124 54 les
1161 1119 159 54 soins
1267 1119 106 54 du
1320 1119 159 54 sieur
1409 1119 159 54 Bailly,

327 1162 162 51 garde
435 1162 126 51 des
507 1162 217 51 tableaux
670 1162 108 51 du
724 1162 144 51 Roy.
814 1162 271 51 L’ouverture
1031 1162 144 51 s’en
1121 1162 144 51 fera
1211 1162 108 51 le
1265 1162 108 51 14
1319 1162 198 51 octobre
1464 1162 108 51 de
1500 1162 72 51 la

327 1207 229 52 présente
499 1207 191 52 année,
633 1207 134 52 les
709 1207 229 52 mercredi
881 1207 115 52 et
938 1207 191 52 samedi
1072 1207 115 52 de
1129 1207 191 52 chaque
1263 1207 229 52 semaine,
1416 1207 153 52 depuis

325 1252 149 50 neuf
418 1252 186 50 heures
549 1252 112 50 du
604 1252 167 50 matin
716 1252 205 50 jusqu’à
865 1252 167 50 midi,
976 1252 205 50 jusqu’à
1125 1252 112 50 la
1181 1252 130 50 fin
1255 1252 205 50 d’avril
1404 1252 167 50 1754,
1497 1252 74 50 et

325 1289 197 54 depuis
463 1289 118 54 le
522 1289 217 54 premier
680 1289 138 54 may
759 1289 158 54 1751
857 1289 237 54 jusqu’au
1035 1289 158 54 mois
1133 1289 256 54 d’octobre
1330 1289 237 54 suivant;
1488 1289 79 54 on

328 1338 126 53 n’y
400 1338 197 53 entrera
543 1338 144 53 qu’à
633 1338 161 53 trois
741 1338 179 53 heures
866 1338 161 53 après
974 1338 144 53 midi
1064 1338 197 53 jusqu’à
1207 1338 126 53 six
1279 1338 179 53 heures
1405 1338 108 53 du
1440 1338 126 53 soir.

325 1382 115 48 —A
382 1382 191 48 Paris,
516 1382 115 48 de
574 1382 306 48 l'imprimerie
822 1382 115 48 de
880 1382 191 48 Prault
1013 1382 172 48 père,
1128 1382 153 48 quai
1224 1382 115 48 de
1281 1382 210 48 Gèvres,
1434 1382 115 48 au
1472 1382 96 48 Pa-

322 1426 201 49 radis.
463 1426 100 49 —
503 1426 121 49 M.
563 1426 161 49 DCC.
664 1426 121 49 L.
724 1426 100 49 —
764 1426 161 49 Avec
865 1426 301 49 permission.
1106 1426 100 49 —
1146 1426 181 49 In-12
1267 1426 121 49 de
1327 1426 121 49 47
1387 1426 181 49 pages
1488 1426 80 49 et

323 1466 123 50 96
384 1466 245 50 numéros,
568 1466 163 50 sans
670 1466 102 50 y
711 1466 225 50 compter
874 1466 123 50 la
935 1466 225 50 galerie
1098 1466 123 50 de
1160 1466 225 50 Rubens.
1323 1466 102 50 —
1364 1466 123 50 Le
1405 1466 163 50 permis

325 1505 296 69 d’impression
566 1505 130 69 est
640 1505 111 69 du
696 1505 111 69 11
733 1505 185 69 octobre.

280 1566 124 61 2.
342 1566 104 61 —
384 1566 269 61 Catalogue
591 1566 145 61 des
674 1566 248 61 tableaux
860 1566 124 61 du
922 1566 228 61 Cabinet
1088 1566 124 61 du
1150 1566 166 61 Roy,
1253 1566 124 61 au
1295 1566 269 61 Luxembourg;

323 1602 245 61 quatrième
511 1602 226 61 édition,
681 1602 169 61 revue
794 1602 113 61 et
850 1602 245 61 corrigée.
1039 1602 94 61 —
1076 1602 188 61 Paris,
1208 1602 113 61 de
1265 1602 301 61 l’imprimerie
1491 1602 75 61 de

323 1655 194 52 Prault
458 1655 175 52 père,
575 1655 155 52 quai
672 1655 116 52 de
730 1655 213 52 Gèvres,
885 1655 116 52 au
943 1655 233 52 Paradis.
1118 1655 97 52 —
1157 1655 116 52 M.
1215 1655 155 52 DCC.
1312 1655 136 52 LI.
1389 1655 97 52 —
1409 1655 155 52 In

323 1700 117 53 44
381 1700 195 53 pages,
517 1700 117 53 vi
576 1700 175 53 pages
692 1700 389 53 d’avertissement,
1023 1700 117 53 96
1081 1700 234 53 numéros,
1257 1700 136 53 non
1334 1700 214 53 compris
1471 1700 97 53 les

325 1741 113 57 24
382 1741 225 57 tableaux
551 1741 113 57 de
607 1741 207 57 Rubens.
757 1741 131 57 (Il
832 1741 131 57 est
908 1741 207 57 évident
1058 1741 169 57 qu’il
1171 1741 188 57 existe
1302 1741 131 57 une
1377 1741 113 57 2e
1434 1741 113 57 et
1471 1741 94 57 une

324 1784 148 61 >3e<
416 1784 240 61 éditions,
601 1784 129 61 que
675 1784 148 61 nous
767 1784 203 61 n’avons
915 1784 129 61 pas
989 1784 185 61 encore
1118 1784 111 61 pu
1173 1784 148 61 nous
1247 1784 222 61 procurer.)

277 1843 124 57 8.
339 1843 104 57 —
381 1843 269 57 Catalogue
588 1843 145 57 des
671 1843 248 57 tableaux
857 1843 124 57 du
919 1843 228 57 Cabinet
1085 1843 124 57 du
1147 1843 166 57 Roy,
1250 1843 124 57 au
1292 1843 269 57 Luxembourg;

320 1887 237 49 nouvelle
498 1887 237 49 édition,
675 1887 197 49 revue,
813 1887 237 49 corrigée
991 1887 118 49 et
1050 1887 256 49 augmentée
1247 1887 118 49 de
1307 1887 237 49 nouveaux
1464 1887 99 49 ta-

321 1926 207 59 bleaux.
472 1926 94 59 —
509 1926 94 59 A
547 1926 188 59 Paris,
678 1926 113 59 de
735 1926 301 59 l’imprimerie
979 1926 113 59 de
1036 1926 376 59 Pierre-Alexandre
1355 1926 113 59 Le
1393 1926 169 59 Prieur,

320 1976 256 47 imprimeur
517 1976 118 47 du
577 1976 158 47 Roy,
675 1976 138 47 rue
754 1976 355 47 Saint-Jacques,
1050 1976 99 47 à
1089 1976 335 47 l’Olivier.—M.
1365 1976 158 47 DCC.
1444 1976 118 47 LXI.

320 2019 94 64 —
358 2019 151 64 Avec
452 2019 282 64 permission.
678 2019 94 64 —
715 2019 169 64 In-12
828 2019 113 64 de
885 2019 113 64 48
941 2019 188 64 pages,
1073 2019 113 64 vi
1129 2019 169 64 pages
1223 2019 339 64 d’avertissement,

318 2062 137 64 109
397 2062 234 64 numéros,
572 2062 156 64 sans
670 2062 215 64 compter
826 2062 117 64 la
884 2062 215 64 galerie
1040 2062 117 64 de
1079 2062 176 64 Rubens.

274 2110 127 68 4.
337 2110 106 68 —
379 2110 169 68 Même
485 2110 211 68 titre.
633 2110 106 68 —
675 2110 190 68 In-12
802 2110 127 68 de
865 2110 127 68 48
929 2110 190 68 pages
1055 2110 127 68 et
1119 2110 148 68 110
1203 2110 253 68 numéros,
1372 2110 190 68 formant

314 2161 125 61 28
377 2161 208 61 pages.
522 2161 104 61 —
543 2161 146 61 1762.

270 2198 125 76 5.
333 2198 104 76 —
374 2198 270 76 Catalogue
582 2198 145 76 des
665 2198 249 76 tableaux
851 2198 125 76 du
914 2198 228 76 Cabinet
1080 2198 125 76 du
1142 2198 166 76 Roy,
1246 2198 125 76 au
1287 2198 270 76 Luxembourg;

317 2261 237 49 nouvelle
495 2261 237 49 édition,
672 2261 197 49 revue,
810 2261 237 49 corrigée
988 2261 118 49 et
1047 2261 256 49 augmentée
1244 2261 118 49 de
1304 2261 237 49 nouveaux
1461 2261 99 49 ta-

317 2303 213 59 bleaux.
471 2303 97 59 —
510 2303 193 59 Paris,
646 2303 116 59 de
704 2303 310 59 l’imprimerie
955 2303 116 59 de
1013 2303 387 59 Pierre-Alexandre
1342 2303 116 59 Le
1381 2303 174 59 Prieur,

315 2349 244 53 imprimeur
503 2349 113 53 du
560 2349 150 53 Roy,
654 2349 132 53 rue
729 2349 338 53 Saint-Jacques,
1011 2349 94 53 à
1048 2349 282 53 l’Olivier.—
1274 2349 169 53 1768.
1387 2349 94 53 —
1406 2349 150 53 In

316 2393 116 60 48
374 2393 194 60 pages,
509 2393 155 60 sans
606 2393 213 60 compter
761 2393 368 60 l’avertissement
1071 2393 116 60 de
1130 2393 97 60 4
1168 2393 194 60 pages;
1304 2393 136 60 110
1362 2393 194 60 numéros,

315 2440 132 60 non
391 2440 207 60 compris
541 2440 132 60 les
617 2440 113 60 21
673 2440 226 60 tableaux
843 2440 113 60 de
899 2440 113 60 la
956 2440 207 60 galerie
1107 2440 113 60 de
1144 2440 170 60 Rubens.
