2856.6929133858266 4930.708661417323
639.3700787401575 453.54330708661416 713.3858267716536 137.00787401574803 BIBLIOGRAPHIE
1228.3464566929133 453.54330708661416 294.48818897637796 137.00787401574803 DES
1352.755905511811 453.54330708661416 420.4724409448819 137.00787401574803 NOTICES.

2036.2204724409448 462.99212598425197 185.82677165354332 110.23622047244095 XI

196.8503937007874 582.6771653543307 193.70078740157481 102.36220472440945 6.
294.48818897637796 582.6771653543307 162.20472440944883 102.36220472440945 —
359.0551181102362 582.6771653543307 420.4724409448819 102.36220472440945 Catalogue
681.8897637795276 582.6771653543307 226.77165354330708 102.36220472440945 des
811.0236220472441 582.6771653543307 387.40157480314963 102.36220472440945 tableaux
1102.3622047244094 582.6771653543307 193.70078740157481 102.36220472440945 du
1198.4251968503936 582.6771653543307 355.90551181102364 102.36220472440945 Cabinet
1456.6929133858268 582.6771653543307 193.70078740157481 102.36220472440945 du
1554.3307086614172 582.6771653543307 258.26771653543307 102.36220472440945 Roy,
1714.9606299212599 582.6771653543307 193.70078740157481 102.36220472440945 au
1779.5275590551182 582.6771653543307 420.4724409448819 102.36220472440945 Luxembourg;

261.4173228346457 669.2913385826772 373.2283464566929 74.01574803149606 nouvelle
541.7322834645669 669.2913385826772 373.2283464566929 74.01574803149606 édition,
822.0472440944882 669.2913385826772 311.81102362204723 74.01574803149606 revue,
1040.9448818897638 669.2913385826772 373.2283464566929 74.01574803149606 corrigée
1321.259842519685 669.2913385826772 187.4015748031496 74.01574803149606 et
1414.1732283464567 669.2913385826772 404.7244094488189 74.01574803149606 augmentée
1725.984251968504 669.2913385826772 187.4015748031496 74.01574803149606 de
1820.4724409448818 669.2913385826772 373.2283464566929 74.01574803149606 nouveaux
2069.2913385826773 669.2913385826772 155.90551181102362 74.01574803149606 ta-

264.56692913385825 732.2834645669292 325.98425196850394 89.76377952755905 bleaux.
502.3622047244094 732.2834645669292 148.03149606299212 89.76377952755905 —
562.2047244094488 732.2834645669292 148.03149606299212 89.76377952755905 A
620.4724409448819 732.2834645669292 297.6377952755906 89.76377952755905 Paris,
829.9212598425197 732.2834645669292 177.95275590551182 89.76377952755905 de
918.1102362204724 732.2834645669292 475.59055118110234 89.76377952755905 l’imprimerie
1303.9370078740158 732.2834645669292 177.95275590551182 89.76377952755905 de
1393.7007874015749 732.2834645669292 385.8267716535433 89.76377952755905 Clousier,
1689.763779527559 732.2834645669292 207.8740157480315 89.76377952755905 rue
1779.5275590551182 732.2834645669292 445.6692913385827 89.76377952755905 Saint

258.26771653543307 798.4251968503937 229.92125984251967 122.83464566929133 —M.
388.9763779527559 798.4251968503937 262.99212598425197 122.83464566929133 DCC.
554.3307086614174 798.4251968503937 327.5590551181102 122.83464566929133 LXXIX.
782.6771653543307 798.4251968503937 853.5433070866142 122.83464566929133 —Avecpermission.—In-12
1538.5826771653544 798.4251968503937 196.8503937007874 122.83464566929133 de
1636.2204724409448 798.4251968503937 196.8503937007874 122.83464566929133 48
1735.4330708661416 798.4251968503937 327.5590551181102 122.83464566929133 pages,
1963.7795275590552 798.4251968503937 229.92125984251967 122.83464566929133 110
2062.9921259842517 798.4251968503937 163.7795275590551 122.83464566929133 nu

222.04724409448818 880.3149606299213 283.46456692913387 102.36220472440945 méros.

193.70078740157481 977.9527559055118 182.6771653543307 77.16535433070867 7.
285.03937007874015 977.9527559055118 151.1811023622047 77.16535433070867 —
344.88188976377955 977.9527559055118 455.11811023622045 77.16535433070867 Explication
708.6614173228346 977.9527559055118 212.5984251968504 77.16535433070867 des
829.9212598425197 977.9527559055118 393.7007874015748 77.16535433070867 tableaux,
1133.8582677165355 977.9527559055118 363.7795275590551 77.16535433070867 statues,
1406.2992125984251 977.9527559055118 333.8582677165354 77.16535433070867 bustes,
1648.8188976377953 977.9527559055118 272.4409448818898 77.16535433070867 etc.,
1831.4960629921259 977.9527559055118 393.7007874015748 77.16535433070867 composant
2103.9370078740158 977.9527559055118 121.25984251968504 77.16535433070867 la

262.99212598425197 1053.5433070866143 327.5590551181102 88.18897637795276 galerie
500.78740157480314 1053.5433070866143 177.95275590551182 88.18897637795276 du
590.5511811023622 1053.5433070866143 297.6377952755906 88.18897637795276 palais
798.4251968503937 1053.5433070866143 177.95275590551182 88.18897637795276 du
888.1889763779527 1053.5433070866143 297.6377952755906 88.18897637795276 Sénat,
1096.0629921259842 1053.5433070866143 357.4803149606299 88.18897637795276 rétablie
1363.7795275590552 1053.5433070866143 207.8740157480315 88.18897637795276 par
1483.4645669291338 1053.5433070866143 267.7165354330709 88.18897637795276 ordre
1661.4173228346456 1053.5433070866143 177.95275590551182 88.18897637795276 du
1751.1811023622047 1053.5433070866143 267.7165354330709 88.18897637795276 Sénat
1899.2125984251968 1053.5433070866143 327.5590551181102 88.18897637795276 conserva-

266.1417322834646 1111.8110236220473 275.59055118110234 94.48818897637796 teur.
448.81889763779526 1111.8110236220473 245.66929133858267 94.48818897637796 Elle
603.1496062992126 1111.8110236220473 398.4251968503937 94.48818897637796 comprend:
908.6614173228346 1111.8110236220473 184.251968503937 94.48818897637796 la
1001.5748031496063 1111.8110236220473 337.00787401574803 94.48818897637796 galerie
1245.6692913385828 1111.8110236220473 184.251968503937 94.48818897637796 de
1338.5826771653544 1111.8110236220473 337.00787401574803 94.48818897637796 Rubens;
1582.6771653543308 1111.8110236220473 184.251968503937 94.48818897637796 le
1675.5905511811025 1111.8110236220473 275.59055118110234 94.48818897637796 petit
1858.267716535433 1111.8110236220473 337.00787401574803 94.48818897637796 cloître
2074.015748031496 1111.8110236220473 152.75590551181102 94.48818897637796 des

261.4173228346457 1201.5748031496064 423.62204724409446 80.31496062992126 chartreux,
593.7007874015748 1201.5748031496064 181.10236220472441 80.31496062992126 de
683.4645669291339 1201.5748031496064 181.10236220472441 80.31496062992126 Le
774.8031496062993 1201.5748031496064 302.3622047244094 80.31496062992126 Sueur;
985.8267716535433 1201.5748031496064 211.0236220472441 80.31496062992126 les
1107.0866141732283 1201.5748031496064 272.4409448818898 80.31496062992126 ports
1288.1889763779527 1201.5748031496064 181.10236220472441 80.31496062992126 de
1379.5275590551182 1201.5748031496064 332.2834645669291 80.31496062992126 France,
1620.4724409448818 1201.5748031496064 211.0236220472441 80.31496062992126 par
1741.732283464567 1201.5748031496064 332.2834645669291 80.31496062992126 Vernet,
1984.251968503937 1201.5748031496064 242.51968503937007 80.31496062992126 avec
2103.9370078740158 1201.5748031496064 121.25984251968504 80.31496062992126 la

261.4173228346457 1262.992125984252 262.99212598425197 80.31496062992126 suite
437.79527559055117 1262.992125984252 204.7244094488189 80.31496062992126 par
554.3307086614174 1262.992125984252 176.3779527559055 80.31496062992126 le
642.5196850393701 1262.992125984252 234.64566929133858 80.31496062992126 cit.
788.9763779527559 1262.992125984252 234.64566929133858 80.31496062992126 Hue.
935.4330708661417 1262.992125984252 146.45669291338584 80.31496062992126 —
995.2755905511812 1262.992125984252 262.99212598425197 80.31496062992126 Prix,
1170.0787401574803 1262.992125984252 176.3779527559055 80.31496062992126 75
1258.267716535433 1262.992125984252 262.99212598425197 80.31496062992126 cent.
1434.6456692913387 1262.992125984252 146.45669291338584 80.31496062992126 —
1492.9133858267717 1262.992125984252 146.45669291338584 80.31496062992126 A
1551.1811023622047 1262.992125984252 292.9133858267717 80.31496062992126 Paris,
1755.9055118110236 1262.992125984252 176.3779527559055 80.31496062992126 de
1815.748031496063 1262.992125984252 409.4488188976378 80.31496062992126 l’imprimerie

264.56692913385825 1325.984251968504 182.6771653543307 91.33858267716535 de
355.90551181102364 1325.984251968504 182.6771653543307 91.33858267716535 P.
447.244094488189 1325.984251968504 275.59055118110234 91.33858267716535 Didot
631.496062992126 1325.984251968504 337.00787401574803 91.33858267716535 l’aîné,
875.5905511811023 1325.984251968504 396.8503937007874 91.33858267716535 imprimeur
1181.1023622047244 1325.984251968504 182.6771653543307 91.33858267716535 du
1272.4409448818897 1325.984251968504 305.51181102362204 91.33858267716535 Sénat,
1486.6141732283465 1325.984251968504 214.17322834645668 91.33858267716535 aux
1609.4488188976377 1325.984251968504 366.92913385826773 91.33858267716535 galeries
1883.4645669291338 1325.984251968504 182.6771653543307 91.33858267716535 du
1944.8818897637796 1325.984251968504 275.59055118110234 91.33858267716535 Louvre.

259.84251968503935 1398.4251968503936 195.2755905511811 88.18897637795276 An
357.4803149606299 1398.4251968503936 228.3464566929134 88.18897637795276 XI.
488.18897637795277 1398.4251968503936 162.20472440944883 88.18897637795276 —
552.7559055118111 1398.4251968503936 195.2755905511811 88.18897637795276 M.
650.3937007874016 1398.4251968503936 292.9133858267717 88.18897637795276 DCCC.
845.6692913385826 1398.4251968503936 259.84251968503935 88.18897637795276 III.
1007.8740157480315 1398.4251968503936 162.20472440944883 88.18897637795276 —
1074.015748031496 1398.4251968503936 324.40944881889766 88.18897637795276 In-12,
1300.7874015748032 1398.4251968503936 195.2755905511811 88.18897637795276 62
1398.4251968503936 1398.4251968503936 324.40944881889766 88.18897637795276 pages,
1626.7716535433071 1398.4251968503936 228.3464566929134 88.18897637795276 109
1724.4094488188975 1398.4251968503936 324.40944881889766 88.18897637795276 numéros.

196.8503937007874 1475.5905511811025 181.10236220472441 105.51181102362204 8.
286.61417322834643 1475.5905511811025 151.1811023622047 105.51181102362204 —
348.0314960629921 1475.5905511811025 453.54330708661416 105.51181102362204 Explication
710.2362204724409 1475.5905511811025 211.0236220472441 105.51181102362204 des
831.496062992126 1475.5905511811025 393.7007874015748 105.51181102362204 tableaux,
1133.8582677165355 1475.5905511811025 363.7795275590551 105.51181102362204 statues,
1406.2992125984251 1475.5905511811025 332.2834645669291 105.51181102362204 bustes,
1648.8188976377953 1475.5905511811025 272.4409448818898 105.51181102362204 etc.,
1829.9212598425197 1475.5905511811025 393.7007874015748 105.51181102362204 composant
2102.3622047244094 1475.5905511811025 121.25984251968504 105.51181102362204 la

262.99212598425197 1557.4803149606298 299.21259842519686 97.63779527559055 galerie
480.31496062992125 1557.4803149606298 163.7795275590551 97.63779527559055 du
562.2047244094488 1557.4803149606298 245.66929133858267 97.63779527559055 Sénat
725.9842519685039 1557.4803149606298 462.99212598425197 97.63779527559055 conservateur,
1107.0866141732283 1557.4803149606298 327.5590551181102 97.63779527559055 rétablie
1352.755905511811 1557.4803149606298 190.5511811023622 97.63779527559055 par
1461.4173228346456 1557.4803149606298 190.5511811023622 97.63779527559055 ses
1543.3070866141732 1557.4803149606298 681.8897637795276 97.63779527559055 ordres.................

261.4173228346457 1642.5196850393702 193.70078740157481 75.59055118110236 An
357.4803149606299 1642.5196850393702 258.26771653543307 75.59055118110236 XII.
518.1102362204724 1642.5196850393702 160.62992125984252 75.59055118110236 —
582.6771653543307 1642.5196850393702 193.70078740157481 75.59055118110236 M.
680.3149606299213 1642.5196850393702 289.76377952755905 75.59055118110236 DCCC.
874.0157480314961 1642.5196850393702 225.1968503937008 75.59055118110236 IV.
1003.1496062992126 1642.5196850393702 160.62992125984252 75.59055118110236 —
1067.716535433071 1642.5196850393702 289.76377952755905 75.59055118110236 In-42
1261.4173228346456 1642.5196850393702 193.70078740157481 75.59055118110236 de
1357.4803149606298 1642.5196850393702 193.70078740157481 75.59055118110236 71
1453.5433070866143 1642.5196850393702 322.8346456692913 75.59055118110236 pages,
1680.3149606299212 1642.5196850393702 225.1968503937008 75.59055118110236 117
1809.4488188976377 1642.5196850393702 387.40157480314963 75.59055118110236 numéros.
2067.716535433071 1642.5196850393702 160.62992125984252 75.59055118110236 (Le

261.4173228346457 1697.6377952755906 417.3228346456693 85.03937007874016 numérotage
590.5511811023622 1697.6377952755906 209.4488188976378 85.03937007874016 est
708.6614173228346 1697.6377952755906 447.244094488189 85.03937007874016 entièrement
1067.716535433071 1697.6377952755906 327.5590551181102 85.03937007874016 changé.
1305.5118110236222 1697.6377952755906 149.60629921259843 85.03937007874016 —
1365.3543307086613 1697.6377952755906 179.5275590551181 85.03937007874016 Il
1455.1181102362204 1697.6377952755906 299.21259842519686 85.03937007874016 existe
1664.5669291338584 1697.6377952755906 239.37007874015748 85.03937007874016 deux
1814.1732283464567 1697.6377952755906 357.4803149606299 85.03937007874016 tirages:
2051.968503937008 1697.6377952755906 179.5275590551181 85.03937007874016 dans

262.99212598425197 1763.7795275590552 173.22834645669292 78.74015748031496 le
349.6062992125984 1763.7795275590552 346.45669291338584 78.74015748031496 premier,
609.4488188976378 1763.7795275590552 201.5748031496063 78.74015748031496 les
724.4094488188977 1763.7795275590552 259.84251968503935 78.74015748031496 pages
897.6377952755905 1763.7795275590552 173.22834645669292 78.74015748031496 29
984.2519685039371 1763.7795275590552 173.22834645669292 78.74015748031496 et
1070.8661417322835 1763.7795275590552 173.22834645669292 78.74015748031496 30
1157.4803149606298 1763.7795275590552 231.49606299212599 78.74015748031496 sont
1302.3622047244094 1763.7795275590552 374.8031496062992 78.74015748031496 blanches,
1590.5511811023623 1763.7795275590552 173.22834645669292 78.74015748031496 et
1677.1653543307086 1763.7795275590552 173.22834645669292 78.74015748031496 ne
1765.3543307086613 1763.7795275590552 404.7244094488189 78.74015748031496 renferment
2053.5433070866143 1763.7795275590552 173.22834645669292 78.74015748031496 pas,

261.4173228346457 1833.0708661417323 272.4409448818898 85.03937007874016 comme
442.5196850393701 1833.0708661417323 242.51968503937007 85.03937007874016 dans
593.7007874015748 1833.0708661417323 181.10236220472441 85.03937007874016 le
685.0393700787401 1833.0708661417323 333.8582677165354 85.03937007874016 second,
927.5590551181102 1833.0708661417323 181.10236220472441 85.03937007874016 la
1018.8976377952756 1833.0708661417323 455.11811023622045 85.03937007874016 description
1381.1023622047244 1833.0708661417323 181.10236220472441 85.03937007874016 du
1472.4409448818897 1833.0708661417323 333.8582677165354 85.03937007874016 tableeu
1714.9606299212599 1833.0708661417323 455.11811023622045 85.03937007874016 allégorique
2048.818897637795 1833.0708661417323 181.10236220472441 85.03937007874016 con-

261.4173228346457 1907.0866141732283 270.86614173228344 103.93700787401575 sacré
442.5196850393701 1907.0866141732283 151.1811023622047 103.93700787401575 à
502.3622047244094 1907.0866141732283 181.10236220472441 103.93700787401575 la
592.1259842519685 1907.0866141732283 330.70866141732284 103.93700787401575 mémoire
833.0708661417323 1907.0866141732283 181.10236220472441 103.93700787401575 de
924.4094488188977 1907.0866141732283 181.10236220472441 103.93700787401575 Le
984.2519685039371 1907.0866141732283 270.86614173228344 103.93700787401575 Sueur.)

196.8503937007874 1988.976377952756 181.10236220472441 88.18897637795276 9.
286.61417322834643 1988.976377952756 151.1811023622047 88.18897637795276 —
348.0314960629921 1988.976377952756 455.11811023622045 88.18897637795276 Explication
711.8110236220473 1988.976377952756 212.5984251968504 88.18897637795276 des
833.0708661417323 1988.976377952756 393.7007874015748 88.18897637795276 tableaux,
1135.4330708661416 1988.976377952756 363.7795275590551 88.18897637795276 statues,
1407.8740157480315 1988.976377952756 333.8582677165354 88.18897637795276 bustes,
1650.3937007874015 1988.976377952756 272.4409448818898 88.18897637795276 etc.,
1833.0708661417323 1988.976377952756 393.7007874015748 88.18897637795276 composant
2105.511811023622 1988.976377952756 121.25984251968504 88.18897637795276 la

261.4173228346457 2056.6929133858266 327.5590551181102 96.06299212598425 galerie
500.78740157480314 2056.6929133858266 179.5275590551181 96.06299212598425 du
588.9763779527559 2056.6929133858266 267.7165354330709 96.06299212598425 Sénat
768.503937007874 2056.6929133858266 507.0866141732283 96.06299212598425 conservateur,
1185.8267716535433 2056.6929133858266 357.4803149606299 96.06299212598425 rétablie
1455.1181102362204 2056.6929133858266 209.4488188976378 96.06299212598425 par
1573.2283464566929 2056.6929133858266 209.4488188976378 96.06299212598425 ses
1692.9133858267717 2056.6929133858266 327.5590551181102 96.06299212598425 ordres.
1932.283464566929 2056.6929133858266 239.37007874015748 96.06299212598425 Elle
2050.3937007874015 2056.6929133858266 179.5275590551181 96.06299212598425 com-

262.99212598425197 2125.984251968504 307.0866141732283 92.91338582677166 prend:
478.74015748031496 2125.984251968504 184.251968503937 92.91338582677166 la
571.6535433070866 2125.984251968504 338.5826771653543 92.91338582677166 galerie
817.3228346456693 2125.984251968504 184.251968503937 92.91338582677166 de
908.6614173228346 2125.984251968504 338.5826771653543 92.91338582677166 Rubens;
1155.9055118110236 2125.984251968504 184.251968503937 92.91338582677166 le
1247.244094488189 2125.984251968504 277.1653543307087 92.91338582677166 petit
1431.4960629921259 2125.984251968504 338.5826771653543 92.91338582677166 cloître
1678.740157480315 2125.984251968504 215.748031496063 92.91338582677166 des
1801.5748031496064 2125.984251968504 429.9212598425197 92.91338582677166 chartreux,
2108.6614173228345 2125.984251968504 122.83464566929133 92.91338582677166 de

264.56692913385825 2201.5748031496064 193.70078740157481 72.44094488188976 Le
360.62992125984255 2201.5748031496064 322.8346456692913 72.44094488188976 Sueur;
585.8267716535433 2201.5748031496064 225.1968503937008 72.44094488188976 les
714.9606299212599 2201.5748031496064 289.76377952755905 72.44094488188976 ports
908.6614173228346 2201.5748031496064 193.70078740157481 72.44094488188976 de
1004.7244094488188 2201.5748031496064 354.3307086614173 72.44094488188976 France,
1262.992125984252 2201.5748031496064 225.1968503937008 72.44094488188976 par
1392.1259842519685 2201.5748031496064 354.3307086614173 72.44094488188976 Vernet,
1650.3937007874015 2201.5748031496064 258.26771653543307 72.44094488188976 avec
1811.023622047244 2201.5748031496064 193.70078740157481 72.44094488188976 la
1907.0866141732283 2201.5748031496064 289.76377952755905 72.44094488188976 suite
2069.2913385826773 2201.5748031496064 160.62992125984252 72.44094488188976 par

267.7165354330709 2266.1417322834645 177.95275590551182 77.16535433070867 M.
357.4803149606299 2266.1417322834645 237.79527559055117 77.16535433070867 Hue.
505.51181102362204 2266.1417322834645 148.03149606299212 77.16535433070867 —
565.3543307086615 2266.1417322834645 267.7165354330709 77.16535433070867 Prix,
743.3070866141733 2266.1417322834645 177.95275590551182 77.16535433070867 75
833.0708661417323 2266.1417322834645 267.7165354330709 77.16535433070867 cent.
1011.0236220472441 2266.1417322834645 207.8740157480315 77.16535433070867 —Au
1129.1338582677165 2266.1417322834645 297.6377952755906 77.16535433070867 profit
1337.007874015748 2266.1417322834645 177.95275590551182 77.16535433070867 de
1426.7716535433071 2266.1417322834645 593.7007874015748 77.16535433070867 l’établissement.
1930.708661417323 2266.1417322834645 177.95275590551182 77.16535433070867 —A
1990.5511811023623 2266.1417322834645 237.79527559055117 77.16535433070867 Paris,

267.7165354330709 2337.0078740157483 185.82677165354332 74.01574803149606 de
360.62992125984255 2337.0078740157483 497.6377952755906 74.01574803149606 l’imprimerie
765.3543307086615 2337.0078740157483 185.82677165354332 74.01574803149606 de
858.2677165354331 2337.0078740157483 185.82677165354332 74.01574803149606 P.
952.7559055118111 2337.0078740157483 280.31496062992125 74.01574803149606 Didot
1138.5826771653544 2337.0078740157483 341.73228346456693 74.01574803149606 l’aîné,
1387.4015748031495 2337.0078740157483 404.7244094488189 74.01574803149606 imprimeur
1697.6377952755906 2337.0078740157483 185.82677165354332 74.01574803149606 du
1792.1259842519685 2337.0078740157483 310.23622047244095 74.01574803149606 Sénat,
2009.4488188976377 2337.0078740157483 217.3228346456693 74.01574803149606 rue
2102.3622047244094 2337.0078740157483 124.40944881889764 74.01574803149606 du

264.56692913385825 2404.7244094488187 576.3779527559055 111.81102362204724 Pont-de-Lodi.
740.1574803149606 2404.7244094488187 170.07874015748033 111.81102362204724 —
807.8740157480315 2404.7244094488187 203.1496062992126 111.81102362204724 M.
908.6614173228346 2404.7244094488187 305.51181102362204 111.81102362204724 DCCC.
1111.8110236220473 2404.7244094488187 237.79527559055117 111.81102362204724 VI.
1247.244094488189 2404.7244094488187 170.07874015748033 111.81102362204724 —
1314.9606299212599 2404.7244094488187 305.51181102362204 111.81102362204724 In-12
1518.1102362204724 2404.7244094488187 203.1496062992126 111.81102362204724 de
1620.4724409448818 2404.7244094488187 203.1496062992126 111.81102362204724 71
1721.259842519685 2404.7244094488187 338.5826771653543 111.81102362204724 pages,
1959.0551181102362 2404.7244094488187 237.79527559055117 111.81102362204724 120
2059.8425196850394 2404.7244094488187 170.07874015748033 111.81102362204724 nu

228.3464566929134 2470.8661417322833 278.74015748031496 83.46456692913385 méros.

201.5748031496063 2554.3307086614172 207.8740157480315 91.33858267716535 10.
321.25984251968504 2554.3307086614172 149.60629921259843 91.33858267716535 —
381.1023622047244 2554.3307086614172 447.244094488189 91.33858267716535 Explication
737.007874015748 2554.3307086614172 207.8740157480315 91.33858267716535 des
856.6929133858267 2554.3307086614172 387.40157480314963 91.33858267716535 tableaux,
1154.3307086614172 2554.3307086614172 357.4803149606299 91.33858267716535 statues,
1422.0472440944882 2554.3307086614172 327.5590551181102 91.33858267716535 bustes,
1661.4173228346456 2554.3307086614172 267.7165354330709 91.33858267716535 etc.,
1839.3700787401574 2554.3307086614172 387.40157480314963 91.33858267716535 composant
2107.0866141732286 2554.3307086614172 119.68503937007874 91.33858267716535 la

270.86614173228344 2640.9448818897636 325.98425196850394 81.88976377952756 galerie
508.66141732283467 2640.9448818897636 177.95275590551182 81.88976377952756 du
596.8503937007874 2640.9448818897636 266.1417322834646 81.88976377952756 Sénat
774.8031496062993 2640.9448818897636 503.93700787401576 81.88976377952756 conservateur,
1188.976377952756 2640.9448818897636 355.90551181102364 81.88976377952756 rétablie
1456.6929133858268 2640.9448818897636 207.8740157480315 81.88976377952756 par
1574.8031496062993 2640.9448818897636 207.8740157480315 81.88976377952756 ses
1692.9133858267717 2640.9448818897636 325.98425196850394 81.88976377952756 ordres.
1930.708661417323 2640.9448818897636 237.79527559055117 81.88976377952756 Elle
2048.818897637795 2640.9448818897636 177.95275590551182 81.88976377952756 com-

272.4409448818898 2721.259842519685 305.51181102362204 94.48818897637796 prend:
485.03937007874015 2721.259842519685 182.6771653543307 94.48818897637796 la
577.9527559055118 2721.259842519685 337.00787401574803 94.48818897637796 galerie
822.0472440944882 2721.259842519685 182.6771653543307 94.48818897637796 de
913.3858267716536 2721.259842519685 337.00787401574803 94.48818897637796 Rubens;
1159.0551181102362 2721.259842519685 182.6771653543307 94.48818897637796 le
1250.3937007874015 2721.259842519685 275.59055118110234 94.48818897637796 petit
1433.0708661417323 2721.259842519685 337.00787401574803 94.48818897637796 cloître
1678.740157480315 2721.259842519685 214.17322834645668 94.48818897637796 des
1800.0 2721.259842519685 428.34645669291336 94.48818897637796 chartreux,
2105.511811023622 2721.259842519685 122.83464566929133 94.48818897637796 de

267.7165354330709 2777.952755905512 192.1259842519685 75.59055118110236 Le
363.7795275590551 2777.952755905512 321.25984251968504 75.59055118110236 Sueur;
588.9763779527559 2777.952755905512 225.1968503937008 75.59055118110236 les
716.5354330708661 2777.952755905512 289.76377952755905 75.59055118110236 ports
910.2362204724409 2777.952755905512 192.1259842519685 75.59055118110236 de
1006.2992125984252 2777.952755905512 352.755905511811 75.59055118110236 France,
1262.992125984252 2777.952755905512 225.1968503937008 75.59055118110236 par
1392.1259842519685 2777.952755905512 352.755905511811 75.59055118110236 Vernet,
1648.8188976377953 2777.952755905512 256.6929133858268 75.59055118110236 avec
1809.4488188976377 2777.952755905512 192.1259842519685 75.59055118110236 la
1905.5118110236222 2777.952755905512 289.76377952755905 75.59055118110236 suite
2066.1417322834645 2777.952755905512 160.62992125984252 75.59055118110236 par

269.29133858267716 2845.6692913385828 174.8031496062992 77.16535433070867 M.
357.4803149606299 2845.6692913385828 262.99212598425197 77.16535433070867 Hue.—
532.2834645669292 2845.6692913385828 262.99212598425197 77.16535433070867 Prix,
707.0866141732283 2845.6692913385828 174.8031496062992 77.16535433070867 75
795.2755905511812 2845.6692913385828 262.99212598425197 77.16535433070867 cent.
970.0787401574803 2845.6692913385828 146.45669291338584 77.16535433070867 —
1028.3464566929133 2845.6692913385828 174.8031496062992 77.16535433070867 Au
1116.5354330708662 2845.6692913385828 291.33858267716533 77.16535433070867 profit
1321.259842519685 2845.6692913385828 174.8031496062992 77.16535433070867 de
1407.8740157480315 2845.6692913385828 584.2519685039371 77.16535433070867 l’établissement.
1903.9370078740158 2845.6692913385828 146.45669291338584 77.16535433070867 —
1962.2047244094488 2845.6692913385828 146.45669291338584 77.16535433070867 A
1992.1259842519685 2845.6692913385828 233.0708661417323 77.16535433070867 Paris,

267.7165354330709 2918.1102362204724 185.82677165354332 86.61417322834646 de
360.62992125984255 2918.1102362204724 497.6377952755906 86.61417322834646 l’imprimerie
765.3543307086615 2918.1102362204724 185.82677165354332 86.61417322834646 de
858.2677165354331 2918.1102362204724 185.82677165354332 86.61417322834646 P.
952.7559055118111 2918.1102362204724 280.31496062992125 86.61417322834646 Didot
1138.5826771653544 2918.1102362204724 341.73228346456693 86.61417322834646 l’aîné,
1387.4015748031495 2918.1102362204724 404.7244094488189 86.61417322834646 imprimeur
1697.6377952755906 2918.1102362204724 185.82677165354332 86.61417322834646 du
1792.1259842519685 2918.1102362204724 310.23622047244095 86.61417322834646 Sénat,
2009.4488188976377 2918.1102362204724 217.3228346456693 86.61417322834646 rue
2102.3622047244094 2918.1102362204724 124.40944881889764 86.61417322834646 du

269.29133858267716 2984.251968503937 574.8031496062993 67.71653543307086 Pont-de-Lodi.
741.7322834645669 2984.251968503937 168.50393700787401 67.71653543307086 —
809.4488188976378 2984.251968503937 203.1496062992126 67.71653543307086 M.
911.8110236220473 2984.251968503937 303.93700787401576 67.71653543307086 DCCC.
1113.3858267716535 2984.251968503937 236.2204724409449 67.71653543307086 XI.
1248.8188976377953 2984.251968503937 168.50393700787401 67.71653543307086 —
1316.5354330708662 2984.251968503937 303.93700787401576 67.71653543307086 In-12
1519.6850393700788 2984.251968503937 203.1496062992126 67.71653543307086 de
1620.4724409448818 2984.251968503937 203.1496062992126 67.71653543307086 72
1722.8346456692914 2984.251968503937 338.5826771653543 67.71653543307086 pages,
1959.0551181102362 2984.251968503937 236.2204724409449 67.71653543307086 121
2061.417322834646 2984.251968503937 168.50393700787401 67.71653543307086 nu

233.0708661417323 3048.818897637795 278.74015748031496 92.91338582677166 méros.

207.8740157480315 3129.1338582677167 204.7244094488189 118.11023622047244 11.
325.98425196850394 3129.1338582677167 146.45669291338584 118.11023622047244 —
384.251968503937 3129.1338582677167 439.37007874015745 118.11023622047244 Explication
735.4330708661417 3129.1338582677167 204.7244094488189 118.11023622047244 des
853.5433070866142 3129.1338582677167 381.1023622047244 118.11023622047244 tableaux,
1146.4566929133857 3129.1338582677167 351.18110236220474 118.11023622047244 statues,
1409.4488188976377 3129.1338582677167 322.8346456692913 118.11023622047244 bustes,
1644.0944881889764 3129.1338582677167 262.99212598425197 118.11023622047244 etc.,
1820.4724409448818 3129.1338582677167 381.1023622047244 118.11023622047244 composant
2083.464566929134 3129.1338582677167 146.45669291338584 118.11023622047244 les

274.01574803149606 3206.299212598425 366.92913385826773 86.61417322834646 galeries
548.0314960629921 3206.299212598425 182.6771653543307 86.61417322834646 du
640.9448818897638 3206.299212598425 305.51181102362204 86.61417322834646 palais
853.5433070866142 3206.299212598425 182.6771653543307 86.61417322834646 de
946.4566929133858 3206.299212598425 182.6771653543307 86.61417322834646 la
1037.7952755905512 3206.299212598425 337.00787401574803 86.61417322834646 Chambre
1281.8897637795276 3206.299212598425 214.17322834645668 86.61417322834646 des
1404.724409448819 3206.299212598425 275.59055118110234 86.61417322834646 pairs
1587.4015748031495 3206.299212598425 182.6771653543307 86.61417322834646 de
1680.3149606299212 3206.299212598425 337.00787401574803 86.61417322834646 France.
1924.4094488188975 3206.299212598425 244.09448818897638 86.61417322834646 Elle
2047.244094488189 3206.299212598425 182.6771653543307 86.61417322834646 com-

274.01574803149606 3280.314960629921 280.31496062992125 80.31496062992126 prend
461.4173228346457 3280.314960629921 185.82677165354332 80.31496062992126 la
554.3307086614174 3280.314960629921 341.73228346456693 80.31496062992126 galerie
803.1496062992126 3280.314960629921 185.82677165354332 80.31496062992126 de
896.0629921259842 3280.314960629921 341.73228346456693 80.31496062992126 Rubens;
1144.8818897637796 3280.314960629921 185.82677165354332 80.31496062992126 le
1237.7952755905512 3280.314960629921 280.31496062992125 80.31496062992126 petit
1425.1968503937007 3280.314960629921 341.73228346456693 80.31496062992126 cloître
1674.015748031496 3280.314960629921 217.3228346456693 80.31496062992126 des
1798.4251968503936 3280.314960629921 434.6456692913386 80.31496062992126 chartreux,
2108.6614173228345 3280.314960629921 124.40944881889764 80.31496062992126 de

274.01574803149606 3344.8818897637793 188.9763779527559 75.59055118110236 Le
368.503937007874 3344.8818897637793 316.53543307086613 75.59055118110236 Sueur;
590.5511811023622 3344.8818897637793 222.04724409448818 75.59055118110236 les
716.5354330708661 3344.8818897637793 285.03937007874015 75.59055118110236 ports
907.0866141732283 3344.8818897637793 188.9763779527559 75.59055118110236 de
1001.5748031496063 3344.8818897637793 348.0314960629921 75.59055118110236 France,
1253.5433070866143 3344.8818897637793 222.04724409448818 75.59055118110236 par
1381.1023622047244 3344.8818897637793 348.0314960629921 75.59055118110236 Vernet,
1633.0708661417323 3344.8818897637793 253.54330708661416 75.59055118110236 avec
1792.1259842519685 3344.8818897637793 188.9763779527559 75.59055118110236 la
1886.6141732283465 3344.8818897637793 316.53543307086613 75.59055118110236 suite,
2077.165354330709 3344.8818897637793 157.48031496062993 75.59055118110236 par

274.01574803149606 3414.1732283464567 181.10236220472441 85.03937007874016 M.
363.7795275590551 3414.1732283464567 240.9448818897638 85.03937007874016 Hue,
514.9606299212599 3414.1732283464567 240.9448818897638 85.03937007874016 etc.
666.1417322834645 3414.1732283464567 300.78740157480314 85.03937007874016 —Prix,
875.5905511811023 3414.1732283464567 181.10236220472441 85.03937007874016 75
966.9291338582677 3414.1732283464567 270.86614173228344 85.03937007874016 cent.
1148.0314960629921 3414.1732283464567 151.1811023622047 85.03937007874016 —
1207.8740157480315 3414.1732283464567 181.10236220472441 85.03937007874016 Au
1297.6377952755906 3414.1732283464567 300.78740157480314 85.03937007874016 profit
1508.6614173228347 3414.1732283464567 181.10236220472441 85.03937007874016 de
1598.4251968503936 3414.1732283464567 603.1496062992126 85.03937007874016 l’établissement.
2111.8110236220473 3414.1732283464567 151.1811023622047 85.03937007874016 —
2141.732283464567 3414.1732283464567 89.76377952755905 85.03937007874016 A

277.1653543307087 3480.314960629921 291.33858267716533 83.46456692913385 Paris,
481.8897637795276 3480.314960629921 174.8031496062992 83.46456692913385 de
570.0787401574803 3480.314960629921 466.1417322834646 83.46456692913385 l’imprimerie
949.6062992125984 3480.314960629921 174.8031496062992 83.46456692913385 de
1036.2204724409448 3480.314960629921 174.8031496062992 83.46456692913385 P.
1124.4094488188975 3480.314960629921 262.99212598425197 83.46456692913385 Didot
1299.2125984251968 3480.314960629921 321.25984251968504 83.46456692913385 l’aîné,
1532.283464566929 3480.314960629921 379.5275590551181 83.46456692913385 imprimeur
1825.1968503937007 3480.314960629921 174.8031496062992 83.46456692913385 de
1911.8110236220473 3480.314960629921 174.8031496062992 83.46456692913385 la
1970.0787401574803 3480.314960629921 262.99212598425197 83.46456692913385 Chambre

275.59055118110234 3554.3307086614172 214.17322834645668 81.88976377952756 des
396.8503937007874 3554.3307086614172 275.59055118110234 81.88976377952756 pairs
581.1023622047244 3554.3307086614172 182.6771653543307 81.88976377952756 de
672.4409448818898 3554.3307086614172 337.00787401574803 81.88976377952756 France,
916.5354330708661 3554.3307086614172 214.17322834645668 81.88976377952756 rue
1039.3700787401574 3554.3307086614172 182.6771653543307 81.88976377952756 du
1130.708661417323 3554.3307086614172 519.6850393700787 81.88976377952756 Pont-de-Lodi,
1559.0551181102362 3554.3307086614172 182.6771653543307 81.88976377952756 n°
1650.3937007874015 3554.3307086614172 182.6771653543307 81.88976377952756 6.
1741.732283464567 3554.3307086614172 152.75590551181102 81.88976377952756 —
1803.1496062992126 3554.3307086614172 275.59055118110234 81.88976377952756 1814.
1987.4015748031495 3554.3307086614172 152.75590551181102 81.88976377952756 —
2017.3228346456692 3554.3307086614172 214.17322834645668 81.88976377952756 In

280.31496062992125 3612.5984251968503 179.5275590551181 96.06299212598425 de
370.0787401574803 3612.5984251968503 179.5275590551181 96.06299212598425 72
459.84251968503935 3612.5984251968503 300.78740157480314 96.06299212598425 pages,
670.8661417322835 3612.5984251968503 211.0236220472441 96.06299212598425 121
790.5511811023622 3612.5984251968503 360.62992125984255 96.06299212598425 numéros.
1061.4173228346456 3612.5984251968503 300.78740157480314 96.06299212598425 (Cette
1272.4409448818897 3612.5984251968503 300.78740157480314 96.06299212598425 notice
1481.8897637795276 3612.5984251968503 211.0236220472441 96.06299212598425 est
1601.5748031496064 3612.5984251968503 360.62992125984255 96.06299212598425 pareille
1872.4409448818897 3612.5984251968503 149.60629921259843 96.06299212598425 à
1932.283464566929 3612.5984251968503 179.5275590551181 96.06299212598425 la
1992.1259842519685 3612.5984251968503 240.9448818897638 96.06299212598425 précé-

285.03937007874015 3692.9133858267714 274.01574803149606 81.88976377952756 dente,
475.59055118110234 3692.9133858267714 218.89763779527559 81.88976377952756 mais
614.1732283464567 3692.9133858267714 247.24409448818898 81.88976377952756 porte
777.9527559055118 3692.9133858267714 355.90551181102364 81.88976377952756 l’écusson
1051.9685039370079 3692.9133858267714 192.1259842519685 81.88976377952756 aux
1162.2047244094488 3692.9133858267714 247.24409448818898 81.88976377952756 trois
1325.984251968504 3692.9133858267714 274.01574803149606 81.88976377952756 fleurs
1518.1102362204724 3692.9133858267714 163.7795275590551 81.88976377952756 de
1573.2283464566929 3692.9133858267714 192.1259842519685 81.88976377952756 lis.)

217.3228346456693 3777.952755905512 206.29921259842519 85.03937007874016 12.
335.43307086614175 3777.952755905512 148.03149606299212 85.03937007874016 —
395.2755905511811 3777.952755905512 442.5196850393701 85.03937007874016 Explication
748.0314960629921 3777.952755905512 206.29921259842519 85.03937007874016 des
866.1417322834645 3777.952755905512 384.251968503937 85.03937007874016 tableaux,
1162.2047244094488 3777.952755905512 354.3307086614173 85.03937007874016 statues,
1426.7716535433071 3777.952755905512 324.40944881889766 85.03937007874016 bustes,
1662.992125984252 3777.952755905512 266.1417322834646 85.03937007874016 etc.,
1839.3700787401574 3777.952755905512 384.251968503937 85.03937007874016 composant
2105.511811023622 3777.952755905512 118.11023622047244 85.03937007874016 la

286.61417322834643 3845.6692913385828 355.90551181102364 92.91338582677166 galerie
546.4566929133858 3845.6692913385828 193.70078740157481 92.91338582677166 de
644.0944881889764 3845.6692913385828 193.70078740157481 92.91338582677166 la
740.1574803149606 3845.6692913385828 355.90551181102364 92.91338582677166 Chambre
1000.0 3845.6692913385828 226.77165354330708 92.91338582677166 des
1129.1338582677165 3845.6692913385828 291.33858267716533 92.91338582677166 airs.
1322.8346456692914 3845.6692913385828 258.26771653543307 92.91338582677166 Elle
1485.0393700787401 3845.6692913385828 388.9763779527559 92.91338582677166 comprena
1776.3779527559054 3845.6692913385828 193.70078740157481 92.91338582677166 la
1874.015748031496 3845.6692913385828 355.90551181102364 92.91338582677166 galerie
2100.787401574803 3845.6692913385828 129.13385826771653 92.91338582677166 de
