1814 3131
406 288 453 87 BIBLIOGRAPHIE
780 288 187 87 DES
859 288 267 87 NOTICES.

1293 294 118 70 XI

125 370 123 65 6.
187 370 103 65 —
228 370 267 65 Catalogue
433 370 144 65 des
515 370 246 65 tableaux
700 370 123 65 du
761 370 226 65 Cabinet
925 370 123 65 du
987 370 164 65 Roy,
1089 370 123 65 au
1130 370 267 65 Luxembourg;

166 425 237 47 nouvelle
344 425 237 47 édition,
522 425 198 47 revue,
661 425 237 47 corrigée
839 425 119 47 et
898 425 257 47 augmentée
1096 425 119 47 de
1156 425 237 47 nouveaux
1314 425 99 47 ta-

168 465 207 57 bleaux.
319 465 94 57 —
357 465 94 57 A
394 465 189 57 Paris,
527 465 113 57 de
583 465 302 57 l’imprimerie
828 465 113 57 de
885 465 245 57 Clousier,
1073 465 132 57 rue
1130 465 283 57 Saint

164 507 146 78 —M.
247 507 167 78 DCC.
352 507 208 78 LXXIX.
497 507 542 78 —Avecpermission.—In-12
977 507 125 78 de
1039 507 125 78 48
1102 507 208 78 pages,
1247 507 146 78 110
1310 507 104 78 nu

141 559 180 65 méros.

123 621 116 49 7.
181 621 96 49 —
219 621 289 49 Explication
450 621 135 49 des
527 621 250 49 tableaux,
720 621 231 49 statues,
893 621 212 49 bustes,
1047 621 173 49 etc.,
1163 621 250 49 composant
1336 621 77 49 la

167 669 208 56 galerie
318 669 113 56 du
375 669 189 56 palais
507 669 113 56 du
564 669 189 56 Sénat,
696 669 227 56 rétablie
866 669 132 56 par
942 669 170 56 ordre
1055 669 113 56 du
1112 669 170 56 Sénat
1206 669 208 56 conserva-

169 706 175 60 teur.
285 706 156 60 Elle
383 706 253 60 comprend:
577 706 117 60 la
636 706 214 60 galerie
791 706 117 60 de
850 706 214 60 Rubens;
1005 706 117 60 le
1064 706 175 60 petit
1180 706 214 60 cloître
1317 706 97 60 des

166 763 269 51 chartreux,
377 763 115 51 de
434 763 115 51 Le
492 763 192 51 Sueur;
626 763 134 51 les
703 763 173 51 ports
818 763 115 51 de
876 763 211 51 France,
1029 763 134 51 par
1106 763 211 51 Vernet,
1260 763 154 51 avec
1336 763 77 51 la

166 802 167 51 suite
278 802 130 51 par
352 802 112 51 le
408 802 149 51 cit.
501 802 149 51 Hue.
594 802 93 51 —
632 802 167 51 Prix,
743 802 112 51 75
799 802 167 51 cent.
911 802 93 51 —
948 802 93 51 A
985 802 186 51 Paris,
1115 802 112 51 de
1153 802 260 51 l’imprimerie

168 842 116 58 de
226 842 116 58 P.
284 842 175 58 Didot
401 842 214 58 l’aîné,
556 842 252 58 imprimeur
750 842 116 58 du
808 842 194 58 Sénat,
944 842 136 58 aux
1022 842 233 58 galeries
1196 842 116 58 du
1235 842 175 58 Louvre.

165 888 124 56 An
227 888 145 56 XI.
310 888 103 56 —
351 888 124 56 M.
413 888 186 56 DCCC.
537 888 165 56 III.
640 888 103 56 —
682 888 206 56 In-12,
826 888 124 56 62
888 888 206 56 pages,
1033 888 145 56 109
1095 888 206 56 numéros.

125 937 115 67 8.
182 937 96 67 —
221 937 288 67 Explication
451 937 134 67 des
528 937 250 67 tableaux,
720 937 231 67 statues,
893 937 211 67 bustes,
1047 937 173 67 etc.,
1162 937 250 67 composant
1335 937 77 67 la

167 989 190 62 galerie
305 989 104 62 du
357 989 156 62 Sénat
461 989 294 62 conservateur,
703 989 208 62 rétablie
859 989 121 62 par
928 989 121 62 ses
980 989 433 62 ordres.................

166 1043 123 48 An
227 1043 164 48 XII.
329 1043 102 48 —
370 1043 123 48 M.
432 1043 184 48 DCCC.
555 1043 143 48 IV.
637 1043 102 48 —
678 1043 184 48 In-42
801 1043 123 48 de
862 1043 123 48 71
923 1043 205 48 pages,
1067 1043 143 48 117
1149 1043 246 48 numéros.
1313 1043 102 48 (Le

166 1078 265 54 numérotage
375 1078 133 54 est
450 1078 284 54 entièrement
678 1078 208 54 changé.
829 1078 95 54 —
867 1078 114 54 Il
924 1078 190 54 existe
1057 1078 152 54 deux
1152 1078 227 54 tirages:
1303 1078 114 54 dans

167 1120 110 50 le
222 1120 220 50 premier,
387 1120 128 50 les
460 1120 165 50 pages
570 1120 110 50 29
625 1120 110 50 et
680 1120 110 50 30
735 1120 147 50 sont
827 1120 238 50 blanches,
1010 1120 110 50 et
1065 1120 110 50 ne
1121 1120 257 50 renferment
1304 1120 110 50 pas,

166 1164 173 54 comme
281 1164 154 54 dans
377 1164 115 54 le
435 1164 212 54 second,
589 1164 115 54 la
647 1164 289 54 description
877 1164 115 54 du
935 1164 212 54 tableeu
1089 1164 289 54 allégorique
1301 1164 115 54 con-

166 1211 172 66 sacré
281 1211 96 66 à
319 1211 115 66 la
376 1211 210 66 mémoire
529 1211 115 66 de
587 1211 115 66 Le
625 1211 172 66 Sueur.)

125 1263 115 56 9.
182 1263 96 56 —
221 1263 289 56 Explication
452 1263 135 56 des
529 1263 250 56 tableaux,
721 1263 231 56 statues,
894 1263 212 56 bustes,
1048 1263 173 56 etc.,
1164 1263 250 56 composant
1337 1263 77 56 la

166 1306 208 61 galerie
318 1306 114 61 du
374 1306 170 61 Sénat
488 1306 322 61 conservateur,
753 1306 227 61 rétablie
924 1306 133 61 par
999 1306 133 61 ses
1075 1306 208 61 ordres.
1227 1306 152 61 Elle
1302 1306 114 61 com-

167 1350 195 59 prend:
304 1350 117 59 la
363 1350 215 59 galerie
519 1350 117 59 de
577 1350 215 59 Rubens;
734 1350 117 59 le
792 1350 176 59 petit
909 1350 215 59 cloître
1066 1350 137 59 des
1144 1350 273 59 chartreux,
1339 1350 78 59 de

168 1398 123 46 Le
229 1398 205 46 Sueur;
372 1398 143 46 les
454 1398 184 46 ports
577 1398 123 46 de
638 1398 225 46 France,
802 1398 143 46 par
884 1398 225 46 Vernet,
1048 1398 164 46 avec
1150 1398 123 46 la
1211 1398 184 46 suite
1314 1398 102 46 par

170 1439 113 49 M.
227 1439 151 49 Hue.
321 1439 94 49 —
359 1439 170 49 Prix,
472 1439 113 49 75
529 1439 170 49 cent.
642 1439 132 49 —Au
717 1439 189 49 profit
849 1439 113 49 de
906 1439 377 49 l’établissement.
1226 1439 113 49 —A
1264 1439 151 49 Paris,

170 1484 118 47 de
229 1484 316 47 l’imprimerie
486 1484 118 47 de
545 1484 118 47 P.
605 1484 178 47 Didot
723 1484 217 47 l’aîné,
881 1484 257 47 imprimeur
1078 1484 118 47 du
1138 1484 197 47 Sénat,
1276 1484 138 47 rue
1335 1484 79 47 du

168 1527 366 71 Pont-de-Lodi.
470 1527 108 71 —
513 1527 129 71 M.
577 1527 194 71 DCCC.
706 1527 151 71 VI.
792 1527 108 71 —
835 1527 194 71 In-12
964 1527 129 71 de
1029 1527 129 71 71
1093 1527 215 71 pages,
1244 1527 151 71 120
1308 1527 108 71 nu

145 1569 177 53 méros.

128 1622 132 58 10.
204 1622 95 58 —
242 1622 284 58 Explication
468 1622 132 58 des
544 1622 246 58 tableaux,
733 1622 227 58 statues,
903 1622 208 58 bustes,
1055 1622 170 58 etc.,
1168 1622 246 58 composant
1338 1622 76 58 la

172 1677 207 52 galerie
323 1677 113 52 du
379 1677 169 52 Sénat
492 1677 320 52 conservateur,
755 1677 226 52 rétablie
925 1677 132 52 par
1000 1677 132 52 ses
1075 1677 207 52 ordres.
1226 1677 151 52 Elle
1301 1677 113 52 com-

173 1728 194 60 prend:
308 1728 116 60 la
367 1728 214 60 galerie
522 1728 116 60 de
580 1728 214 60 Rubens;
736 1728 116 60 le
794 1728 175 60 petit
910 1728 214 60 cloître
1066 1728 136 60 des
1143 1728 272 60 chartreux,
1337 1728 78 60 de

170 1764 122 48 Le
231 1764 204 48 Sueur;
374 1764 143 48 les
455 1764 184 48 ports
578 1764 122 48 de
639 1764 224 48 France,
802 1764 143 48 par
884 1764 224 48 Vernet,
1047 1764 163 48 avec
1149 1764 122 48 la
1210 1764 184 48 suite
1312 1764 102 48 par

171 1807 111 49 M.
227 1807 167 49 Hue.—
338 1807 167 49 Prix,
449 1807 111 49 75
505 1807 167 49 cent.
616 1807 93 49 —
653 1807 111 49 Au
709 1807 185 49 profit
839 1807 111 49 de
894 1807 371 49 l’établissement.
1209 1807 93 49 —
1246 1807 93 49 A
1265 1807 148 49 Paris,

170 1853 118 55 de
229 1853 316 55 l’imprimerie
486 1853 118 55 de
545 1853 118 55 P.
605 1853 178 55 Didot
723 1853 217 55 l’aîné,
881 1853 257 55 imprimeur
1078 1853 118 55 du
1138 1853 197 55 Sénat,
1276 1853 138 55 rue
1335 1853 79 55 du

171 1895 365 43 Pont-de-Lodi.
471 1895 107 43 —
514 1895 129 43 M.
579 1895 193 43 DCCC.
707 1895 150 43 XI.
793 1895 107 43 —
836 1895 193 43 In-12
965 1895 129 43 de
1029 1895 129 43 72
1094 1895 215 43 pages,
1244 1895 150 43 121
1309 1895 107 43 nu

148 1936 177 59 méros.

132 1987 130 75 11.
207 1987 93 75 —
244 1987 279 75 Explication
467 1987 130 75 des
542 1987 242 75 tableaux,
728 1987 223 75 statues,
895 1987 205 75 bustes,
1044 1987 167 75 etc.,
1156 1987 242 75 composant
1323 1987 93 75 les

174 2036 233 55 galeries
348 2036 116 55 du
407 2036 194 55 palais
542 2036 116 55 de
601 2036 116 55 la
659 2036 214 55 Chambre
814 2036 136 55 des
892 2036 175 55 pairs
1008 2036 116 55 de
1067 2036 214 55 France.
1222 2036 155 55 Elle
1300 2036 116 55 com-

174 2083 178 51 prend
293 2083 118 51 la
352 2083 217 51 galerie
510 2083 118 51 de
569 2083 217 51 Rubens;
727 2083 118 51 le
786 2083 178 51 petit
905 2083 217 51 cloître
1063 2083 138 51 des
1142 2083 276 51 chartreux,
1339 2083 79 51 de

174 2124 120 48 Le
234 2124 201 48 Sueur;
375 2124 141 48 les
455 2124 181 48 ports
576 2124 120 48 de
636 2124 221 48 France,
796 2124 141 48 par
877 2124 221 48 Vernet,
1037 2124 161 48 avec
1138 2124 120 48 la
1198 2124 201 48 suite,
1319 2124 100 48 par

174 2168 115 54 M.
231 2168 153 54 Hue,
327 2168 153 54 etc.
423 2168 191 54 —Prix,
556 2168 115 54 75
614 2168 172 54 cent.
729 2168 96 54 —
767 2168 115 54 Au
824 2168 191 54 profit
958 2168 115 54 de
1015 2168 383 54 l’établissement.
1341 2168 96 54 —
1360 2168 57 54 A

176 2210 185 53 Paris,
306 2210 111 53 de
362 2210 296 53 l’imprimerie
603 2210 111 53 de
658 2210 111 53 P.
714 2210 167 53 Didot
825 2210 204 53 l’aîné,
973 2210 241 53 imprimeur
1159 2210 111 53 de
1214 2210 111 53 la
1251 2210 167 53 Chambre

175 2257 136 52 des
252 2257 175 52 pairs
369 2257 116 52 de
427 2257 214 52 France,
582 2257 136 52 rue
660 2257 116 52 du
718 2257 330 52 Pont-de-Lodi,
990 2257 116 52 n°
1048 2257 116 52 6.
1106 2257 97 52 —
1145 2257 175 52 1814.
1262 2257 97 52 —
1281 2257 136 52 In

178 2294 114 61 de
235 2294 114 61 72
292 2294 191 61 pages,
426 2294 134 61 121
502 2294 229 61 numéros.
674 2294 191 61 (Cette
808 2294 191 61 notice
941 2294 134 61 est
1017 2294 229 61 pareille
1189 2294 95 61 à
1227 2294 114 61 la
1265 2294 153 61 précé-

181 2345 174 52 dente,
302 2345 139 52 mais
390 2345 157 52 porte
494 2345 226 52 l’écusson
668 2345 122 52 aux
738 2345 157 52 trois
842 2345 174 52 fleurs
964 2345 104 52 de
999 2345 122 52 lis.)

138 2399 131 54 12.
213 2399 94 54 —
251 2399 281 54 Explication
475 2399 131 54 des
550 2399 244 54 tableaux,
738 2399 225 54 statues,
906 2399 206 54 bustes,
1056 2399 169 54 etc.,
1168 2399 244 54 composant
1337 2399 75 54 la

182 2442 226 59 galerie
347 2442 123 59 de
409 2442 123 59 la
470 2442 226 59 Chambre
635 2442 144 59 des
717 2442 185 59 airs.
840 2442 164 59 Elle
943 2442 247 59 comprena
1128 2442 123 59 la
1190 2442 226 59 galerie
1334 2442 82 59 de
