1795 3128
266 324 150 66 XIV

603 321 438 61 BIBLIOGRAPHIE
964 321 180 61 DES
1041 321 258 61 NOTICES.

304 393 146 72 35.
387 393 104 72 —
429 393 166 72 Même
533 393 208 72 titre.
678 393 104 72 —
720 393 187 72 1840.
845 393 104 72 —
886 393 187 72 In-8°
1011 393 125 72 de
1073 393 125 72 48
1136 393 187 72 pages
1260 393 125 72 et
1323 393 146 72 176
1385 393 208 72 numéros;

348 448 173 61 plus,
463 448 116 61 un
521 448 270 61 supplément
733 448 116 61 de
791 448 96 61 6
829 448 193 61 pages,
964 448 270 61 comprenant
1176 448 135 61 les
1253 448 135 61 noe
1330 448 135 61 177
1407 448 96 61 à
1426 448 116 61 195.

302 493 144 80 36.
385 493 103 80 —
426 493 164 80 Même
528 493 205 80 titre.
672 493 103 80 —
713 493 185 80 1844.
836 493 103 80 —
877 493 185 80 In-8°
1001 493 123 80 de
1062 493 123 80 56
1124 493 205 80 pages,
1267 493 144 80 176
1350 493 246 80 numéros,
1514 493 82 80 et

349 535 122 76 un
410 535 284 76 supplément
633 535 122 76 de
694 535 142 76 177
775 535 101 76 à
795 535 122 76 205.

304 583 143 93 37.
385 583 102 93 —
426 583 164 93 Même
529 583 205 93 titre.
672 583 102 93 —
713 583 184 93 1845.
836 583 102 93 —
877 583 184 93 In-8°
1000 583 266 93 identique
1204 583 123 93 au
1245 583 246 93 précédent.

301 654 153 60 38.
389 654 109 60 —
432 654 175 60 Même
542 654 219 60 titre.
695 654 109 60 —
739 654 197 60 1851.
870 654 109 60 —
914 654 131 60 64
979 654 219 60 pages,
1133 654 153 60 207
1220 654 263 60 numéros,
1417 654 175 60 avec
1504 654 88 60 un

347 708 277 74 supplément
565 708 277 74 comprenant
783 708 139 74 les
862 708 139 74 n°s
941 708 139 74 193
1021 708 99 74 à
1060 708 158 74 207,
1159 708 119 74 et
1219 708 139 74 une
1298 708 178 74 table
1397 708 198 74 alphabé-

347 750 162 52 tique
455 750 126 52 des
527 750 216 52 artistes
688 750 144 52 dont
778 750 126 52 les
850 750 216 52 ouvrages
1012 750 144 52 sont
1083 750 180 52 exposés.

302 796 131 64 39.
377 796 94 64 —
415 796 187 64 Notice
546 796 131 64 des
621 796 262 64 peintures,
826 796 281 64 sculptures,
1051 796 225 64 gravures
1220 796 112 64 et
1276 796 318 64 lithographies
1519 796 75 64 de

344 853 218 52 l’École
503 853 218 52 moderne
661 853 119 52 de
721 853 218 52 France,
879 853 238 52 exposées
1058 853 159 52 dans
1157 853 139 52 les
1236 853 238 52 galeries
1415 853 119 52 du
1454 853 139 52 Musée

344 896 234 47 national
520 896 117 47 du
579 896 293 47 Luxembourg,
813 896 137 47 par
891 896 234 47 Frédéric
1066 896 215 47 Villot,
1222 896 312 47 conservateur
1476 896 117 47 de
1515 896 78 47 la

346 940 257 53 peinture.
544 940 99 53 —
584 940 178 53 Prix,
702 940 99 53 1
742 940 138 53 fr.
821 940 99 53 —
860 940 198 53 Paris,
999 940 237 53 Vinchon,
1177 940 257 53 imprimeur
1374 940 138 53 des
1434 940 158 53 Musées

345 991 268 48 nationaux,
556 991 134 48 rue
632 991 173 48 J.-J.
747 991 249 48 Rousseau,
939 991 115 48 8.
997 991 96 48 —
1035 991 173 48 avril
1150 991 173 48 1852.
1265 991 211 48 —In-12.
1418 991 96 48 —
1438 991 153 48 Lettre

345 1020 108 60 au
399 1020 235 60 directeur
580 1020 217 60 général,
742 1020 325 60 avertissement,
1013 1020 307 60 introduction,
1266 1020 108 60 ou
1320 1020 217 60 Histoire
1465 1020 126 60 abré-

344 1074 138 49 gée
423 1074 138 49 des
502 1074 296 49 différentes
739 1074 296 49 expositions
976 1074 138 49 qui
1054 1074 138 49 ont
1133 1074 118 49 eu
1192 1074 158 49 lieu
1291 1074 118 49 au
1331 1074 256 49 Luxembourg;

342 1115 341 55 bibliographie
623 1115 140 55 des
703 1115 221 55 notices
864 1115 321 55 précédentes,
1124 1115 281 55 comprenant
1345 1115 161 55 XXIV
1425 1115 161 55 pages,

347 1157 109 47 68
401 1157 164 47 pages
511 1157 146 47 pour
602 1157 109 47 la
657 1157 274 47 description
876 1157 128 47 des
949 1157 182 47 objets
1076 1157 109 47 et
1131 1157 109 47 la
1186 1157 182 47 table.
1313 1157 91 47 —
1350 1157 128 47 285
1405 1157 182 47 numéros.

345 1209 86 53 —
379 1209 104 53 Il
431 1209 86 53 a
466 1209 121 53 été
535 1209 138 53 fait
621 1209 225 53 plusieurs
794 1209 190 53 tirages
932 1209 104 53 de
984 1209 155 53 cette
1070 1209 173 53 édition.

299 1240 137 65 40.
378 1240 98 65 —
417 1240 195 65 Notice
553 1240 137 65 des
632 1240 274 65 peintures,
847 1240 293 65 sculptures,
1081 1240 234 65 gravures
1257 1240 117 65 et
1296 1240 293 65 lithographies

343 1302 113 49 de
400 1302 207 49 l’École
551 1302 207 49 moderne
702 1302 113 49 de
758 1302 207 49 France,
909 1302 226 49 exposées
1079 1302 151 49 dans
1173 1302 132 49 les
1248 1302 226 49 galeries
1418 1302 113 49 du
1456 1302 132 49 Musée

341 1345 233 46 impérial
516 1345 117 46 du
574 1345 292 46 Luxembourg,
807 1345 136 46 par
885 1345 233 46 Frédéric
1060 1345 214 46 Villot,
1216 1345 311 46 conservateur
1468 1345 117 46 de
1507 1345 78 46 la

339 1390 265 58 peinture.
543 1390 102 58 —
584 1390 184 58 Prix,
706 1390 102 58 1
747 1390 143 58 fr.
829 1390 102 58 —
869 1390 204 58 Paris,
1012 1390 225 58 Charles
1176 1390 123 58 de
1237 1390 245 58 Mourgues
1400 1390 184 58 frères,

341 1433 272 59 imprimeurs
554 1433 136 59 des
632 1433 194 59 Musées
768 1433 272 59 impériaux,
981 1433 136 59 rue
1059 1433 175 59 J.-J.
1175 1433 252 59 Rousseau,
1369 1433 116 59 8.
1428 1433 97 59 —
1447 1433 136 59 1855,

338 1477 106 65 —
380 1477 191 65 In-12
508 1477 127 65 de
571 1477 149 65 108
635 1477 170 65 pages.

296 1507 131 91 41.
371 1507 93 91 —
408 1507 186 91 Notice
539 1507 131 91 des
613 1507 261 91 peintures,
818 1507 261 91 sculptures
1024 1507 112 91 et
1080 1507 205 91 dessins
1229 1507 112 91 de
1285 1507 205 91 l’École
1415 1507 168 91 moderne

339 1577 115 49 de
396 1577 210 49 France,
549 1577 210 49 exposés
702 1577 153 49 dans
798 1577 134 49 les
874 1577 229 49 galeries
1046 1577 115 49 du
1103 1577 172 49 Musée
1218 1577 229 49 impérial
1390 1577 115 49 du
1428 1577 153 49 Luxem-

339 1622 177 53 bourg,
463 1622 124 53 par
534 1622 212 53 Frédéric
693 1622 195 53 Villot,
835 1622 283 53 conservateur
1065 1622 124 53 des
1136 1622 248 53 peintures.
1330 1622 88 53 —
1366 1622 106 53 3e
1401 1622 177 53 édition.

337 1669 105 55 —
379 1669 211 55 Paris,
527 1669 232 55 Charles
695 1669 126 55 de
758 1669 253 55 Mourgues
948 1669 232 55 frères,
1116 1669 295 55 imprimeurs
1348 1669 147 55 des
1411 1669 169 55 Musées

336 1709 290 53 impériaux,
564 1709 145 53 rue
647 1709 186 53 J.-J.
771 1709 269 53 Rousseau,
978 1709 124 53 8.
1040 1709 104 53 —
1082 1709 186 53 1863.
1206 1709 104 53 —
1248 1709 207 53 In-12.
1393 1709 104 53 —
1413 1709 166 53 Lettre

338 1755 114 47 au
395 1755 248 47 directeur
586 1755 229 47 général;
757 1755 324 47 bibliographie
1024 1755 133 47 des
1100 1755 210 47 notices
1253 1755 305 47 précédentes;
1482 1755 95 47 dé-

338 1791 243 66 coration
520 1791 122 66 de
581 1791 122 66 la
642 1791 223 66 galerie
804 1791 122 66 et
864 1791 142 66 des
945 1791 203 66 salles
1087 1791 122 66 du
1148 1791 182 66 Musée
1269 1791 122 66 du
1310 1791 263 66 Luxembourg,

338 1847 272 54 comprenant
551 1847 175 54 XVIII
668 1847 194 54 pages,
804 1847 117 54 et
863 1847 117 54 52
921 1847 194 54 pages;
1057 1847 136 54 240
1116 1847 194 54 numéros.
