2826.771653543307 4925.9842519685035
418.8976377952756 510.23622047244095 236.2204724409449 103.93700787401575 XIV

949.6062992125984 505.51181102362204 689.7637795275591 96.06299212598425 BIBLIOGRAPHIE
1518.1102362204724 505.51181102362204 283.46456692913387 96.06299212598425 DES
1639.3700787401574 505.51181102362204 406.2992125984252 96.06299212598425 NOTICES.

478.74015748031496 618.8976377952756 229.92125984251967 113.38582677165354 35.
609.4488188976378 618.8976377952756 163.7795275590551 113.38582677165354 —
675.5905511811023 618.8976377952756 261.4173228346457 113.38582677165354 Même
839.3700787401575 618.8976377952756 327.5590551181102 113.38582677165354 titre.
1067.716535433071 618.8976377952756 163.7795275590551 113.38582677165354 —
1133.8582677165355 618.8976377952756 294.48818897637796 113.38582677165354 1840.
1330.708661417323 618.8976377952756 163.7795275590551 113.38582677165354 —
1395.275590551181 618.8976377952756 294.48818897637796 113.38582677165354 In-8°
1592.1259842519685 618.8976377952756 196.8503937007874 113.38582677165354 de
1689.763779527559 618.8976377952756 196.8503937007874 113.38582677165354 48
1788.976377952756 618.8976377952756 294.48818897637796 113.38582677165354 pages
1984.251968503937 618.8976377952756 196.8503937007874 113.38582677165354 et
2083.464566929134 618.8976377952756 229.92125984251967 113.38582677165354 176
2181.1023622047246 618.8976377952756 327.5590551181102 113.38582677165354 numéros;

548.0314960629921 705.511811023622 272.4409448818898 96.06299212598425 plus,
729.1338582677165 705.511811023622 182.6771653543307 96.06299212598425 un
820.4724409448819 705.511811023622 425.1968503937008 96.06299212598425 supplément
1154.3307086614172 705.511811023622 182.6771653543307 96.06299212598425 de
1245.6692913385828 705.511811023622 151.1811023622047 96.06299212598425 6
1305.5118110236222 705.511811023622 303.93700787401576 96.06299212598425 pages,
1518.1102362204724 705.511811023622 425.1968503937008 96.06299212598425 comprenant
1851.9685039370079 705.511811023622 212.5984251968504 96.06299212598425 les
1973.2283464566929 705.511811023622 212.5984251968504 96.06299212598425 noe
2094.488188976378 705.511811023622 212.5984251968504 96.06299212598425 177
2215.748031496063 705.511811023622 151.1811023622047 96.06299212598425 à
2245.6692913385828 705.511811023622 182.6771653543307 96.06299212598425 195.

475.59055118110234 776.3779527559055 226.77165354330708 125.98425196850394 36.
606.2992125984252 776.3779527559055 162.20472440944883 125.98425196850394 —
670.8661417322835 776.3779527559055 258.26771653543307 125.98425196850394 Même
831.496062992126 776.3779527559055 322.8346456692913 125.98425196850394 titre.
1058.267716535433 776.3779527559055 162.20472440944883 125.98425196850394 —
1122.8346456692914 776.3779527559055 291.33858267716533 125.98425196850394 1844.
1316.5354330708662 776.3779527559055 162.20472440944883 125.98425196850394 —
1381.1023622047244 776.3779527559055 291.33858267716533 125.98425196850394 In-8°
1576.3779527559054 776.3779527559055 193.70078740157481 125.98425196850394 de
1672.4409448818897 776.3779527559055 193.70078740157481 125.98425196850394 56
1770.0787401574803 776.3779527559055 322.8346456692913 125.98425196850394 pages,
1995.275590551181 776.3779527559055 226.77165354330708 125.98425196850394 176
2125.984251968504 776.3779527559055 387.40157480314963 125.98425196850394 numéros,
2384.251968503937 776.3779527559055 129.13385826771653 125.98425196850394 et

549.6062992125984 842.5196850393701 192.1259842519685 119.68503937007874 un
645.6692913385826 842.5196850393701 447.244094488189 119.68503937007874 supplément
996.8503937007874 842.5196850393701 192.1259842519685 119.68503937007874 de
1092.9133858267717 842.5196850393701 223.6220472440945 119.68503937007874 177
1220.4724409448818 842.5196850393701 159.0551181102362 119.68503937007874 à
1251.9685039370079 842.5196850393701 192.1259842519685 119.68503937007874 205.

478.74015748031496 918.1102362204724 225.1968503937008 146.45669291338584 37.
606.2992125984252 918.1102362204724 160.62992125984252 146.45669291338584 —
670.8661417322835 918.1102362204724 258.26771653543307 146.45669291338584 Même
833.0708661417323 918.1102362204724 322.8346456692913 146.45669291338584 titre.
1058.267716535433 918.1102362204724 160.62992125984252 146.45669291338584 —
1122.8346456692914 918.1102362204724 289.76377952755905 146.45669291338584 1845.
1316.5354330708662 918.1102362204724 160.62992125984252 146.45669291338584 —
1381.1023622047244 918.1102362204724 289.76377952755905 146.45669291338584 In-8°
1574.8031496062993 918.1102362204724 418.8976377952756 146.45669291338584 identique
1896.0629921259842 918.1102362204724 193.70078740157481 146.45669291338584 au
1960.6299212598426 918.1102362204724 387.40157480314963 146.45669291338584 précédent.

474.01574803149606 1029.9212598425197 240.9448818897638 94.48818897637796 38.
612.5984251968504 1029.9212598425197 171.6535433070866 94.48818897637796 —
680.3149606299213 1029.9212598425197 275.59055118110234 94.48818897637796 Même
853.5433070866142 1029.9212598425197 344.88188976377955 94.48818897637796 titre.
1094.4881889763778 1029.9212598425197 171.6535433070866 94.48818897637796 —
1163.7795275590552 1029.9212598425197 310.23622047244095 94.48818897637796 1851.
1370.0787401574803 1029.9212598425197 171.6535433070866 94.48818897637796 —
1439.3700787401574 1029.9212598425197 206.29921259842519 94.48818897637796 64
1541.732283464567 1029.9212598425197 344.88188976377955 94.48818897637796 pages,
1784.251968503937 1029.9212598425197 240.9448818897638 94.48818897637796 207
1921.259842519685 1029.9212598425197 414.1732283464567 94.48818897637796 numéros,
2231.496062992126 1029.9212598425197 275.59055118110234 94.48818897637796 avec
2368.503937007874 1029.9212598425197 138.58267716535434 94.48818897637796 un

546.4566929133858 1114.9606299212599 436.2204724409449 116.53543307086615 supplément
889.7637795275591 1114.9606299212599 436.2204724409449 116.53543307086615 comprenant
1233.0708661417323 1114.9606299212599 218.89763779527559 116.53543307086615 les
1357.4803149606298 1114.9606299212599 218.89763779527559 116.53543307086615 n°s
1481.8897637795276 1114.9606299212599 218.89763779527559 116.53543307086615 193
1607.8740157480315 1114.9606299212599 155.90551181102362 116.53543307086615 à
1669.291338582677 1114.9606299212599 248.8188976377953 116.53543307086615 207,
1825.1968503937007 1114.9606299212599 187.4015748031496 116.53543307086615 et
1919.6850393700788 1114.9606299212599 218.89763779527559 116.53543307086615 une
2044.0944881889764 1114.9606299212599 280.31496062992125 116.53543307086615 table
2200.0 1114.9606299212599 311.81102362204723 116.53543307086615 alphabé-

546.4566929133858 1181.1023622047244 255.11811023622047 81.88976377952756 tique
716.5354330708661 1181.1023622047244 198.4251968503937 81.88976377952756 des
829.9212598425197 1181.1023622047244 340.15748031496065 81.88976377952756 artistes
1083.4645669291338 1181.1023622047244 226.77165354330708 81.88976377952756 dont
1225.1968503937007 1181.1023622047244 198.4251968503937 81.88976377952756 les
1338.5826771653544 1181.1023622047244 340.15748031496065 81.88976377952756 ouvrages
1593.7007874015749 1181.1023622047244 226.77165354330708 81.88976377952756 sont
1705.5118110236222 1181.1023622047244 283.46456692913387 81.88976377952756 exposés.

475.59055118110234 1253.5433070866143 206.29921259842519 100.78740157480316 39.
593.7007874015748 1253.5433070866143 148.03149606299212 100.78740157480316 —
653.5433070866142 1253.5433070866143 294.48818897637796 100.78740157480316 Notice
859.8425196850394 1253.5433070866143 206.29921259842519 100.78740157480316 des
977.9527559055118 1253.5433070866143 412.59842519685037 100.78740157480316 peintures,
1300.7874015748032 1253.5433070866143 442.5196850393701 100.78740157480316 sculptures,
1655.1181102362204 1253.5433070866143 354.3307086614173 100.78740157480316 gravures
1921.259842519685 1253.5433070866143 176.3779527559055 100.78740157480316 et
2009.4488188976377 1253.5433070866143 500.78740157480314 100.78740157480316 lithographies
2392.1259842519685 1253.5433070866143 118.11023622047244 100.78740157480316 de

541.7322834645669 1343.3070866141732 343.3070866141732 81.88976377952756 l’École
792.1259842519685 1343.3070866141732 343.3070866141732 81.88976377952756 moderne
1040.9448818897638 1343.3070866141732 187.4015748031496 81.88976377952756 de
1135.4330708661416 1343.3070866141732 343.3070866141732 81.88976377952756 France,
1384.251968503937 1343.3070866141732 374.8031496062992 81.88976377952756 exposées
1666.1417322834645 1343.3070866141732 250.39370078740157 81.88976377952756 dans
1822.0472440944882 1343.3070866141732 218.89763779527559 81.88976377952756 les
1946.4566929133857 1343.3070866141732 374.8031496062992 81.88976377952756 galeries
2228.3464566929133 1343.3070866141732 187.4015748031496 81.88976377952756 du
2289.763779527559 1343.3070866141732 218.89763779527559 81.88976377952756 Musée

541.7322834645669 1411.023622047244 368.503937007874 74.01574803149606 national
818.8976377952756 1411.023622047244 184.251968503937 74.01574803149606 du
911.8110236220473 1411.023622047244 461.4173228346457 74.01574803149606 Luxembourg,
1280.3149606299212 1411.023622047244 215.748031496063 74.01574803149606 par
1403.1496062992126 1411.023622047244 368.503937007874 74.01574803149606 Frédéric
1678.740157480315 1411.023622047244 338.5826771653543 74.01574803149606 Villot,
1924.4094488188975 1411.023622047244 491.33858267716533 74.01574803149606 conservateur
2324.4094488188975 1411.023622047244 184.251968503937 74.01574803149606 de
2385.8267716535433 1411.023622047244 122.83464566929133 74.01574803149606 la

544.8818897637796 1480.3149606299212 404.7244094488189 83.46456692913385 peinture.
856.6929133858267 1480.3149606299212 155.90551181102362 83.46456692913385 —
919.6850393700787 1480.3149606299212 280.31496062992125 83.46456692913385 Prix,
1105.5118110236222 1480.3149606299212 155.90551181102362 83.46456692913385 1
1168.5039370078741 1480.3149606299212 217.3228346456693 83.46456692913385 fr.
1292.9133858267717 1480.3149606299212 155.90551181102362 83.46456692913385 —
1354.3307086614172 1480.3149606299212 311.81102362204723 83.46456692913385 Paris,
1573.2283464566929 1480.3149606299212 373.2283464566929 83.46456692913385 Vinchon,
1853.5433070866143 1480.3149606299212 404.7244094488189 83.46456692913385 imprimeur
2163.779527559055 1480.3149606299212 217.3228346456693 83.46456692913385 des
2258.267716535433 1480.3149606299212 248.8188976377953 83.46456692913385 Musées

543.3070866141733 1560.6299212598426 422.0472440944882 75.59055118110236 nationaux,
875.5905511811023 1560.6299212598426 211.0236220472441 75.59055118110236 rue
995.2755905511812 1560.6299212598426 272.4409448818898 75.59055118110236 J.-J.
1176.3779527559054 1560.6299212598426 392.12598425196853 75.59055118110236 Rousseau,
1478.740157480315 1560.6299212598426 181.10236220472441 75.59055118110236 8.
1570.0787401574803 1560.6299212598426 151.1811023622047 75.59055118110236 —
1629.9212598425197 1560.6299212598426 272.4409448818898 75.59055118110236 avril
1811.023622047244 1560.6299212598426 272.4409448818898 75.59055118110236 1852.
1992.1259842519685 1560.6299212598426 332.2834645669291 75.59055118110236 —In-12.
2233.0708661417325 1560.6299212598426 151.1811023622047 75.59055118110236 —
2264.566929133858 1560.6299212598426 240.9448818897638 75.59055118110236 Lettre

543.3070866141733 1606.2992125984251 170.07874015748033 94.48818897637796 au
628.3464566929134 1606.2992125984251 370.0787401574803 94.48818897637796 directeur
913.3858267716536 1606.2992125984251 341.73228346456693 94.48818897637796 général,
1168.5039370078741 1606.2992125984251 511.81102362204723 94.48818897637796 avertissement,
1595.275590551181 1606.2992125984251 483.46456692913387 94.48818897637796 introduction,
1993.7007874015749 1606.2992125984251 170.07874015748033 94.48818897637796 ou
2078.740157480315 1606.2992125984251 341.73228346456693 94.48818897637796 Histoire
2307.0866141732286 1606.2992125984251 198.4251968503937 94.48818897637796 abré-

541.7322834645669 1691.3385826771653 217.3228346456693 77.16535433070867 gée
666.1417322834645 1691.3385826771653 217.3228346456693 77.16535433070867 des
790.5511811023622 1691.3385826771653 466.1417322834646 77.16535433070867 différentes
1163.7795275590552 1691.3385826771653 466.1417322834646 77.16535433070867 expositions
1537.007874015748 1691.3385826771653 217.3228346456693 77.16535433070867 qui
1659.8425196850394 1691.3385826771653 217.3228346456693 77.16535433070867 ont
1784.251968503937 1691.3385826771653 185.82677165354332 77.16535433070867 eu
1877.1653543307086 1691.3385826771653 248.8188976377953 77.16535433070867 lieu
2033.0708661417323 1691.3385826771653 185.82677165354332 77.16535433070867 au
2096.0629921259842 1691.3385826771653 403.1496062992126 77.16535433070867 Luxembourg;

538.5826771653543 1755.9055118110236 537.007874015748 86.61417322834646 bibliographie
981.1023622047244 1755.9055118110236 220.4724409448819 86.61417322834646 des
1107.0866141732283 1755.9055118110236 348.0314960629921 86.61417322834646 notices
1360.6299212598426 1755.9055118110236 505.51181102362204 86.61417322834646 précédentes,
1770.0787401574803 1755.9055118110236 442.5196850393701 86.61417322834646 comprenant
2118.1102362204724 1755.9055118110236 253.54330708661416 86.61417322834646 XXIV
2244.0944881889764 1755.9055118110236 253.54330708661416 86.61417322834646 pages,

546.4566929133858 1822.0472440944882 171.6535433070866 74.01574803149606 68
631.496062992126 1822.0472440944882 258.26771653543307 74.01574803149606 pages
804.7244094488188 1822.0472440944882 229.92125984251967 74.01574803149606 pour
948.0314960629921 1822.0472440944882 171.6535433070866 74.01574803149606 la
1034.6456692913387 1822.0472440944882 431.496062992126 74.01574803149606 description
1379.5275590551182 1822.0472440944882 201.5748031496063 74.01574803149606 des
1494.4881889763778 1822.0472440944882 286.61417322834643 74.01574803149606 objets
1694.4881889763778 1822.0472440944882 171.6535433070866 74.01574803149606 et
1781.1023622047244 1822.0472440944882 171.6535433070866 74.01574803149606 la
1867.716535433071 1822.0472440944882 286.61417322834643 74.01574803149606 table.
2067.716535433071 1822.0472440944882 143.30708661417322 74.01574803149606 —
2125.984251968504 1822.0472440944882 201.5748031496063 74.01574803149606 285
2212.5984251968503 1822.0472440944882 286.61417322834643 74.01574803149606 numéros.

543.3070866141733 1903.9370078740158 135.43307086614172 83.46456692913385 —
596.8503937007874 1903.9370078740158 163.7795275590551 83.46456692913385 Il
678.7401574803149 1903.9370078740158 135.43307086614172 83.46456692913385 a
733.8582677165355 1903.9370078740158 190.5511811023622 83.46456692913385 été
842.5196850393701 1903.9370078740158 217.3228346456693 83.46456692913385 fait
977.9527559055118 1903.9370078740158 354.3307086614173 83.46456692913385 plusieurs
1250.3937007874015 1903.9370078740158 299.21259842519686 83.46456692913385 tirages
1467.716535433071 1903.9370078740158 163.7795275590551 83.46456692913385 de
1549.6062992125985 1903.9370078740158 244.09448818897638 83.46456692913385 cette
1685.0393700787401 1903.9370078740158 272.4409448818898 83.46456692913385 édition.

470.86614173228344 1952.755905511811 215.748031496063 102.36220472440945 40.
595.2755905511812 1952.755905511811 154.33070866141733 102.36220472440945 —
656.6929133858267 1952.755905511811 307.0866141732283 102.36220472440945 Notice
870.8661417322835 1952.755905511811 215.748031496063 102.36220472440945 des
995.2755905511812 1952.755905511811 431.496062992126 102.36220472440945 peintures,
1333.8582677165355 1952.755905511811 461.4173228346457 102.36220472440945 sculptures,
1702.3622047244094 1952.755905511811 368.503937007874 102.36220472440945 gravures
1979.5275590551182 1952.755905511811 184.251968503937 102.36220472440945 et
2040.9448818897638 1952.755905511811 461.4173228346457 102.36220472440945 lithographies

540.1574803149606 2050.3937007874015 177.95275590551182 77.16535433070867 de
629.9212598425197 2050.3937007874015 325.98425196850394 77.16535433070867 l’École
867.7165354330708 2050.3937007874015 325.98425196850394 77.16535433070867 moderne
1105.5118110236222 2050.3937007874015 177.95275590551182 77.16535433070867 de
1193.7007874015749 2050.3937007874015 325.98425196850394 77.16535433070867 France,
1431.4960629921259 2050.3937007874015 355.90551181102364 77.16535433070867 exposées
1699.2125984251968 2050.3937007874015 237.79527559055117 77.16535433070867 dans
1847.244094488189 2050.3937007874015 207.8740157480315 77.16535433070867 les
1965.3543307086613 2050.3937007874015 355.90551181102364 77.16535433070867 galeries
2233.0708661417325 2050.3937007874015 177.95275590551182 77.16535433070867 du
2292.9133858267714 2050.3937007874015 207.8740157480315 77.16535433070867 Musée

537.007874015748 2118.1102362204724 366.92913385826773 72.44094488188976 impérial
812.5984251968504 2118.1102362204724 184.251968503937 72.44094488188976 du
903.9370078740158 2118.1102362204724 459.84251968503935 72.44094488188976 Luxembourg,
1270.8661417322835 2118.1102362204724 214.17322834645668 72.44094488188976 par
1393.7007874015749 2118.1102362204724 366.92913385826773 72.44094488188976 Frédéric
1669.291338582677 2118.1102362204724 337.00787401574803 72.44094488188976 Villot,
1914.9606299212599 2118.1102362204724 489.76377952755905 72.44094488188976 conservateur
2311.8110236220473 2118.1102362204724 184.251968503937 72.44094488188976 de
2373.228346456693 2118.1102362204724 122.83464566929133 72.44094488188976 la

533.8582677165355 2188.9763779527557 417.3228346456693 91.33858267716535 peinture.
855.1181102362204 2188.9763779527557 160.62992125984252 91.33858267716535 —
919.6850393700787 2188.9763779527557 289.76377952755905 91.33858267716535 Prix,
1111.8110236220473 2188.9763779527557 160.62992125984252 91.33858267716535 1
1176.3779527559054 2188.9763779527557 225.1968503937008 91.33858267716535 fr.
1305.5118110236222 2188.9763779527557 160.62992125984252 91.33858267716535 —
1368.5039370078741 2188.9763779527557 321.25984251968504 91.33858267716535 Paris,
1593.7007874015749 2188.9763779527557 354.3307086614173 91.33858267716535 Charles
1851.9685039370079 2188.9763779527557 193.70078740157481 91.33858267716535 de
1948.0314960629921 2188.9763779527557 385.8267716535433 91.33858267716535 Mourgues
2204.7244094488187 2188.9763779527557 289.76377952755905 91.33858267716535 frères,

537.007874015748 2256.6929133858266 428.34645669291336 92.91338582677166 imprimeurs
872.4409448818898 2256.6929133858266 214.17322834645668 92.91338582677166 des
995.2755905511812 2256.6929133858266 305.51181102362204 92.91338582677166 Musées
1209.4488188976377 2256.6929133858266 428.34645669291336 92.91338582677166 impériaux,
1544.8818897637796 2256.6929133858266 214.17322834645668 92.91338582677166 rue
1667.716535433071 2256.6929133858266 275.59055118110234 92.91338582677166 J.-J.
1850.3937007874015 2256.6929133858266 396.8503937007874 92.91338582677166 Rousseau,
2155.9055118110236 2256.6929133858266 182.6771653543307 92.91338582677166 8.
2248.818897637795 2256.6929133858266 152.75590551181102 92.91338582677166 —
2278.740157480315 2256.6929133858266 214.17322834645668 92.91338582677166 1855,

532.2834645669292 2325.984251968504 166.9291338582677 102.36220472440945 —
598.4251968503937 2325.984251968504 300.78740157480314 102.36220472440945 In-12
800.0 2325.984251968504 200.0 102.36220472440945 de
899.2125984251968 2325.984251968504 234.64566929133858 102.36220472440945 108
1000.0 2325.984251968504 267.7165354330709 102.36220472440945 pages.

466.1417322834646 2373.228346456693 206.29921259842519 143.30708661417322 41.
584.2519685039371 2373.228346456693 146.45669291338584 143.30708661417322 —
642.5196850393701 2373.228346456693 292.9133858267717 143.30708661417322 Notice
848.8188976377953 2373.228346456693 206.29921259842519 143.30708661417322 des
965.3543307086615 2373.228346456693 411.0236220472441 143.30708661417322 peintures,
1288.1889763779527 2373.228346456693 411.0236220472441 143.30708661417322 sculptures
1612.5984251968505 2373.228346456693 176.3779527559055 143.30708661417322 et
1700.7874015748032 2373.228346456693 322.8346456692913 143.30708661417322 dessins
1935.4330708661416 2373.228346456693 176.3779527559055 143.30708661417322 de
2023.6220472440946 2373.228346456693 322.8346456692913 143.30708661417322 l’École
2228.3464566929133 2373.228346456693 264.56692913385825 143.30708661417322 moderne

533.8582677165355 2483.464566929134 181.10236220472441 77.16535433070867 de
623.6220472440945 2483.464566929134 330.70866141732284 77.16535433070867 France,
864.5669291338583 2483.464566929134 330.70866141732284 77.16535433070867 exposés
1105.5118110236222 2483.464566929134 240.9448818897638 77.16535433070867 dans
1256.6929133858268 2483.464566929134 211.0236220472441 77.16535433070867 les
1376.3779527559054 2483.464566929134 360.62992125984255 77.16535433070867 galeries
1647.244094488189 2483.464566929134 181.10236220472441 77.16535433070867 du
1737.007874015748 2483.464566929134 270.86614173228344 77.16535433070867 Musée
1918.1102362204724 2483.464566929134 360.62992125984255 77.16535433070867 impérial
2188.9763779527557 2483.464566929134 181.10236220472441 77.16535433070867 du
2248.818897637795 2483.464566929134 240.9448818897638 77.16535433070867 Luxem-

533.8582677165355 2554.3307086614172 278.74015748031496 83.46456692913385 bourg,
729.1338582677165 2554.3307086614172 195.2755905511811 83.46456692913385 par
840.9448818897638 2554.3307086614172 333.8582677165354 83.46456692913385 Frédéric
1091.3385826771653 2554.3307086614172 307.0866141732283 83.46456692913385 Villot,
1314.9606299212599 2554.3307086614172 445.6692913385827 83.46456692913385 conservateur
1677.1653543307086 2554.3307086614172 195.2755905511811 83.46456692913385 des
1788.976377952756 2554.3307086614172 390.5511811023622 83.46456692913385 peintures.
2094.488188976378 2554.3307086614172 138.58267716535434 83.46456692913385 —
2151.181102362205 2554.3307086614172 166.9291338582677 83.46456692913385 3e
2206.299212598425 2554.3307086614172 278.74015748031496 83.46456692913385 édition.

530.7086614173228 2628.3464566929133 165.35433070866142 86.61417322834646 —
596.8503937007874 2628.3464566929133 332.2834645669291 86.61417322834646 Paris,
829.9212598425197 2628.3464566929133 365.3543307086614 86.61417322834646 Charles
1094.4881889763778 2628.3464566929133 198.4251968503937 86.61417322834646 de
1193.7007874015749 2628.3464566929133 398.4251968503937 86.61417322834646 Mourgues
1492.9133858267717 2628.3464566929133 365.3543307086614 86.61417322834646 frères,
1757.4803149606298 2628.3464566929133 464.56692913385825 86.61417322834646 imprimeurs
2122.834645669291 2628.3464566929133 231.49606299212599 86.61417322834646 des
2222.047244094488 2628.3464566929133 266.1417322834646 86.61417322834646 Musées

529.1338582677165 2691.3385826771655 456.6929133858268 83.46456692913385 impériaux,
888.1889763779527 2691.3385826771655 228.3464566929134 83.46456692913385 rue
1018.8976377952756 2691.3385826771655 292.9133858267717 83.46456692913385 J.-J.
1214.1732283464567 2691.3385826771655 423.62204724409446 83.46456692913385 Rousseau,
1540.1574803149606 2691.3385826771655 195.2755905511811 83.46456692913385 8.
1637.7952755905512 2691.3385826771655 163.7795275590551 83.46456692913385 —
1703.9370078740158 2691.3385826771655 292.9133858267717 83.46456692913385 1863.
1899.2125984251968 2691.3385826771655 163.7795275590551 83.46456692913385 —
1965.3543307086613 2691.3385826771655 325.98425196850394 83.46456692913385 In-12.
2193.700787401575 2691.3385826771655 163.7795275590551 83.46456692913385 —
2225.196850393701 2691.3385826771655 261.4173228346457 83.46456692913385 Lettre

532.2834645669292 2763.779527559055 179.5275590551181 74.01574803149606 au
622.0472440944882 2763.779527559055 390.5511811023622 74.01574803149606 directeur
922.8346456692914 2763.779527559055 360.62992125984255 74.01574803149606 général;
1192.1259842519685 2763.779527559055 510.23622047244095 74.01574803149606 bibliographie
1612.5984251968505 2763.779527559055 209.4488188976378 74.01574803149606 des
1732.283464566929 2763.779527559055 330.70866141732284 74.01574803149606 notices
1973.2283464566929 2763.779527559055 480.31496062992125 74.01574803149606 précédentes;
2333.8582677165355 2763.779527559055 149.60629921259843 74.01574803149606 dé-

532.2834645669292 2820.472440944882 382.6771653543307 103.93700787401575 coration
818.8976377952756 2820.472440944882 192.1259842519685 103.93700787401575 de
914.9606299212599 2820.472440944882 192.1259842519685 103.93700787401575 la
1011.0236220472441 2820.472440944882 351.18110236220474 103.93700787401575 galerie
1266.1417322834645 2820.472440944882 192.1259842519685 103.93700787401575 et
1360.6299212598426 2820.472440944882 223.6220472440945 103.93700787401575 des
1488.1889763779527 2820.472440944882 319.68503937007875 103.93700787401575 salles
1711.8110236220473 2820.472440944882 192.1259842519685 103.93700787401575 du
1807.8740157480315 2820.472440944882 286.61417322834643 103.93700787401575 Musée
1998.4251968503936 2820.472440944882 192.1259842519685 103.93700787401575 du
2062.9921259842517 2820.472440944882 414.1732283464567 103.93700787401575 Luxembourg,

532.2834645669292 2908.6614173228345 428.34645669291336 85.03937007874016 comprenant
867.7165354330708 2908.6614173228345 275.59055118110234 85.03937007874016 XVIII
1051.9685039370079 2908.6614173228345 305.51181102362204 85.03937007874016 pages,
1266.1417322834645 2908.6614173228345 184.251968503937 85.03937007874016 et
1359.0551181102362 2908.6614173228345 184.251968503937 85.03937007874016 52
1450.3937007874015 2908.6614173228345 305.51181102362204 85.03937007874016 pages;
1664.5669291338584 2908.6614173228345 214.17322834645668 85.03937007874016 240
1757.4803149606298 2908.6614173228345 305.51181102362204 85.03937007874016 numéros.
