1802 3122
539 336 452 99 DÉCORATION

256 444 226 101 DE
369 444 226 101 LA
483 444 415 101 GALERIE
784 444 226 101 ET
897 444 264 101 DES
1010 444 302 101 SALLES

463 534 162 92 DU
544 534 243 92 MUSÉE
706 534 162 92 DU
760 534 352 92 LUXEMBOURG.

539 734 315 105 GRANDE
729 734 315 105 GALERIE.

640 827 276 90 PLAFOND.

196 927 133 78 Le
262 927 244 78 tableau
439 927 155 78 qui
528 927 221 78 occupe
683 927 133 78 le
749 927 221 78 centre
905 927 133 78 du
971 927 244 78 plafond
1148 927 133 78 de
1215 927 133 78 la
1259 927 177 78 grande

149 994 236 60 galerie
320 994 301 60 représente
557 994 129 60 le
621 994 193 60 lever
750 994 129 60 de
815 994 279 60 l’Aurore;
1030 994 129 60 il
1094 994 107 60 a
1137 994 150 60 été
1223 994 193 60 peint
1331 994 107 60 par

149 1048 437 52 Antoine-François
520 1048 240 52 Callet,
695 1048 131 52 né
760 1048 109 52 à
804 1048 196 52 Paris
935 1048 131 52 en
1000 1048 196 52 1741,
1131 1048 196 52 grand
1262 1048 175 52 prix
1350 1048 87 52 de

148 1090 191 58 Rome
267 1090 143 58 en
339 1090 215 58 1764,
482 1090 238 58 membre
649 1090 143 58 de
721 1090 334 58 l’ancienne
983 1090 286 58 Académie
1198 1090 238 58 royale
1341 1090 95 58 de

147 1132 260 63 peinture
342 1132 130 63 en
407 1132 195 63 1780,
538 1132 173 63 mort
646 1132 108 63 à
689 1132 217 63 Paris,
841 1132 130 63 le
906 1132 108 63 5
949 1132 238 63 octobre
1101 1132 152 63 1823.

198 1187 304 66 L’Aurore,
431 1187 187 66 dans
548 1187 140 66 un
618 1187 187 66 char
735 1187 234 66 attelé
899 1187 164 66 par
992 1187 164 66 des
1086 1187 257 66 chevaux
1249 1187 187 66 ailés,

151 1241 205 63 paraît
294 1241 246 63 annoncer
478 1241 123 63 le
539 1241 164 63 dieu
642 1241 123 63 du
703 1241 225 63 soleil;
867 1241 143 63 les
949 1241 184 63 vents
1072 1241 205 63 légers
1215 1241 123 63 la
1256 1241 184 63 suivent

151 1289 124 60 en
213 1289 228 60 versant
379 1289 124 60 la
442 1289 187 60 rosée
566 1289 124 60 du
628 1289 207 60 matin.
773 1289 124 60 La
836 1289 166 60 Nuit
939 1289 166 60 fuit
1043 1289 207 60 devant
1188 1289 124 60 le
1230 1289 207 60 flambeau

151 1339 127 70 du
214 1339 169 70 Jour
320 1339 127 70 en
383 1339 253 70 repliant
573 1339 148 70 son
657 1339 211 70 voile,
805 1339 127 70 où
868 1339 127 70 se
932 1339 232 70 cachent
1100 1339 148 70 les
1185 1339 232 70 Songes,
1333 1339 106 70 ses

150 1390 266 58 enfants;
350 1390 133 58 un
416 1390 244 58 d’entre
594 1390 155 58 eux
682 1390 222 58 répand
838 1390 155 58 ses
904 1390 200 58 pavots.

197 1430 158 68 Les
288 1430 226 68 autres
446 1430 294 68 tableaux,
672 1430 136 68 au
740 1430 226 68 nombre
898 1430 136 68 de
966 1430 226 68 douze,
1124 1430 158 68 qui
1214 1430 181 68 sont
1304 1430 136 68 pla-

150 1497 156 50 cés
239 1497 178 50 dans
350 1497 133 50 la
417 1497 222 50 partie
572 1497 311 50 supérieure
817 1497 133 50 de
883 1497 133 50 la
950 1497 222 50 voûte,
1106 1497 200 50 avant
1239 1497 133 50 et
1283 1497 156 50 après

154 1547 126 57 le
217 1547 232 57 tableau
386 1547 126 57 du
449 1547 232 57 milieu,
617 1547 337 57 représentent
891 1547 147 57 des
975 1547 232 57 figures
1122 1547 316 57 allégoriques,

150 1591 196 53 ayant
281 1591 174 53 pour
390 1591 284 53 attributs
608 1591 153 53 les
695 1591 196 53 douze
826 1591 218 53 signes
979 1591 131 53 du
1044 1591 284 53 Zodiaque.
1263 1591 153 53 Ces
1328 1591 109 53 ta-

150 1639 230 64 bleaux
311 1639 184 64 sont
426 1639 138 64 de
496 1639 253 64 Jacques
680 1639 299 64 Jordaens,
910 1639 253 64 peintre
1094 1639 276 64 flamand,
1279 1639 161 64 élève

152 1688 139 61 de
221 1688 255 61 Rubens,
407 1688 139 61 né
477 1688 116 61 à
523 1688 232 61 Anvers
685 1688 139 61 en
755 1688 209 61 1593,
894 1688 186 61 mort
1010 1688 139 61 en
1057 1688 162 61 1678.

203 1729 235 78 PREMIER
374 1729 235 78 TABLEAU
545 1729 128 78 EN
609 1729 256 78 ENTRANT:
801 1729 192 78 <i>le
929 1729 192 78 signe
1057 1729 128 78 de
1121 1729 128 78 la
1164 1729 278 78 Balance</i>

152 1785 481 74 i>(<i>Septembre<).
568 1785 109 74 —
612 1785 153 74 Une
699 1785 219 74 femme,
852 1785 284 74 couronnée
1071 1785 131 74 de
1137 1785 241 74 fruits,
1290 1785 153 74 tient

152 1851 211 58 d’une
292 1851 188 58 main
409 1851 164 58 une
503 1851 211 58 corne
644 1851 352 58 d’abondance
925 1851 258 58 remplie
1113 1851 141 58 de
1183 1851 258 58 raisins
1347 1851 94 58 et

153 1896 245 56 indique
331 1896 133 56 le
397 1896 178 56 mois
508 1896 156 56 des
597 1896 311 56 vendanges;
842 1896 133 56 de
909 1896 267 56 l’autre,
1109 1896 178 56 elle
1220 1896 200 56 tient
1331 1896 111 56 une

154 1943 276 54 balance,
361 1943 161 54 qui
453 1943 253 54 désigne
636 1943 184 54 qu’à
751 1943 207 54 cette
889 1943 230 54 époque
1050 1943 321 54 l’équinoxe
1279 1943 161 54 d’au-

157 1991 200 58 tomne
290 1991 222 58 ramène
446 1991 289 58 l’égalité
668 1991 156 58 des
757 1991 200 58 jours
890 1991 133 58 et
957 1991 156 58 des
1023 1991 178 58 nuits.

203 2033 265 76 DEUXIEME
402 2033 265 76 TABLEAU:
601 2033 199 76 <i>le
734 2033 265 76 Scorpion
932 2033 354 76 (Octobre)<).
1220 2033 111 76 —
1242 2033 199 76 Baccha-

154 2100 188 67 nale
271 2100 141 67 ou
341 2100 188 67 fête
459 2100 141 67 de
529 2100 282 67 Bacchus.
740 2100 141 67 Un
811 2100 211 67 jeune
951 2100 235 67 satyre
1116 2100 211 67 porte
1256 2100 164 67 sur
1327 2100 117 67 ses

156 2150 248 60 épaules
337 2150 136 60 le
405 2150 203 60 vieux
540 2150 226 60 Silène
699 2150 181 60 pris
812 2150 136 60 de
879 2150 158 60 vin
970 2150 136 60 et
1037 2150 226 60 tenant
1196 2150 158 60 une
1263 2150 181 60 grappe

154 2202 138 55 de
223 2202 253 55 raisin;
407 2202 161 55 ils
500 2202 184 55 sont
615 2202 184 55 tous
730 2202 184 55 deux
845 2202 299 55 couronnés
1075 2202 138 55 de
1145 2202 276 55 pampres.
1329 2202 115 55 Une

154 2245 310 53 bacchante
393 2245 167 53 les
488 2245 191 53 suit
607 2245 143 53 en
679 2245 238 53 jouant
846 2245 143 53 du
917 2245 262 53 tambour
1108 2245 143 53 de
1180 2245 262 53 basque.
1347 2245 95 53 La

156 2292 340 54 bacchanale
423 2292 267 54 désigne
618 2292 170 54 que
715 2292 194 54 dans
836 2292 146 54 ce
909 2292 194 54 mois
1031 2292 170 54 les
1128 2292 316 54 vignerons
1347 2292 97 54 se

162 2344 321 57 réjouissent
418 2344 128 57 et
482 2344 128 57 se
547 2344 278 57 délassent
761 2344 128 57 de
825 2344 193 57 leurs
953 2344 235 57 travaux
1124 2344 128 57 en
1188 2344 235 57 goûtant
1338 2344 107 57 les

161 2395 262 49 nouveaux
357 2395 218 49 fruits
510 2395 131 49 de
575 2395 131 49 la
641 2395 283 49 vendange.
859 2395 131 49 Le
924 2395 283 49 scorpion,
1142 2395 153 49 que
1229 2395 174 49 l’on
1316 2395 131 49 voit

160 2436 174 66 dans
269 2436 131 66 la
334 2436 261 66 bordure,
530 2436 174 66 fait
639 2436 261 66 allusion
835 2436 109 66 à
879 2436 131 66 la
944 2436 283 66 malignité
1162 2436 152 66 des
1227 2436 218 66 maladies

159 2489 248 49 causées
340 2489 158 49 par
430 2489 158 49 les
521 2489 203 49 vents
656 2489 271 49 humides,
859 2489 248 49 chargés
1040 2489 135 49 de
1107 2489 248 49 vapeurs
1265 2489 181 49 dange-

163 2535 226 64 reuses,
328 2535 144 64 qui
410 2535 123 64 se
472 2535 165 64 font
575 2535 206 64 sentir
698 2535 165 64 alors.
