2837.7952755905512 4916.535433070866
848.8188976377953 529.1338582677165 711.8110236220473 155.90551181102362 DÉCORATION

403.1496062992126 699.2125984251968 355.90551181102364 159.0551181102362 DE
581.1023622047244 699.2125984251968 355.90551181102364 159.0551181102362 LA
760.6299212598425 699.2125984251968 653.5433070866142 159.0551181102362 GALERIE
1234.6456692913387 699.2125984251968 355.90551181102364 159.0551181102362 ET
1412.5984251968505 699.2125984251968 415.748031496063 159.0551181102362 DES
1590.5511811023623 699.2125984251968 475.59055118110234 159.0551181102362 SALLES

729.1338582677165 840.9448818897638 255.11811023622047 144.88188976377953 DU
856.6929133858267 840.9448818897638 382.6771653543307 144.88188976377953 MUSÉE
1111.8110236220473 840.9448818897638 255.11811023622047 144.88188976377953 DU
1196.8503937007874 840.9448818897638 554.3307086614174 144.88188976377953 LUXEMBOURG.

848.8188976377953 1155.9055118110236 496.06299212598424 165.35433070866142 GRANDE
1148.0314960629921 1155.9055118110236 496.06299212598424 165.35433070866142 GALERIE.

1007.8740157480315 1302.3622047244094 434.6456692913386 141.73228346456693 PLAFOND.

308.66141732283467 1459.8425196850394 209.4488188976378 122.83464566929133 Le
412.59842519685037 1459.8425196850394 384.251968503937 122.83464566929133 tableau
691.3385826771654 1459.8425196850394 244.09448818897638 122.83464566929133 qui
831.496062992126 1459.8425196850394 348.0314960629921 122.83464566929133 occupe
1075.5905511811025 1459.8425196850394 209.4488188976378 122.83464566929133 le
1179.5275590551182 1459.8425196850394 348.0314960629921 122.83464566929133 centre
1425.1968503937007 1459.8425196850394 209.4488188976378 122.83464566929133 du
1529.1338582677165 1459.8425196850394 384.251968503937 122.83464566929133 plafond
1807.8740157480315 1459.8425196850394 209.4488188976378 122.83464566929133 de
1913.3858267716535 1459.8425196850394 209.4488188976378 122.83464566929133 la
1982.6771653543308 1459.8425196850394 278.74015748031496 122.83464566929133 grande

234.64566929133858 1565.3543307086613 371.65354330708664 94.48818897637796 galerie
503.93700787401576 1565.3543307086613 474.01574803149606 94.48818897637796 représente
877.1653543307086 1565.3543307086613 203.1496062992126 94.48818897637796 le
977.9527559055118 1565.3543307086613 303.93700787401576 94.48818897637796 lever
1181.1023622047244 1565.3543307086613 203.1496062992126 94.48818897637796 de
1283.4645669291338 1565.3543307086613 439.37007874015745 94.48818897637796 l’Aurore;
1622.0472440944882 1565.3543307086613 203.1496062992126 94.48818897637796 il
1722.8346456692914 1565.3543307086613 168.50393700787401 94.48818897637796 a
1790.5511811023623 1565.3543307086613 236.2204724409449 94.48818897637796 été
1925.984251968504 1565.3543307086613 303.93700787401576 94.48818897637796 peint
2096.0629921259842 1565.3543307086613 168.50393700787401 94.48818897637796 par

234.64566929133858 1650.3937007874015 688.1889763779527 81.88976377952756 Antoine-François
818.8976377952756 1650.3937007874015 377.9527559055118 81.88976377952756 Callet,
1094.4881889763778 1650.3937007874015 206.29921259842519 81.88976377952756 né
1196.8503937007874 1650.3937007874015 171.6535433070866 81.88976377952756 à
1266.1417322834645 1650.3937007874015 308.66141732283467 81.88976377952756 Paris
1472.4409448818897 1650.3937007874015 206.29921259842519 81.88976377952756 en
1574.8031496062993 1650.3937007874015 308.66141732283467 81.88976377952756 1741,
1781.1023622047244 1650.3937007874015 308.66141732283467 81.88976377952756 grand
1987.4015748031495 1650.3937007874015 275.59055118110234 81.88976377952756 prix
2125.984251968504 1650.3937007874015 137.00787401574803 81.88976377952756 de

233.0708661417323 1716.5354330708662 300.78740157480314 91.33858267716535 Rome
420.4724409448819 1716.5354330708662 225.1968503937008 91.33858267716535 en
533.8582677165355 1716.5354330708662 338.5826771653543 91.33858267716535 1764,
759.0551181102362 1716.5354330708662 374.8031496062992 91.33858267716535 membre
1022.0472440944882 1716.5354330708662 225.1968503937008 91.33858267716535 de
1135.4330708661416 1716.5354330708662 525.9842519685039 91.33858267716535 l’ancienne
1548.0314960629921 1716.5354330708662 450.3937007874016 91.33858267716535 Académie
1886.6141732283465 1716.5354330708662 374.8031496062992 91.33858267716535 royale
2111.8110236220473 1716.5354330708662 149.60629921259843 91.33858267716535 de

231.49606299212599 1782.6771653543308 409.4488188976378 99.21259842519684 peinture
538.5826771653543 1782.6771653543308 204.7244094488189 99.21259842519684 en
640.9448818897638 1782.6771653543308 307.0866141732283 99.21259842519684 1780,
847.2440944881889 1782.6771653543308 272.4409448818898 99.21259842519684 mort
1017.3228346456693 1782.6771653543308 170.07874015748033 99.21259842519684 à
1085.0393700787401 1782.6771653543308 341.73228346456693 99.21259842519684 Paris,
1324.4094488188975 1782.6771653543308 204.7244094488189 99.21259842519684 le
1426.7716535433071 1782.6771653543308 170.07874015748033 99.21259842519684 5
1494.4881889763778 1782.6771653543308 374.8031496062992 99.21259842519684 octobre
1733.8582677165355 1782.6771653543308 239.37007874015748 99.21259842519684 1823.

311.81102362204723 1869.291338582677 478.74015748031496 103.93700787401575 L’Aurore,
678.7401574803149 1869.291338582677 294.48818897637796 103.93700787401575 dans
862.992125984252 1869.291338582677 220.4724409448819 103.93700787401575 un
973.2283464566929 1869.291338582677 294.48818897637796 103.93700787401575 char
1157.4803149606298 1869.291338582677 368.503937007874 103.93700787401575 attelé
1415.748031496063 1869.291338582677 258.26771653543307 103.93700787401575 par
1562.2047244094488 1869.291338582677 258.26771653543307 103.93700787401575 des
1710.236220472441 1869.291338582677 404.7244094488189 103.93700787401575 chevaux
1966.9291338582677 1869.291338582677 294.48818897637796 103.93700787401575 ailés,

237.79527559055117 1954.3307086614172 322.8346456692913 99.21259842519684 paraît
462.99212598425197 1954.3307086614172 387.40157480314963 99.21259842519684 annoncer
752.7559055118111 1954.3307086614172 193.70078740157481 99.21259842519684 le
848.8188976377953 1954.3307086614172 258.26771653543307 99.21259842519684 dieu
1011.0236220472441 1954.3307086614172 193.70078740157481 99.21259842519684 du
1107.0866141732283 1954.3307086614172 354.3307086614173 99.21259842519684 soleil;
1365.3543307086613 1954.3307086614172 225.1968503937008 99.21259842519684 les
1494.4881889763778 1954.3307086614172 289.76377952755905 99.21259842519684 vents
1688.1889763779527 1954.3307086614172 322.8346456692913 99.21259842519684 légers
1913.3858267716535 1954.3307086614172 193.70078740157481 99.21259842519684 la
1977.9527559055118 1954.3307086614172 289.76377952755905 99.21259842519684 suivent

237.79527559055117 2029.9212598425197 195.2755905511811 94.48818897637796 en
335.43307086614175 2029.9212598425197 359.0551181102362 94.48818897637796 versant
596.8503937007874 2029.9212598425197 195.2755905511811 94.48818897637796 la
696.0629921259842 2029.9212598425197 294.48818897637796 94.48818897637796 rosée
891.3385826771654 2029.9212598425197 195.2755905511811 94.48818897637796 du
988.9763779527559 2029.9212598425197 325.98425196850394 94.48818897637796 matin.
1217.3228346456692 2029.9212598425197 195.2755905511811 94.48818897637796 La
1316.5354330708662 2029.9212598425197 261.4173228346457 94.48818897637796 Nuit
1478.740157480315 2029.9212598425197 261.4173228346457 94.48818897637796 fuit
1642.5196850393702 2029.9212598425197 325.98425196850394 94.48818897637796 devant
1870.8661417322835 2029.9212598425197 195.2755905511811 94.48818897637796 le
1937.007874015748 2029.9212598425197 325.98425196850394 94.48818897637796 flambeau

237.79527559055117 2108.6614173228345 200.0 110.23622047244095 du
337.00787401574803 2108.6614173228345 266.1417322834646 110.23622047244095 Jour
503.93700787401576 2108.6614173228345 200.0 110.23622047244095 en
603.1496062992126 2108.6614173228345 398.4251968503937 110.23622047244095 repliant
902.3622047244095 2108.6614173228345 233.0708661417323 110.23622047244095 son
1034.6456692913387 2108.6614173228345 332.2834645669291 110.23622047244095 voile,
1267.716535433071 2108.6614173228345 200.0 110.23622047244095 où
1366.9291338582677 2108.6614173228345 200.0 110.23622047244095 se
1467.716535433071 2108.6614173228345 365.3543307086614 110.23622047244095 cachent
1732.283464566929 2108.6614173228345 233.0708661417323 110.23622047244095 les
1866.1417322834645 2108.6614173228345 365.3543307086614 110.23622047244095 Songes,
2099.212598425197 2108.6614173228345 166.9291338582677 110.23622047244095 ses

236.2204724409449 2188.9763779527557 418.8976377952756 91.33858267716535 enfants;
551.1811023622047 2188.9763779527557 209.4488188976378 91.33858267716535 un
655.1181102362204 2188.9763779527557 384.251968503937 91.33858267716535 d’entre
935.4330708661417 2188.9763779527557 244.09448818897638 91.33858267716535 eux
1074.015748031496 2188.9763779527557 349.6062992125984 91.33858267716535 répand
1319.6850393700788 2188.9763779527557 244.09448818897638 91.33858267716535 ses
1423.6220472440946 2188.9763779527557 314.96062992125985 91.33858267716535 pavots.

310.23622047244095 2251.968503937008 248.8188976377953 107.08661417322834 Les
453.54330708661416 2251.968503937008 355.90551181102364 107.08661417322834 autres
702.3622047244095 2251.968503937008 462.99212598425197 107.08661417322834 tableaux,
1058.267716535433 2251.968503937008 214.17322834645668 107.08661417322834 au
1165.3543307086613 2251.968503937008 355.90551181102364 107.08661417322834 nombre
1414.1732283464567 2251.968503937008 214.17322834645668 107.08661417322834 de
1521.259842519685 2251.968503937008 355.90551181102364 107.08661417322834 douze,
1770.0787401574803 2251.968503937008 248.8188976377953 107.08661417322834 qui
1911.8110236220473 2251.968503937008 285.03937007874015 107.08661417322834 sont
2053.5433070866143 2251.968503937008 214.17322834645668 107.08661417322834 pla-

236.2204724409449 2357.48031496063 245.66929133858267 78.74015748031496 cés
376.37795275590554 2357.48031496063 280.31496062992125 78.74015748031496 dans
551.1811023622047 2357.48031496063 209.4488188976378 78.74015748031496 la
656.6929133858267 2357.48031496063 349.6062992125984 78.74015748031496 partie
900.7874015748032 2357.48031496063 489.76377952755905 78.74015748031496 supérieure
1286.6141732283465 2357.48031496063 209.4488188976378 78.74015748031496 de
1390.5511811023623 2357.48031496063 209.4488188976378 78.74015748031496 la
1496.0629921259842 2357.48031496063 349.6062992125984 78.74015748031496 voûte,
1741.732283464567 2357.48031496063 314.96062992125985 78.74015748031496 avant
1951.1811023622047 2357.48031496063 209.4488188976378 78.74015748031496 et
2020.4724409448818 2357.48031496063 245.66929133858267 78.74015748031496 après

242.51968503937007 2436.220472440945 198.4251968503937 89.76377952755905 le
341.73228346456693 2436.220472440945 365.3543307086614 89.76377952755905 tableau
607.8740157480315 2436.220472440945 198.4251968503937 89.76377952755905 du
707.0866141732283 2436.220472440945 365.3543307086614 89.76377952755905 milieu,
971.6535433070866 2436.220472440945 530.7086614173228 89.76377952755905 représentent
1403.1496062992126 2436.220472440945 231.49606299212599 89.76377952755905 des
1535.4330708661416 2436.220472440945 365.3543307086614 89.76377952755905 figures
1766.9291338582677 2436.220472440945 497.6377952755906 89.76377952755905 allégoriques,

236.2204724409449 2505.511811023622 308.66141732283467 83.46456692913385 ayant
442.5196850393701 2505.511811023622 274.01574803149606 83.46456692913385 pour
614.1732283464567 2505.511811023622 447.244094488189 83.46456692913385 attributs
957.4803149606299 2505.511811023622 240.9448818897638 83.46456692913385 les
1094.4881889763778 2505.511811023622 308.66141732283467 83.46456692913385 douze
1300.7874015748032 2505.511811023622 343.3070866141732 83.46456692913385 signes
1541.732283464567 2505.511811023622 206.29921259842519 83.46456692913385 du
1644.0944881889764 2505.511811023622 447.244094488189 83.46456692913385 Zodiaque.
1988.976377952756 2505.511811023622 240.9448818897638 83.46456692913385 Ces
2091.3385826771655 2505.511811023622 171.6535433070866 83.46456692913385 ta-

236.2204724409449 2581.1023622047246 362.20472440944883 100.78740157480316 bleaux
489.76377952755905 2581.1023622047246 289.76377952755905 100.78740157480316 sont
670.8661417322835 2581.1023622047246 217.3228346456693 100.78740157480316 de
781.1023622047244 2581.1023622047246 398.4251968503937 100.78740157480316 Jacques
1070.8661417322835 2581.1023622047246 470.86614173228344 100.78740157480316 Jordaens,
1433.0708661417323 2581.1023622047246 398.4251968503937 100.78740157480316 peintre
1722.8346456692914 2581.1023622047246 434.6456692913386 100.78740157480316 flamand,
2014.1732283464567 2581.1023622047246 253.54330708661416 100.78740157480316 élève

239.37007874015748 2658.267716535433 218.89763779527559 96.06299212598425 de
348.0314960629921 2658.267716535433 401.5748031496063 96.06299212598425 Rubens,
640.9448818897638 2658.267716535433 218.89763779527559 96.06299212598425 né
751.1811023622047 2658.267716535433 182.6771653543307 96.06299212598425 à
823.6220472440945 2658.267716535433 365.3543307086614 96.06299212598425 Anvers
1078.740157480315 2658.267716535433 218.89763779527559 96.06299212598425 en
1188.976377952756 2658.267716535433 329.13385826771656 96.06299212598425 1593,
1407.8740157480315 2658.267716535433 292.9133858267717 96.06299212598425 mort
1590.5511811023623 2658.267716535433 218.89763779527559 96.06299212598425 en
1664.5669291338584 2658.267716535433 255.11811023622047 96.06299212598425 1678.

319.68503937007875 2722.834645669291 370.0787401574803 122.83464566929133 PREMIER
588.9763779527559 2722.834645669291 370.0787401574803 122.83464566929133 TABLEAU
858.2677165354331 2722.834645669291 201.5748031496063 122.83464566929133 EN
959.0551181102362 2722.834645669291 403.1496062992126 122.83464566929133 ENTRANT:
1261.4173228346456 2722.834645669291 302.3622047244094 122.83464566929133 le
1462.992125984252 2722.834645669291 302.3622047244094 122.83464566929133 signe
1664.5669291338584 2722.834645669291 201.5748031496063 122.83464566929133 de
1765.3543307086613 2722.834645669291 201.5748031496063 122.83464566929133 la
1833.0708661417323 2722.834645669291 437.79527559055117 122.83464566929133 Balance

239.37007874015748 2811.0236220472443 757.4803149606299 116.53543307086615 (Septembre).
894.488188976378 2811.0236220472443 171.6535433070866 116.53543307086615 —
963.7795275590552 2811.0236220472443 240.9448818897638 116.53543307086615 Une
1100.7874015748032 2811.0236220472443 344.88188976377955 116.53543307086615 femme,
1341.732283464567 2811.0236220472443 447.244094488189 116.53543307086615 couronnée
1686.6141732283465 2811.0236220472443 206.29921259842519 116.53543307086615 de
1790.5511811023623 2811.0236220472443 379.5275590551181 116.53543307086615 fruits,
2031.4960629921259 2811.0236220472443 240.9448818897638 116.53543307086615 tient

239.37007874015748 2914.9606299212596 332.2834645669291 91.33858267716535 d’une
459.84251968503935 2914.9606299212596 296.06299212598424 91.33858267716535 main
644.0944881889764 2914.9606299212596 258.26771653543307 91.33858267716535 une
792.1259842519685 2914.9606299212596 332.2834645669291 91.33858267716535 corne
1014.1732283464567 2914.9606299212596 554.3307086614174 91.33858267716535 d’abondance
1456.6929133858268 2914.9606299212596 406.2992125984252 91.33858267716535 remplie
1752.755905511811 2914.9606299212596 222.04724409448818 91.33858267716535 de
1862.992125984252 2914.9606299212596 406.2992125984252 91.33858267716535 raisins
2121.259842519685 2914.9606299212596 148.03149606299212 91.33858267716535 et

240.9448818897638 2985.8267716535433 385.8267716535433 88.18897637795276 indique
521.2598425196851 2985.8267716535433 209.4488188976378 88.18897637795276 le
625.1968503937007 2985.8267716535433 280.31496062992125 88.18897637795276 mois
800.0 2985.8267716535433 245.66929133858267 88.18897637795276 des
940.1574803149606 2985.8267716535433 489.76377952755905 88.18897637795276 vendanges;
1325.984251968504 2985.8267716535433 209.4488188976378 88.18897637795276 de
1431.4960629921259 2985.8267716535433 420.4724409448819 88.18897637795276 l’autre,
1746.4566929133857 2985.8267716535433 280.31496062992125 88.18897637795276 elle
1921.259842519685 2985.8267716535433 314.96062992125985 88.18897637795276 tient
2096.0629921259842 2985.8267716535433 174.8031496062992 88.18897637795276 une

242.51968503937007 3059.8425196850394 434.6456692913386 85.03937007874016 balance,
568.503937007874 3059.8425196850394 253.54330708661416 85.03937007874016 qui
713.3858267716536 3059.8425196850394 398.4251968503937 85.03937007874016 désigne
1001.5748031496063 3059.8425196850394 289.76377952755905 85.03937007874016 qu’à
1182.6771653543308 3059.8425196850394 325.98425196850394 85.03937007874016 cette
1400.0 3059.8425196850394 362.20472440944883 85.03937007874016 époque
1653.5433070866143 3059.8425196850394 505.51181102362204 85.03937007874016 l’équinoxe
2014.1732283464567 3059.8425196850394 253.54330708661416 85.03937007874016 d’au-

247.24409448818898 3135.433070866142 314.96062992125985 91.33858267716535 tomne
456.6929133858268 3135.433070866142 349.6062992125984 91.33858267716535 ramène
702.3622047244095 3135.433070866142 455.11811023622045 91.33858267716535 l’égalité
1051.9685039370079 3135.433070866142 245.66929133858267 91.33858267716535 des
1192.1259842519685 3135.433070866142 314.96062992125985 91.33858267716535 jours
1401.5748031496064 3135.433070866142 209.4488188976378 91.33858267716535 et
1507.0866141732283 3135.433070866142 245.66929133858267 91.33858267716535 des
1611.023622047244 3135.433070866142 280.31496062992125 91.33858267716535 nuits.

319.68503937007875 3201.5748031496064 417.3228346456693 119.68503937007874 DEUXIEME
633.0708661417323 3201.5748031496064 417.3228346456693 119.68503937007874 TABLEAU:
946.4566929133858 3201.5748031496064 313.38582677165357 119.68503937007874 le
1155.9055118110236 3201.5748031496064 417.3228346456693 119.68503937007874 Scorpion
1467.716535433071 3201.5748031496064 557.4803149606299 119.68503937007874 (Octobre)).
1921.259842519685 3201.5748031496064 174.8031496062992 119.68503937007874 —
1955.9055118110236 3201.5748031496064 313.38582677165357 119.68503937007874 Baccha-

242.51968503937007 3307.0866141732286 296.06299212598424 105.51181102362204 nale
426.7716535433071 3307.0866141732286 222.04724409448818 105.51181102362204 ou
537.007874015748 3307.0866141732286 296.06299212598424 105.51181102362204 fête
722.8346456692914 3307.0866141732286 222.04724409448818 105.51181102362204 de
833.0708661417323 3307.0866141732286 444.09448818897636 105.51181102362204 Bacchus.
1165.3543307086613 3307.0866141732286 222.04724409448818 105.51181102362204 Un
1277.1653543307086 3307.0866141732286 332.2834645669291 105.51181102362204 jeune
1497.6377952755906 3307.0866141732286 370.0787401574803 105.51181102362204 satyre
1757.4803149606298 3307.0866141732286 332.2834645669291 105.51181102362204 porte
1977.9527559055118 3307.0866141732286 258.26771653543307 105.51181102362204 sur
2089.763779527559 3307.0866141732286 184.251968503937 105.51181102362204 ses

245.66929133858267 3385.8267716535433 390.5511811023622 94.48818897637796 épaules
530.7086614173228 3385.8267716535433 214.17322834645668 94.48818897637796 le
637.7952755905512 3385.8267716535433 319.68503937007875 94.48818897637796 vieux
850.3937007874016 3385.8267716535433 355.90551181102364 94.48818897637796 Silène
1100.7874015748032 3385.8267716535433 285.03937007874015 94.48818897637796 pris
1278.740157480315 3385.8267716535433 214.17322834645668 94.48818897637796 de
1384.251968503937 3385.8267716535433 248.8188976377953 94.48818897637796 vin
1527.5590551181103 3385.8267716535433 214.17322834645668 94.48818897637796 et
1633.0708661417323 3385.8267716535433 355.90551181102364 94.48818897637796 tenant
1883.4645669291338 3385.8267716535433 248.8188976377953 94.48818897637796 une
1988.976377952756 3385.8267716535433 285.03937007874015 94.48818897637796 grappe

242.51968503937007 3467.716535433071 217.3228346456693 86.61417322834646 de
351.18110236220474 3467.716535433071 398.4251968503937 86.61417322834646 raisin;
640.9448818897638 3467.716535433071 253.54330708661416 86.61417322834646 ils
787.4015748031496 3467.716535433071 289.76377952755905 86.61417322834646 sont
968.503937007874 3467.716535433071 289.76377952755905 86.61417322834646 tous
1149.6062992125985 3467.716535433071 289.76377952755905 86.61417322834646 deux
1330.708661417323 3467.716535433071 470.86614173228344 86.61417322834646 couronnés
1692.9133858267717 3467.716535433071 217.3228346456693 86.61417322834646 de
1803.1496062992126 3467.716535433071 434.6456692913386 86.61417322834646 pampres.
2092.9133858267714 3467.716535433071 181.10236220472441 86.61417322834646 Une

242.51968503937007 3535.433070866142 488.18897637795277 83.46456692913385 bacchante
618.8976377952756 3535.433070866142 262.99212598425197 83.46456692913385 les
768.503937007874 3535.433070866142 300.78740157480314 83.46456692913385 suit
955.9055118110236 3535.433070866142 225.1968503937008 83.46456692913385 en
1069.291338582677 3535.433070866142 374.8031496062992 83.46456692913385 jouant
1332.283464566929 3535.433070866142 225.1968503937008 83.46456692913385 du
1444.0944881889764 3535.433070866142 412.59842519685037 83.46456692913385 tambour
1744.8818897637796 3535.433070866142 225.1968503937008 83.46456692913385 de
1858.267716535433 3535.433070866142 412.59842519685037 83.46456692913385 basque.
2121.259842519685 3535.433070866142 149.60629921259843 83.46456692913385 La

245.66929133858267 3609.448818897638 535.4330708661417 85.03937007874016 bacchanale
666.1417322834645 3609.448818897638 420.4724409448819 85.03937007874016 désigne
973.2283464566929 3609.448818897638 267.7165354330709 85.03937007874016 que
1125.984251968504 3609.448818897638 305.51181102362204 85.03937007874016 dans
1316.5354330708662 3609.448818897638 229.92125984251967 85.03937007874016 ce
1431.4960629921259 3609.448818897638 305.51181102362204 85.03937007874016 mois
1623.6220472440946 3609.448818897638 267.7165354330709 85.03937007874016 les
1776.3779527559054 3609.448818897638 497.6377952755906 85.03937007874016 vignerons
2121.259842519685 3609.448818897638 152.75590551181102 85.03937007874016 se

255.11811023622047 3691.3385826771655 505.51181102362204 89.76377952755905 réjouissent
658.2677165354331 3691.3385826771655 201.5748031496063 89.76377952755905 et
759.0551181102362 3691.3385826771655 201.5748031496063 89.76377952755905 se
861.4173228346457 3691.3385826771655 437.79527559055117 89.76377952755905 délassent
1198.4251968503936 3691.3385826771655 201.5748031496063 89.76377952755905 de
1299.2125984251968 3691.3385826771655 303.93700787401576 89.76377952755905 leurs
1500.7874015748032 3691.3385826771655 370.0787401574803 89.76377952755905 travaux
1770.0787401574803 3691.3385826771655 201.5748031496063 89.76377952755905 en
1870.8661417322835 3691.3385826771655 370.0787401574803 89.76377952755905 goûtant
2107.0866141732286 3691.3385826771655 168.50393700787401 89.76377952755905 les

253.54330708661416 3771.6535433070867 412.59842519685037 77.16535433070867 nouveaux
562.2047244094488 3771.6535433070867 343.3070866141732 77.16535433070867 fruits
803.1496062992126 3771.6535433070867 206.29921259842519 77.16535433070867 de
905.511811023622 3771.6535433070867 206.29921259842519 77.16535433070867 la
1009.4488188976378 3771.6535433070867 445.6692913385827 77.16535433070867 vendange.
1352.755905511811 3771.6535433070867 206.29921259842519 77.16535433070867 Le
1455.1181102362204 3771.6535433070867 445.6692913385827 77.16535433070867 scorpion,
1798.4251968503936 3771.6535433070867 240.9448818897638 77.16535433070867 que
1935.4330708661416 3771.6535433070867 274.01574803149606 77.16535433070867 l’on
2072.4409448818897 3771.6535433070867 206.29921259842519 77.16535433070867 voit

251.96850393700788 3836.220472440945 274.01574803149606 103.93700787401575 dans
423.62204724409446 3836.220472440945 206.29921259842519 103.93700787401575 la
525.9842519685039 3836.220472440945 411.0236220472441 103.93700787401575 bordure,
834.6456692913385 3836.220472440945 274.01574803149606 103.93700787401575 fait
1006.2992125984252 3836.220472440945 411.0236220472441 103.93700787401575 allusion
1314.9606299212599 3836.220472440945 171.6535433070866 103.93700787401575 à
1384.251968503937 3836.220472440945 206.29921259842519 103.93700787401575 la
1486.6141732283465 3836.220472440945 445.6692913385827 103.93700787401575 malignité
1829.9212598425197 3836.220472440945 239.37007874015748 103.93700787401575 des
1932.283464566929 3836.220472440945 343.3070866141732 103.93700787401575 maladies

250.39370078740157 3919.685039370079 390.5511811023622 77.16535433070867 causées
535.4330708661417 3919.685039370079 248.8188976377953 77.16535433070867 par
677.1653543307086 3919.685039370079 248.8188976377953 77.16535433070867 les
820.4724409448819 3919.685039370079 319.68503937007875 77.16535433070867 vents
1033.0708661417323 3919.685039370079 426.7716535433071 77.16535433070867 humides,
1352.755905511811 3919.685039370079 390.5511811023622 77.16535433070867 chargés
1637.7952755905512 3919.685039370079 212.5984251968504 77.16535433070867 de
1743.3070866141732 3919.685039370079 390.5511811023622 77.16535433070867 vapeurs
1992.1259842519685 3919.685039370079 285.03937007874015 77.16535433070867 dange-

256.6929133858268 3992.1259842519685 355.90551181102364 100.78740157480316 reuses,
516.5354330708661 3992.1259842519685 226.77165354330708 100.78740157480316 qui
645.6692913385826 3992.1259842519685 193.70078740157481 100.78740157480316 se
743.3070866141733 3992.1259842519685 259.84251968503935 100.78740157480316 font
905.511811023622 3992.1259842519685 324.40944881889766 100.78740157480316 sentir
1099.2125984251968 3992.1259842519685 259.84251968503935 100.78740157480316 alors.
