2807.8740157480315 4949.606299212598
422.0472440944882 590.5511811023622 228.3464566929134 133.85826771653544 XVI

1231.4960629921259 595.2755905511812 566.9291338582677 127.55905511811024 DÉCORATION.

554.3307086614174 748.0314960629921 445.6692913385827 100.78740157480316 TROISIÈME
897.6377952755905 748.0314960629921 411.0236220472441 100.78740157480316 TABLEAU:
1206.2992125984251 748.0314960629921 308.66141732283467 100.78740157480316 le
1412.5984251968505 748.0314960629921 480.31496062992125 100.78740157480316 Sagittaire
1790.5511811023623 748.0314960629921 651.9685039370079 100.78740157480316 (Novembre).
2338.582677165354 748.0314960629921 171.6535433070866 100.78740157480316 —
2373.228346456693 748.0314960629921 137.00787401574803 100.78740157480316 Le

474.01574803149606 834.6456692913385 461.4173228346457 92.91338582677166 centaure
818.8976377952756 834.6456692913385 384.251968503937 92.91338582677166 Nessus
1088.1889763779527 834.6456692913385 384.251968503937 92.91338582677166 enlève
1357.4803149606298 834.6456692913385 499.21259842519686 92.91338582677166 Déjanire,
1741.732283464567 834.6456692913385 346.45669291338584 92.91338582677166 femme
1971.6535433070867 834.6456692913385 538.5826771653543 92.91338582677166 d’Hercule,
2355.9055118110236 834.6456692913385 154.33070866141733 92.91338582677166 et

480.31496062992125 899.2125984251968 433.07086614173227 125.98425196850394 traverse
804.7244094488188 899.2125984251968 217.3228346456693 125.98425196850394 le
913.3858267716536 899.2125984251968 360.62992125984255 125.98425196850394 fleuve
1166.9291338582677 899.2125984251968 360.62992125984255 125.98425196850394 Évène.
1418.8976377952756 899.2125984251968 217.3228346456693 125.98425196850394 Le
1527.5590551181103 899.2125984251968 469.29133858267716 125.98425196850394 centaure,
1888.1889763779527 899.2125984251968 288.18897637795277 125.98425196850394 armé
2069.2913385826773 899.2125984251968 217.3228346456693 125.98425196850394 de
2141.732283464567 899.2125984251968 360.62992125984255 125.98425196850394 flèches,

478.74015748031496 977.9527559055118 390.5511811023622 103.93700787401575 indique
762.2047244094488 977.9527559055118 248.8188976377953 103.93700787401575 que
903.9370078740158 977.9527559055118 212.5984251968504 103.93700787401575 ce
1009.4488188976378 977.9527559055118 319.68503937007875 103.93700787401575 mois,
1222.0472440944882 977.9527559055118 212.5984251968504 103.93700787401575 où
1329.1338582677165 977.9527559055118 212.5984251968504 103.93700787401575 la
1434.6456692913387 977.9527559055118 319.68503937007875 103.93700787401575 terre
1647.244094488189 977.9527559055118 248.8188976377953 103.93700787401575 est
1788.976377952756 977.9527559055118 425.1968503937008 103.93700787401575 couverte
2108.6614173228345 977.9527559055118 212.5984251968504 103.93700787401575 de
2179.527559055118 977.9527559055118 319.68503937007875 103.93700787401575 frimas,

481.8897637795276 1037.7952755905512 237.79527559055117 141.73228346456693 est
618.8976377952756 1037.7952755905512 442.5196850393701 141.73228346456693 favorable
959.0551181102362 1037.7952755905512 170.07874015748033 141.73228346456693 à
1026.7716535433071 1037.7952755905512 204.7244094488189 141.73228346456693 la
1094.4881889763778 1037.7952755905512 307.0866141732283 141.73228346456693 chasse.

555.9055118110236 1144.8818897637796 459.84251968503935 97.63779527559055 QUATRIÈME
908.6614173228346 1144.8818897637796 425.1968503937008 97.63779527559055 TABLEAU:
1228.3464566929133 1144.8818897637796 318.1102362204724 97.63779527559055 le
1440.9448818897638 1144.8818897637796 496.06299212598424 97.63779527559055 Capricorne
1829.9212598425197 1144.8818897637796 601.5748031496063 97.63779527559055 (Décembre<>).
2325.984251968504 1144.8818897637796 176.3779527559055 97.63779527559055 —
2360.6299212598424 1144.8818897637796 141.73228346456693 97.63779527559055 La

485.03937007874015 1234.6456692913387 366.92913385826773 81.88976377952756 nymphe
741.7322834645669 1234.6456692913387 440.9448818897638 81.88976377952756 Adrastéa
1070.8661417322835 1234.6456692913387 330.70866141732284 81.88976377952756 trait
1291.3385826771653 1234.6456692913387 220.4724409448819 81.88976377952756 la
1401.5748031496064 1234.6456692913387 366.92913385826773 81.88976377952756 chèvre
1658.267716535433 1234.6456692913387 403.1496062992126 81.88976377952756 Amaltée
1952.755905511811 1234.6456692913387 292.9133858267717 81.88976377952756 pour
2135.433070866142 1234.6456692913387 366.92913385826773 81.88976377952756 donner
2355.9055118110236 1234.6456692913387 146.45669291338584 81.88976377952756 du

483.46456692913387 1302.3622047244094 269.29133858267716 96.06299212598425 lait
651.9685039370079 1302.3622047244094 168.50393700787401 96.06299212598425 a
718.1102362204724 1302.3622047244094 370.0787401574803 96.06299212598425 Jupiter
988.9763779527559 1302.3622047244094 370.0787401574803 96.06299212598425 enfant.
1258.267716535433 1302.3622047244094 201.5748031496063 96.06299212598425 On
1359.0551181102362 1302.3622047244094 201.5748031496063 96.06299212598425 le
1459.8425196850394 1302.3622047244094 269.29133858267716 96.06299212598425 voit
1628.3464566929133 1302.3622047244094 269.29133858267716 96.06299212598425 près
1796.8503937007874 1302.3622047244094 370.0787401574803 96.06299212598425 d’elle;
2067.716535433071 1302.3622047244094 201.5748031496063 96.06299212598425 il
2168.503937007874 1302.3622047244094 303.93700787401576 96.06299212598425 tient
2337.0078740157483 1302.3622047244094 168.50393700787401 96.06299212598425 une

483.46456692913387 1390.5511811023623 343.3070866141732 96.06299212598425 coupe.
724.4094488188977 1390.5511811023623 206.29921259842519 96.06299212598425 La
826.7716535433071 1390.5511811023623 343.3070866141732 96.06299212598425 chèvre
1066.1417322834645 1390.5511811023623 343.3070866141732 96.06299212598425 semble
1307.0866141732283 1390.5511811023623 308.66141732283467 96.06299212598425 faire
1513.3858267716535 1390.5511811023623 411.0236220472441 96.06299212598425 allusion
1820.4724409448818 1390.5511811023623 206.29921259842519 96.06299212598425 au
1924.4094488188975 1390.5511811023623 377.9527559055118 96.06299212598425 soleil,
2198.4251968503936 1390.5511811023623 239.37007874015748 96.06299212598425 qui
2300.787401574803 1390.5511811023623 206.29921259842519 96.06299212598425 dans

480.31496062992125 1458.267716535433 214.17322834645668 99.21259842519684 ce
587.4015748031496 1458.267716535433 285.03937007874015 99.21259842519684 mois
765.3543307086615 1458.267716535433 355.90551181102364 99.21259842519684 paraît
1015.7480314960629 1458.267716535433 426.7716535433071 99.21259842519684 toujours
1335.4330708661416 1458.267716535433 392.12598425196853 99.21259842519684 monter,
1620.4724409448818 1458.267716535433 319.68503937007875 99.21259842519684 ainsi
1833.0708661417323 1458.267716535433 248.8188976377953 99.21259842519684 que
1976.3779527559054 1458.267716535433 214.17322834645668 99.21259842519684 la
2083.464566929134 1458.267716535433 355.90551181102364 99.21259842519684 chèvre
2296.0629921259842 1458.267716535433 214.17322834645668 99.21259842519684 sau-

485.03937007874015 1544.8818897637796 270.86614173228344 103.93700787401575 vage
653.5433070866142 1544.8818897637796 237.79527559055117 103.93700787401575 qui
788.9763779527559 1544.8818897637796 203.1496062992126 103.93700787401575 se
891.3385826771654 1544.8818897637796 305.51181102362204 103.93700787401575 plait
1094.4881889763778 1544.8818897637796 170.07874015748033 103.93700787401575 à
1162.2047244094488 1544.8818897637796 338.5826771653543 103.93700787401575 gravir
1398.4251968503936 1544.8818897637796 237.79527559055117 103.93700787401575 les
1533.8582677165355 1544.8818897637796 373.2283464566929 103.93700787401575 rochers
1771.6535433070867 1544.8818897637796 373.2283464566929 103.93700787401575 escarpés.

562.2047244094488 1633.0708661417323 428.34645669291336 96.06299212598425 CINQUIÈME
892.9133858267717 1633.0708661417323 395.2755905511811 96.06299212598425 TABLEAU:
1188.976377952756 1633.0708661417323 297.6377952755906 96.06299212598425 le
1387.4015748031495 1633.0708661417323 362.20472440944883 96.06299212598425 Verseau
1650.3937007874015 1633.0708661417323 593.7007874015748 96.06299212598425 (Janvier).
2146.4566929133857 1633.0708661417323 165.35433070866142 96.06299212598425 —
2211.0236220472443 1633.0708661417323 198.4251968503937 96.06299212598425 Un
2277.165354330709 1633.0708661417323 231.49606299212599 96.06299212598425 jeune

486.61417322834643 1703.9370078740158 354.3307086614173 91.33858267716535 homme,
733.8582677165355 1703.9370078740158 212.5984251968504 91.33858267716535 du
840.9448818897638 1703.9370078740158 354.3307086614173 91.33858267716535 milieu
1088.1889763779527 1703.9370078740158 248.8188976377953 91.33858267716535 des
1229.9212598425197 1703.9370078740158 390.5511811023622 91.33858267716535 nuages,
1513.3858267716535 1703.9370078740158 319.68503937007875 91.33858267716535 verse
1725.984251968504 1703.9370078740158 248.8188976377953 91.33858267716535 sur
1867.716535433071 1703.9370078740158 212.5984251968504 91.33858267716535 la
1974.8031496062993 1703.9370078740158 319.68503937007875 91.33858267716535 terre
2187.4015748031497 1703.9370078740158 248.8188976377953 91.33858267716535 des
2292.9133858267714 1703.9370078740158 212.5984251968504 91.33858267716535 tor-

483.46456692913387 1782.6771653543308 305.51181102362204 85.03937007874016 rents
688.1889763779527 1782.6771653543308 340.15748031496065 85.03937007874016 d’eau;
925.9842519685039 1782.6771653543308 204.7244094488189 85.03937007874016 il
1028.3464566929133 1782.6771653543308 374.8031496062992 85.03937007874016 désigne
1300.7874015748032 1782.6771653543308 204.7244094488189 85.03937007874016 la
1403.1496062992126 1782.6771653543308 340.15748031496065 85.03937007874016 saison
1640.9448818897638 1782.6771653543308 237.79527559055117 85.03937007874016 des
1743.3070866141732 1782.6771653543308 305.51181102362204 85.03937007874016 pluies.

559.0551181102362 1862.992125984252 396.8503937007874 92.91338582677166 SIXIÈME
848.8188976377953 1862.992125984252 433.07086614173227 92.91338582677166 TABLEAU:
1173.2283464566929 1862.992125984252 360.62992125984255 92.91338582677166 les
1426.7716535433071 1862.992125984252 433.07086614173227 92.91338582677166 Poissons
1751.1811023622047 1862.992125984252 577.9527559055118 92.91338582677166 (Février).
2220.472440944882 1862.992125984252 181.10236220472441 92.91338582677166 —
2256.6929133858266 1862.992125984252 253.54330708661416 92.91338582677166 Vénus

480.31496062992125 1954.3307086614172 524.4094488188977 88.18897637795276 Anadyomène
892.9133858267717 1954.3307086614172 225.1968503937008 88.18897637795276 et
1006.2992125984252 1954.3307086614172 412.59842519685037 88.18897637795276 l’Amour
1305.5118110236222 1954.3307086614172 299.21259842519686 88.18897637795276 armé
1492.9133858267717 1954.3307086614172 225.1968503937008 88.18897637795276 de
1606.2992125984251 1954.3307086614172 262.99212598425197 88.18897637795276 son
1755.9055118110236 1954.3307086614172 299.21259842519686 88.18897637795276 arc,
1943.3070866141732 1954.3307086614172 374.8031496062992 88.18897637795276 portés
2206.299212598425 1954.3307086614172 262.99212598425197 88.18897637795276 par
2318.1102362204724 1954.3307086614172 187.4015748031496 88.18897637795276 des

486.61417322834643 2031.4960629921259 451.9685039370079 96.06299212598425 dauphins,
834.6456692913385 2031.4960629921259 209.4488188976378 96.06299212598425 se
938.5826771653543 2031.4960629921259 451.9685039370079 96.06299212598425 promènent
1286.6141732283465 2031.4960629921259 244.09448818897638 96.06299212598425 sur
1426.7716535433071 2031.4960629921259 244.09448818897638 96.06299212598425 les
1565.3543307086613 2031.4960629921259 278.74015748031496 96.06299212598425 eaux
1740.1574803149606 2031.4960629921259 244.09448818897638 96.06299212598425 que
1878.740157480315 2031.4960629921259 244.09448818897638 96.06299212598425 les
2018.8976377952756 2031.4960629921259 313.38582677165357 96.06299212598425 vents
2192.1259842519685 2031.4960629921259 313.38582677165357 96.06299212598425 agitent

486.61417322834643 2103.9370078740158 269.29133858267716 89.76377952755905 avec
653.5433070866142 2103.9370078740158 437.79527559055117 89.76377952755905 violence.
990.5511811023622 2103.9370078740158 302.3622047244094 89.76377952755905 Vénus
1192.1259842519685 2103.9370078740158 201.5748031496063 89.76377952755905 et
1294.4881889763778 2103.9370078740158 236.2204724409449 89.76377952755905 son
1428.3464566929133 2103.9370078740158 269.29133858267716 89.76377952755905 fils
1596.8503937007874 2103.9370078740158 269.29133858267716 89.76377952755905 sont
1765.3543307086613 2103.9370078740158 370.0787401574803 89.76377952755905 occupés
2034.6456692913387 2103.9370078740158 168.50393700787401 89.76377952755905 à
2102.3622047244094 2103.9370078740158 370.0787401574803 89.76377952755905 retenir
2337.0078740157483 2103.9370078740158 168.50393700787401 89.76377952755905 les

480.31496062992125 2181.1023622047246 355.90551181102364 83.46456692913385 légère
729.1338582677165 2181.1023622047246 461.4173228346457 83.46456692913385 draperies
1085.0393700787401 2181.1023622047246 248.8188976377953 83.46456692913385 qui
1226.7716535433071 2181.1023622047246 248.8188976377953 83.46456692913385 les
1368.5039370078741 2181.1023622047246 461.4173228346457 83.46456692913385 couvrent.
1724.4094488188975 2181.1023622047246 532.2834645669292 83.46456692913385 L’agitation
2149.6062992125985 2181.1023622047246 212.5984251968504 83.46456692913385 de
2256.6929133858266 2181.1023622047246 212.5984251968504 83.46456692913385 la
2327.5590551181103 2181.1023622047246 177.95275590551182 83.46456692913385 mer

480.31496062992125 2253.5433070866143 206.29921259842519 121.25984251968504 et
584.2519685039371 2253.5433070866143 239.37007874015748 121.25984251968504 les
721.2598425196851 2253.5433070866143 411.0236220472441 121.25984251968504 poissons
1029.9212598425197 2253.5433070866143 445.6692913385827 121.25984251968504 indiquent
1371.6535433070867 2253.5433070866143 239.37007874015748 121.25984251968504 que
1508.6614173228347 2253.5433070866143 206.29921259842519 121.25984251968504 ce
1612.5984251968505 2253.5433070866143 274.01574803149606 121.25984251968504 mois
1784.251968503937 2253.5433070866143 239.37007874015748 121.25984251968504 est
1921.259842519685 2253.5433070866143 308.66141732283467 121.25984251968504 celui
2125.984251968504 2253.5433070866143 239.37007874015748 121.25984251968504 des
2229.9212598425197 2253.5433070866143 274.01574803149606 121.25984251968504 grands

481.8897637795276 2327.5590551181103 314.96062992125985 103.93700787401575 vents
691.3385826771654 2327.5590551181103 209.4488188976378 103.93700787401575 et
796.8503937007874 2327.5590551181103 209.4488188976378 103.93700787401575 de
900.7874015748032 2327.5590551181103 209.4488188976378 103.93700787401575 la
970.0787401574803 2327.5590551181103 280.31496062992125 103.93700787401575 pêche.

560.6299212598425 2415.748031496063 417.3228346456693 91.33858267716535 SEPTIÈME
872.4409448818898 2415.748031496063 417.3228346456693 91.33858267716535 TABLEAU:
1185.8267716535433 2415.748031496063 311.81102362204723 91.33858267716535 le
1393.7007874015749 2415.748031496063 348.0314960629921 91.33858267716535 Bélier
1637.7952755905512 2415.748031496063 486.61417322834643 91.33858267716535 (Mars)
2018.8976377952756 2415.748031496063 173.22834645669292 91.33858267716535 —
2088.1889763779527 2415.748031496063 277.1653543307087 91.33858267716535 mois
2262.9921259842517 2415.748031496063 207.8740157480315 91.33858267716535 où
2332.283464566929 2415.748031496063 173.22834645669292 91.33858267716535 les

483.46456692913387 2503.9370078740158 354.3307086614173 94.48818897637796 arbres
730.7086614173228 2503.9370078740158 212.5984251968504 94.48818897637796 et
836.2204724409448 2503.9370078740158 247.24409448818898 94.48818897637796 les
977.9527559055118 2503.9370078740158 388.9763779527559 94.48818897637796 plantes
1261.4173228346456 2503.9370078740158 601.5748031496063 94.48818897637796 bourgeonnent.
1757.4803149606298 2503.9370078740158 176.3779527559055 94.48818897637796 —
1828.3464566929133 2503.9370078740158 318.1102362204724 94.48818897637796 Mars,
2040.9448818897638 2503.9370078740158 283.46456692913387 94.48818897637796 armé
2217.3228346456694 2503.9370078740158 212.5984251968504 94.48818897637796 de
2288.1889763779527 2503.9370078740158 212.5984251968504 94.48818897637796 pied

483.46456692913387 2585.8267716535433 217.3228346456693 83.46456692913385 en
592.1259842519685 2585.8267716535433 289.76377952755905 83.46456692913385 cap,
773.2283464566929 2585.8267716535433 360.62992125984255 83.46456692913385 tenant
1025.1968503937007 2585.8267716535433 325.98425196850394 83.46456692913385 d’une
1242.5196850393702 2585.8267716535433 289.76377952755905 83.46456692913385 main
1423.6220472440946 2585.8267716535433 253.54330708661416 83.46456692913385 son
1566.9291338582677 2585.8267716535433 325.98425196850394 83.46456692913385 épée,
1784.251968503937 2585.8267716535433 217.3228346456693 83.46456692913385 de
1892.9133858267717 2585.8267716535433 396.8503937007874 83.46456692913385 l’autre
2146.4566929133857 2585.8267716535433 360.62992125984255 83.46456692913385 secouant

483.46456692913387 2655.1181102362207 209.4488188976378 92.91338582677166 le
587.4015748031496 2655.1181102362207 417.3228346456693 92.91338582677166 flambeau
900.7874015748032 2655.1181102362207 209.4488188976378 92.91338582677166 de
1004.7244094488188 2655.1181102362207 209.4488188976378 92.91338582677166 la
1108.6614173228347 2655.1181102362207 382.6771653543307 92.91338582677166 guerre,
1387.4015748031495 2655.1181102362207 382.6771653543307 92.91338582677166 descend
1666.1417322834645 2655.1181102362207 209.4488188976378 92.91338582677166 du
1770.0787401574803 2655.1181102362207 278.74015748031496 92.91338582677166 haut
1944.8818897637796 2655.1181102362207 244.09448818897638 92.91338582677166 des
2083.464566929134 2655.1181102362207 417.3228346456693 92.91338582677166 rochers;
2362.2047244094488 2655.1181102362207 138.58267716535434 92.91338582677166 un

481.8897637795276 2730.7086614173227 337.00787401574803 88.18897637795276 berger
716.5354330708661 2730.7086614173227 234.64566929133858 88.18897637795276 est
851.9685039370079 2730.7086614173227 269.29133858267716 88.18897637795276 près
1018.8976377952756 2730.7086614173227 201.5748031496063 88.18897637795276 de
1119.6850393700788 2730.7086614173227 234.64566929133858 88.18897637795276 lui
1255.1181102362204 2730.7086614173227 234.64566929133858 88.18897637795276 qui
1388.976377952756 2730.7086614173227 269.29133858267716 88.18897637795276 joue
1557.4803149606298 2730.7086614173227 201.5748031496063 88.18897637795276 de
1658.267716535433 2730.7086614173227 201.5748031496063 88.18897637795276 la
1759.0551181102362 2730.7086614173227 403.1496062992126 88.18897637795276 cithare;
2061.417322834646 2730.7086614173227 201.5748031496063 88.18897637795276 un
2162.2047244094488 2730.7086614173227 337.00787401574803 88.18897637795276 bélier
2365.3543307086616 2730.7086614173227 133.85826771653544 88.18897637795276 le

481.8897637795276 2811.0236220472443 313.38582677165357 85.03937007874016 suit.
691.3385826771654 2811.0236220472443 278.74015748031496 85.03937007874016 Mars
864.5669291338583 2811.0236220472443 382.6771653543307 85.03937007874016 indique
1143.3070866141732 2811.0236220472443 244.09448818897638 85.03937007874016 que
1281.8897637795276 2811.0236220472443 209.4488188976378 85.03937007874016 ce
1387.4015748031495 2811.0236220472443 278.74015748031496 85.03937007874016 mois
1560.6299212598426 2811.0236220472443 244.09448818897638 85.03937007874016 est
1700.7874015748032 2811.0236220472443 313.38582677165357 85.03937007874016 celui
1908.6614173228347 2811.0236220472443 209.4488188976378 85.03937007874016 où
2014.1732283464567 2811.0236220472443 244.09448818897638 85.03937007874016 les
2152.755905511811 2811.0236220472443 348.0314960629921 85.03937007874016 armées
2362.2047244094488 2811.0236220472443 138.58267716535434 85.03937007874016 se

486.61417322834643 2896.0629921259842 376.37795275590554 83.46456692913385 mettent
760.6299212598425 2896.0629921259842 204.7244094488189 83.46456692913385 en
862.992125984252 2896.0629921259842 444.09448818897636 83.46456692913385 campagne;
1204.724409448819 2896.0629921259842 204.7244094488189 83.46456692913385 le
1307.0866141732283 2896.0629921259842 341.73228346456693 83.46456692913385 berger
1546.4566929133857 2896.0629921259842 204.7244094488189 83.46456692913385 et
1648.8188976377953 2896.0629921259842 204.7244094488189 83.46456692913385 le
1751.1811023622047 2896.0629921259842 376.37795275590554 83.46456692913385 bélier,
2023.6220472440946 2896.0629921259842 239.37007874015748 83.46456692913385 que
2160.6299212598424 2896.0629921259842 204.7244094488189 83.46456692913385 le
2228.3464566929133 2896.0629921259842 274.01574803149606 83.46456692913385 retour

480.31496062992125 2952.755905511811 203.1496062992126 96.06299212598425 du
582.6771653543307 2952.755905511811 440.9448818897638 96.06299212598425 printemps
922.8346456692914 2952.755905511811 270.86614173228344 96.06299212598425 fait
1091.3385826771653 2952.755905511811 338.5826771653543 96.06299212598425 sortir
1329.1338582677165 2952.755905511811 237.79527559055117 96.06299212598425 les
1464.5669291338584 2952.755905511811 440.9448818897638 96.06299212598425 troupeaux
1804.724409448819 2952.755905511811 237.79527559055117 96.06299212598425 des
1905.5118110236222 2952.755905511811 407.87401574803147 96.06299212598425 bergeries.

562.2047244094488 3033.0708661417325 388.9763779527559 111.81102362204724 HUITIEME
853.5433070866142 3033.0708661417325 388.9763779527559 111.81102362204724 TABLEAU:
1144.8818897637796 3033.0708661417325 291.33858267716533 111.81102362204724 le
1338.5826771653544 3033.0708661417325 355.90551181102364 111.81102362204724 Taureau
1598.4251968503936 3033.0708661417325 518.1102362204724 111.81102362204724 (Avril)
2018.8976377952756 3033.0708661417325 162.20472440944883 111.81102362204724 —
2083.464566929134 3033.0708661417325 355.90551181102364 111.81102362204724 Jupiter
2310.236220472441 3033.0708661417325 193.70078740157481 111.81102362204724 sous

486.61417322834643 3132.283464566929 204.7244094488189 85.03937007874016 la
588.9763779527559 3132.283464566929 307.0866141732283 85.03937007874016 forme
795.2755905511812 3132.283464566929 274.01574803149606 85.03937007874016 d’un
965.3543307086615 3132.283464566929 409.4488188976378 85.03937007874016 taureau,
1274.015748031496 3132.283464566929 204.7244094488189 85.03937007874016 la
1376.3779527559054 3132.283464566929 274.01574803149606 85.03937007874016 tête
1546.4566929133857 3132.283464566929 444.09448818897636 85.03937007874016 couronnée
1888.1889763779527 3132.283464566929 204.7244094488189 85.03937007874016 de
1990.5511811023623 3132.283464566929 376.37795275590554 85.03937007874016 fleurs,
2229.9212598425197 3132.283464566929 274.01574803149606 85.03937007874016 enlève

483.46456692913387 3207.8740157480315 204.7244094488189 92.91338582677166 la
585.8267716535433 3207.8740157480315 341.73228346456693 92.91338582677166 nymphe
825.1968503937007 3207.8740157480315 376.37795275590554 92.91338582677166 Europe.
1099.2125984251968 3207.8740157480315 204.7244094488189 92.91338582677166 Le
1201.5748031496064 3207.8740157480315 376.37795275590554 92.91338582677166 taureau
1475.5905511811025 3207.8740157480315 341.73228346456693 92.91338582677166 marque
1714.9606299212599 3207.8740157480315 204.7244094488189 92.91338582677166 la
1817.3228346456692 3207.8740157480315 307.0866141732283 92.91338582677166 force
2022.0472440944882 3207.8740157480315 239.37007874015748 92.91338582677166 que
2159.0551181102364 3207.8740157480315 204.7244094488189 92.91338582677166 le
2226.771653543307 3207.8740157480315 274.01574803149606 92.91338582677166 soleil

485.03937007874015 3291.3385826771655 409.4488188976378 91.33858267716535 acquiert
792.1259842519685 3291.3385826771655 272.4409448818898 91.33858267716535 dans
963.7795275590552 3291.3385826771655 204.7244094488189 91.33858267716535 ce
1066.1417322834645 3291.3385826771655 307.0866141732283 91.33858267716535 mois,
1270.8661417322835 3291.3385826771655 204.7244094488189 91.33858267716535 et
1373.2283464566929 3291.3385826771655 272.4409448818898 91.33858267716535 dont
1543.3070866141732 3291.3385826771655 204.7244094488189 91.33858267716535 la
1645.6692913385828 3291.3385826771655 374.8031496062992 91.33858267716535 chaleur
1919.6850393700788 3291.3385826771655 272.4409448818898 91.33858267716535 fait
2089.763779527559 3291.3385826771655 374.8031496062992 91.33858267716535 fleurir
2329.1338582677167 3291.3385826771655 170.07874015748033 91.33858267716535 les

481.8897637795276 3359.0551181102364 360.62992125984255 86.61417322834646 arbres
733.8582677165355 3359.0551181102364 215.748031496063 86.61417322834646 et
842.5196850393701 3359.0551181102364 251.96850393700788 86.61417322834646 les
987.4015748031496 3359.0551181102364 433.07086614173227 86.61417322834646 plantes;
1311.8110236220473 3359.0551181102364 469.29133858267716 86.61417322834646 premières
1672.4409448818897 3359.0551181102364 505.51181102362204 86.61417322834646 espérances
2069.2913385826773 3359.0551181102364 251.96850393700788 86.61417322834646 que
2177.952755905512 3359.0551181102364 324.40944881889766 86.61417322834646 donnent

485.03937007874015 3434.6456692913384 240.9448818897638 97.63779527559055 les
623.6220472440945 3434.6456692913384 379.5275590551181 97.63779527559055 travaux
899.2125984251968 3434.6456692913384 481.8897637795276 97.63779527559055 rustiques,
1277.1653543307086 3434.6456692913384 275.59055118110234 97.63779527559055 dont
1450.3937007874015 3434.6456692913384 206.29921259842519 97.63779527559055 le
1552.755905511811 3434.6456692913384 379.5275590551181 97.63779527559055 taureau
1828.3464566929133 3434.6456692913384 240.9448818897638 97.63779527559055 est
1966.9291338582677 3434.6456692913384 206.29921259842519 97.63779527559055 le
2034.6456692913387 3434.6456692913384 344.88188976377955 97.63779527559055 symbole.

559.0551181102362 3524.4094488188975 407.87401574803147 86.61417322834646 NEUVIÈME
866.1417322834645 3524.4094488188975 407.87401574803147 86.61417322834646 TABLEAU:
1171.6535433070867 3524.4094488188975 340.15748031496065 86.61417322834646 les
1411.023622047244 3524.4094488188975 374.8031496062992 86.61417322834646 Gémeaux
1681.8897637795276 3524.4094488188975 442.5196850393701 86.61417322834646 (Ma).
2023.6220472440946 3524.4094488188975 305.51181102362204 86.61417322834646 —Deux
2193.700787401575 3524.4094488188975 305.51181102362204 86.61417322834646 enfants

483.46456692913387 3623.6220472440946 496.06299212598424 74.01574803149606 conduisent
872.4409448818898 3623.6220472440946 212.5984251968504 74.01574803149606 un
977.9527559055118 3623.6220472440946 318.1102362204724 74.01574803149606 char;
1190.5511811023623 3623.6220472440946 318.1102362204724 74.01574803149606 Vénus
1403.1496062992126 3623.6220472440946 176.3779527559055 74.01574803149606 y
1474.015748031496 3623.6220472440946 247.24409448818898 74.01574803149606 est
1615.748031496063 3623.6220472440946 388.9763779527559 74.01574803149606 debout;
1899.2125984251968 3623.6220472440946 247.24409448818898 74.01574803149606 son
2040.9448818897638 3623.6220472440946 318.1102362204724 74.01574803149606 voile
2217.3228346456694 3623.6220472440946 283.46456692913387 74.01574803149606 flotte

485.03937007874015 3683.464566929134 212.5984251968504 97.63779527559055 au
590.5511811023622 3683.464566929134 247.24409448818898 97.63779527559055 gré
732.2834645669292 3683.464566929134 247.24409448818898 97.63779527559055 des
872.4409448818898 3683.464566929134 423.62204724409446 97.63779527559055 zéphirs;
1190.5511811023623 3683.464566929134 423.62204724409446 97.63779527559055 l’Amour,
1508.6614173228347 3683.464566929134 352.755905511811 97.63779527559055 tenant
1755.9055118110236 3683.464566929134 247.24409448818898 97.63779527559055 une
1897.6377952755906 3683.464566929134 388.9763779527559 97.63779527559055 flèche,
2144.8818897637793 3683.464566929134 352.755905511811 97.63779527559055 s’appuie

485.03937007874015 3760.6299212598424 242.51968503937007 83.46456692913385 sur
623.6220472440945 3760.6299212598424 207.8740157480315 83.46456692913385 sz
727.5590551181102 3760.6299212598424 311.81102362204723 83.46456692913385 mère;
935.4330708661417 3760.6299212598424 207.8740157480315 83.46456692913385 un
1039.3700787401574 3760.6299212598424 242.51968503937007 83.46456692913385 des
1177.9527559055118 3760.6299212598424 381.1023622047244 83.46456692913385 enfants
1455.1181102362204 3760.6299212598424 381.1023622047244 83.46456692913385 attelés
1733.8582677165355 3760.6299212598424 207.8740157480315 83.46456692913385 au
1837.7952755905512 3760.6299212598424 277.1653543307087 83.46456692913385 char
2011.023622047244 3760.6299212598424 346.45669291338584 83.46456692913385 répand
2253.5433070866143 3760.6299212598424 242.51968503937007 83.46456692913385 sur
2357.48031496063 3760.6299212598424 138.58267716535434 83.46456692913385 la

486.61417322834643 3844.0944881889764 302.3622047244094 77.16535433070867 terre
686.6141732283464 3844.0944881889764 234.64566929133858 77.16535433070867 des
822.0472440944882 3844.0944881889764 368.503937007874 77.16535433070867 fleurs,
1089.763779527559 3844.0944881889764 368.503937007874 77.16535433070867 charmes
1357.4803149606298 3844.0944881889764 201.5748031496063 77.16535433070867 de
1458.267716535433 3844.0944881889764 302.3622047244094 77.16535433070867 cette
1659.8425196850394 3844.0944881889764 302.3622047244094 77.16535433070867 belle
1861.4173228346456 3844.0944881889764 368.503937007874 77.16535433070867 saison.
2129.1338582677167 3844.0944881889764 368.503937007874 77.16535433070867 L’Amour
2363.779527559055 3844.0944881889764 133.85826771653544 77.16535433070867 et

485.03937007874015 3905.511811023622 307.0866141732283 78.74015748031496 Vénus
689.7637795275591 3905.511811023622 442.5196850393701 78.74015748031496 indiquent
1031.4960629921259 3905.511811023622 237.79527559055117 78.74015748031496 que
1166.9291338582677 3905.511811023622 272.4409448818898 78.74015748031496 dans
1337.007874015748 3905.511811023622 307.0866141732283 78.74015748031496 cette
1541.732283464567 3905.511811023622 340.15748031496065 78.74015748031496 saison
1781.1023622047244 3905.511811023622 307.0866141732283 78.74015748031496 toute
1984.251968503937 3905.511811023622 204.7244094488189 78.74015748031496 la
2086.6141732283463 3905.511811023622 340.15748031496065 78.74015748031496 nature
2291.3385826771655 3905.511811023622 204.7244094488189 78.74015748031496 leur

486.61417322834643 3984.251968503937 229.92125984251967 105.51181102362204 est
618.8976377952756 3984.251968503937 395.2755905511811 105.51181102362204 soumise;
914.9606299212599 3984.251968503937 229.92125984251967 105.51181102362204 les
1047.244094488189 3984.251968503937 262.99212598425197 105.51181102362204 deux
1211.023622047244 3984.251968503937 198.4251968503937 105.51181102362204 er
1310.236220472441 3984.251968503937 296.06299212598424 105.51181102362204 fants
1508.6614173228347 3984.251968503937 527.5590551181102 105.51181102362204 représentent
1935.4330708661416 3984.251968503937 329.13385826771656 105.51181102362204 Castor
2166.9291338582675 3984.251968503937 198.4251968503937 105.51181102362204 et
2233.0708661417325 3984.251968503937 262.99212598425197 105.51181102362204 Pollux
