1826 3125
632 369 356 75 DÉCORATION.

1302 366 158 82 XVII

172 454 164 76 qui,
274 454 225 76 suivant
438 454 123 76 la
499 454 205 76 fable,
643 454 205 76 furent
786 454 225 76 changés
950 454 123 76 en
1011 454 123 76 la
1073 454 348 76 constellation
1339 454 123 76 dite

173 521 208 59 <i>les
319 521 332 59 Gémeaux</i>.
589 521 228 59 Lorsque
755 521 125 59 le
817 521 208 59 soleil
963 521 187 59 entre
1087 521 166 59 dans
1191 521 125 59 ce
1253 521 208 59 signe,
1378 521 83 59 la

170 571 263 57 chaleur
361 571 311 57 redouble,
600 571 167 57 les
696 571 215 57 jours
839 571 335 57 augmentent
1102 571 143 57 et
1174 571 263 57 l’herbe
1341 571 120 57 des

171 623 267 64 prairies
371 623 200 64 prend
504 623 178 64 tout
616 623 156 64 son
682 623 356 64 accroissement.

219 681 258 51 DIXIÈME
406 681 281 51 TABLEAU:
617 681 422 51 <i>l’Ecrevisse
968 681 258 51 (Juin).
1156 681 117 51 —
1202 681 281 51 Phaéton,
1390 681 70 51 à

173 726 143 66 qui
254 726 123 66 le
316 726 163 66 dieu
418 726 123 66 du
479 726 163 66 jour
581 726 184 66 avait
703 726 204 66 confié
846 726 143 66 son
928 726 184 66 char,
1051 726 225 66 s’étant
1214 726 163 66 trop
1296 726 163 66 appro-

172 777 143 53 ché
253 777 122 53 de
314 777 122 53 la
375 777 204 53 terre,
518 777 122 53 la
579 777 224 53 brûlait
742 777 122 53 et
803 777 102 53 y
844 777 224 53 causait
1007 777 122 53 de
1068 777 265 53 terribles
1251 777 204 53 ravages;

170 826 254 51 Jupiter,
360 826 169 51 pour
466 826 106 51 y
509 826 212 51 mettre
657 826 169 51 fin,
763 826 127 51 le
826 826 254 51 foudroya
1017 826 127 51 et
1080 826 127 51 le
1144 826 275 51 précipita
1334 826 127 51 dans

172 876 284 57 l’Eridan.
390 876 131 57 On
456 876 131 57 le
521 876 174 57 voit
630 876 153 57 ici
717 876 131 57 au
783 876 218 57 moment
936 876 131 57 de
1001 876 131 57 sa
1066 876 218 57 chute.
1219 876 240 57 Parvenu
1372 876 87 57 au

174 919 171 68 plus
281 919 171 68 haut
388 919 193 68 point
516 919 129 68 de
581 919 129 68 sa
645 919 236 68 course,
816 919 129 68 le
881 919 214 68 soleil
1031 919 193 68 entre
1159 919 171 68 dans
1266 919 129 68 le
1309 919 150 68 signe

170 979 129 47 de
235 979 344 47 l’Écrevisse,
515 979 129 47 et
579 979 215 47 semble
730 979 194 47 comme
859 979 172 47 elle
966 979 194 47 aller
1095 979 108 47 à
1138 979 280 47 reculons.
1332 979 129 47 Dans

169 1020 135 56 ce
236 1020 202 56 mois,
371 1020 157 56 les
461 1020 270 56 moissons
663 1020 225 56 mûries
821 1020 315 56 commencent
1068 1020 112 56 à
1113 1020 135 56 se
1158 1020 180 56 faire.

214 1067 228 60 ONZIÈME
380 1067 249 60 TABLEAU:
567 1067 187 60 <i>le
692 1067 166 60 Lion
796 1067 374 60 (Juillet)</i>.
1107 1067 104 60 —
1149 1067 249 60 Hercule,
1315 1067 145 60 vain-

170 1131 211 61 queur
310 1131 141 61 du
381 1131 188 61 lion
498 1131 141 61 de
568 1131 234 61 Némée,
732 1131 188 61 dont
849 1131 141 61 il
920 1131 211 61 porte
1060 1131 141 61 la
1131 1131 328 61 dépouille,
1365 1131 94 61 se

175 1178 221 53 repose
330 1178 155 53 sur
418 1178 133 53 sa
485 1178 244 53 massue,
662 1178 133 53 il
728 1178 199 53 tient
861 1178 177 53 dans
972 1178 133 53 sa
1038 1178 177 53 main
1149 1178 155 53 les
1238 1178 221 53 pommes
1370 1178 89 53 du

166 1220 219 61 jardin
320 1220 154 61 des
407 1220 329 61 Hespérides,
671 1220 176 61 dont
781 1220 132 61 il
846 1220 110 61 a
890 1220 176 61 fait
1000 1220 132 61 la
1066 1220 285 61 conquête;
1285 1220 176 61 près
1373 1220 88 61 de

172 1276 150 49 lui
257 1276 150 49 est
343 1276 129 49 un
408 1276 193 49 jeune
537 1276 193 49 homme
665 1276 193 49 assis
794 1276 150 49 qui
880 1276 193 49 tient
1009 1276 150 49 une
1095 1276 193 49 gerbe
1224 1276 129 49 de
1288 1276 172 49 blé.
1374 1276 86 49 Le

169 1321 185 61 lion
284 1321 139 61 et
354 1321 139 61 la
423 1321 208 61 force
561 1321 185 61 sont
677 1321 300 61 l’emblème
908 1321 139 61 de
977 1321 139 61 la
1046 1321 277 61 chaleur.
1254 1321 185 61 Chez
1347 1321 115 61 les

168 1371 250 51 anciens,
356 1371 125 51 le
418 1371 188 51 lion,
543 1371 250 51 habitant
731 1371 146 51 les
815 1371 229 51 climats
981 1371 271 51 brûlants,
1190 1371 188 51 était
1294 1371 167 51 consa-

165 1420 168 58 cré
261 1420 120 58 à
309 1420 287 58 Vulcain,
524 1420 192 58 dieu
644 1420 144 58 du
716 1420 192 58 feu.
835 1420 144 58 Le
907 1420 215 58 jeune
1051 1420 215 58 homme
1195 1420 239 58 tenant
1338 1420 120 58 une

170 1468 199 68 gerbe
302 1468 132 68 de
369 1468 155 68 blé
457 1468 243 68 indique
634 1468 155 68 que
722 1468 155 68 les
810 1468 265 68 moissons
1009 1468 177 68 sont
1097 1468 243 68 achevées.

216 1520 248 59 DOUZIÈME
403 1520 248 59 TABLEAU:
589 1520 186 59 <i>la
713 1520 207 59 Vierge
858 1520 310 59 (Août)</i>.
1106 1520 103 59 —
1148 1520 207 59 Cérès,
1292 1520 124 59 la
1334 1520 124 59 tête

168 1575 305 55 couronnée
402 1575 258 55 d’épis,
590 1575 235 55 tenant
754 1575 211 55 d’une
895 1575 188 55 main
1012 1575 164 55 une
1106 1575 282 55 faucille
1317 1575 141 55 et
1364 1575 94 55 de

172 1623 232 49 l’autre
341 1623 148 49 une
425 1623 190 49 gerbe
552 1623 127 49 de
615 1623 169 49 blé,
721 1623 148 49 est
805 1623 211 49 assise
953 1623 148 49 sur
1038 1623 148 49 son
1122 1623 169 49 char
1228 1623 211 49 traîné
1354 1623 106 49 par

171 1674 150 56 des
256 1674 279 56 serpents;
471 1674 129 56 le
535 1674 193 56 jeune
663 1674 321 56 Triptolême,
920 1674 279 56 inventeur
1135 1674 129 56 de
1199 1674 129 56 la
1242 1674 214 56 charrue,

170 1721 148 63 est
254 1721 106 63 à
297 1721 148 63 ses
381 1721 211 63 côtés;
529 1721 127 63 il
592 1721 190 63 tient
719 1721 127 63 le
782 1721 253 63 flambeau
972 1721 169 63 dont
1078 1721 190 63 Cérès
1183 1721 275 63 s’éclairait

168 1768 253 54 pendant
352 1768 138 54 la
421 1768 184 54 nuit
536 1768 184 54 pour
651 1768 276 54 chercher
859 1768 345 54 Proserpine,
1135 1768 138 54 sa
1204 1768 230 54 fille,
1342 1768 115 54 que

171 1816 215 63 Pluton
321 1816 150 63 lui
407 1816 193 63 avait
536 1816 258 63 enlevée.
729 1816 215 63 Cérès,
880 1816 215 63 déesse
1030 1816 150 63 des
1116 1816 279 63 moissons,
1310 1816 150 63 bien-

172 1861 253 62 faitrice
362 1861 127 62 de
425 1861 127 62 la
488 1861 211 62 terre,
636 1861 190 62 après
763 1861 106 62 y
805 1861 190 62 avoir
931 1861 232 62 répandu
1100 1861 169 62 tous
1206 1861 148 62 ses
1290 1861 169 62 dons
1375 1861 84 62 et

167 1919 215 72 avoir
311 1919 215 72 ainsi
454 1919 239 72 rempli
622 1919 144 72 le
693 1919 239 72 cercle
861 1919 144 72 de
933 1919 287 72 l’année,
1148 1919 263 72 remonte
1315 1919 144 72 vers

140 1951 270 81 l’Olympe.

216 2023 161 66 Les
308 2023 299 66 ornements
538 2023 161 66 qui
630 2023 276 66 décorent
837 2023 138 66 le
906 2023 253 66 plafond
1090 2023 161 66 ont
1182 2023 161 66 été
1251 2023 207 66 nouvel-

172 2069 214 90 lement
321 2069 256 90 exécutés
513 2069 235 90 d’après
684 2069 149 90 les
770 2069 235 90 dessins
940 2069 128 90 de
1005 2069 128 90 M.
1069 2069 128 90 de
1133 2069 235 90 Gisors,
1282 2069 171 90 archi-

170 2124 199 68 tecte
303 2124 133 68 du
347 2124 177 68 Sénat.

677 2212 240 78 b>SALLES

323 2284 282 67 SITUÉES
529 2284 128 67 A
580 2284 385 67 L’EXTRÉMITÉ
888 2284 154 67 DE
965 2284 154 67 LA
1016 2284 282 67 TERRASSE.

219 2373 152 66 Ces
306 2373 217 66 salles
458 2373 217 66 furent
610 2373 325 66 construites
870 2373 152 66 sur
956 2373 152 66 une
1043 2373 217 66 partie
1195 2373 130 66 de
1238 2373 217 66 l’empla-

172 2431 226 36 cement
330 2431 135 36 de
398 2431 316 36 l’ancienne
646 2431 248 36 galerie
827 2431 135 36 de
895 2431 248 36 Rubens.
1075 2431 203 36 Elies
1211 2431 226 36 furent
1346 2431 113 36 en-

171 2472 206 60 suite
309 2472 275 60 occupées
515 2472 160 60 par
607 2472 138 60 la
675 2472 321 60 collection
928 2472 160 60 des
1019 2472 206 60 ports
1157 2472 138 60 de
1226 2472 229 60 France
1363 2472 92 60 de

169 2518 234 70 Joseph
332 2518 234 70 Vernet
496 2518 140 70 et
566 2518 140 70 de
613 2518 140 70 Hue.
