2875.5905511811025 4921.259842519685
995.2755905511812 581.1023622047244 560.6299212598425 118.11023622047244 DÉCORATION.

2050.3937007874015 576.3779527559055 248.8188976377953 129.13385826771653 XVII

270.86614173228344 714.9606299212599 258.26771653543307 119.68503937007874 qui,
431.496062992126 714.9606299212599 354.3307086614173 119.68503937007874 suivant
689.7637795275591 714.9606299212599 193.70078740157481 119.68503937007874 la
785.8267716535433 714.9606299212599 322.8346456692913 119.68503937007874 fable,
1012.5984251968504 714.9606299212599 322.8346456692913 119.68503937007874 furent
1237.7952755905512 714.9606299212599 354.3307086614173 119.68503937007874 changés
1496.0629921259842 714.9606299212599 193.70078740157481 119.68503937007874 en
1592.1259842519685 714.9606299212599 193.70078740157481 119.68503937007874 la
1689.763779527559 714.9606299212599 548.0314960629921 119.68503937007874 constellation
2108.6614173228345 714.9606299212599 193.70078740157481 119.68503937007874 dite

272.4409448818898 820.4724409448819 327.5590551181102 92.91338582677166 <i>les
502.3622047244094 820.4724409448819 522.8346456692914 92.91338582677166 Gémeaux</i>
927.5590551181102 820.4724409448819 359.0551181102362 92.91338582677166 Lorsque
1188.976377952756 820.4724409448819 196.8503937007874 92.91338582677166 le
1286.6141732283465 820.4724409448819 327.5590551181102 92.91338582677166 soleil
1516.5354330708662 820.4724409448819 294.48818897637796 92.91338582677166 entre
1711.8110236220473 820.4724409448819 261.4173228346457 92.91338582677166 dans
1875.5905511811025 820.4724409448819 196.8503937007874 92.91338582677166 ce
1973.2283464566929 820.4724409448819 327.5590551181102 92.91338582677166 signe,
2170.0787401574803 820.4724409448819 130.70866141732284 92.91338582677166 la

267.7165354330709 899.2125984251968 414.1732283464567 89.76377952755905 chaleur
568.503937007874 899.2125984251968 489.76377952755905 89.76377952755905 redouble,
944.8818897637796 899.2125984251968 262.99212598425197 89.76377952755905 les
1096.0629921259842 899.2125984251968 338.5826771653543 89.76377952755905 jours
1321.259842519685 899.2125984251968 527.5590551181102 89.76377952755905 augmentent
1735.4330708661416 899.2125984251968 225.1968503937008 89.76377952755905 et
1848.8188976377953 899.2125984251968 414.1732283464567 89.76377952755905 l’herbe
2111.8110236220473 899.2125984251968 188.9763779527559 89.76377952755905 des

269.29133858267716 981.1023622047244 420.4724409448819 100.78740157480316 prairies
584.2519685039371 981.1023622047244 314.96062992125985 100.78740157480316 prend
793.7007874015748 981.1023622047244 280.31496062992125 100.78740157480316 tout
970.0787401574803 981.1023622047244 245.66929133858267 100.78740157480316 son
1074.015748031496 981.1023622047244 560.6299212598425 100.78740157480316 accroissement.

344.88188976377955 1072.4409448818897 406.2992125984252 80.31496062992126 DIXIÈME
639.3700787401575 1072.4409448818897 442.5196850393701 80.31496062992126 TABLEAU:
971.6535433070866 1072.4409448818897 664.5669291338583 80.31496062992126 <i>l’Ecrevisse
1524.4094488188975 1072.4409448818897 406.2992125984252 80.31496062992126 (Juin).
1820.4724409448818 1072.4409448818897 184.251968503937 80.31496062992126 —
1892.9133858267717 1072.4409448818897 442.5196850393701 80.31496062992126 Phaéton,
2188.9763779527557 1072.4409448818897 110.23622047244095 80.31496062992126 à

272.4409448818898 1143.3070866141732 225.1968503937008 103.93700787401575 qui
400.0 1143.3070866141732 193.70078740157481 103.93700787401575 le
497.6377952755906 1143.3070866141732 256.6929133858268 103.93700787401575 dieu
658.2677165354331 1143.3070866141732 193.70078740157481 103.93700787401575 du
754.3307086614174 1143.3070866141732 256.6929133858268 103.93700787401575 jour
914.9606299212599 1143.3070866141732 289.76377952755905 103.93700787401575 avait
1107.0866141732283 1143.3070866141732 321.25984251968504 103.93700787401575 confié
1332.283464566929 1143.3070866141732 225.1968503937008 103.93700787401575 son
1461.4173228346456 1143.3070866141732 289.76377952755905 103.93700787401575 char,
1655.1181102362204 1143.3070866141732 354.3307086614173 103.93700787401575 s’étant
1911.8110236220473 1143.3070866141732 256.6929133858268 103.93700787401575 trop
2040.9448818897638 1143.3070866141732 256.6929133858268 103.93700787401575 appro-

270.86614173228344 1223.6220472440946 225.1968503937008 83.46456692913385 ché
398.4251968503937 1223.6220472440946 192.1259842519685 83.46456692913385 de
494.48818897637796 1223.6220472440946 192.1259842519685 83.46456692913385 la
590.5511811023622 1223.6220472440946 321.25984251968504 83.46456692913385 terre,
815.7480314960629 1223.6220472440946 192.1259842519685 83.46456692913385 la
911.8110236220473 1223.6220472440946 352.755905511811 83.46456692913385 brûlait
1168.5039370078741 1223.6220472440946 192.1259842519685 83.46456692913385 et
1264.5669291338584 1223.6220472440946 160.62992125984252 83.46456692913385 y
1329.1338582677165 1223.6220472440946 352.755905511811 83.46456692913385 causait
1585.8267716535433 1223.6220472440946 192.1259842519685 83.46456692913385 de
1681.8897637795276 1223.6220472440946 417.3228346456693 83.46456692913385 terribles
1970.0787401574803 1223.6220472440946 321.25984251968504 83.46456692913385 ravages;

267.7165354330709 1300.7874015748032 400.0 80.31496062992126 Jupiter,
566.9291338582677 1300.7874015748032 266.1417322834646 80.31496062992126 pour
733.8582677165355 1300.7874015748032 166.9291338582677 80.31496062992126 y
801.5748031496063 1300.7874015748032 333.8582677165354 80.31496062992126 mettre
1034.6456692913387 1300.7874015748032 266.1417322834646 80.31496062992126 fin,
1201.5748031496064 1300.7874015748032 200.0 80.31496062992126 le
1300.7874015748032 1300.7874015748032 400.0 80.31496062992126 foudroya
1601.5748031496064 1300.7874015748032 200.0 80.31496062992126 et
1700.7874015748032 1300.7874015748032 200.0 80.31496062992126 le
1801.5748031496064 1300.7874015748032 433.07086614173227 80.31496062992126 précipita
2100.787401574803 1300.7874015748032 200.0 80.31496062992126 dans

270.86614173228344 1379.5275590551182 447.244094488189 89.76377952755905 l’Eridan.
614.1732283464567 1379.5275590551182 206.29921259842519 89.76377952755905 On
718.1102362204724 1379.5275590551182 206.29921259842519 89.76377952755905 le
820.4724409448819 1379.5275590551182 274.01574803149606 89.76377952755905 voit
992.1259842519685 1379.5275590551182 240.9448818897638 89.76377952755905 ici
1129.1338582677165 1379.5275590551182 206.29921259842519 89.76377952755905 au
1233.0708661417323 1379.5275590551182 343.3070866141732 89.76377952755905 moment
1474.015748031496 1379.5275590551182 206.29921259842519 89.76377952755905 de
1576.3779527559054 1379.5275590551182 206.29921259842519 89.76377952755905 sa
1678.740157480315 1379.5275590551182 343.3070866141732 89.76377952755905 chute.
1919.6850393700788 1379.5275590551182 377.9527559055118 89.76377952755905 Parvenu
2160.6299212598424 1379.5275590551182 137.00787401574803 89.76377952755905 au

274.01574803149606 1447.244094488189 269.29133858267716 107.08661417322834 plus
442.5196850393701 1447.244094488189 269.29133858267716 107.08661417322834 haut
611.0236220472441 1447.244094488189 303.93700787401576 107.08661417322834 point
812.5984251968504 1447.244094488189 203.1496062992126 107.08661417322834 de
914.9606299212599 1447.244094488189 203.1496062992126 107.08661417322834 sa
1015.7480314960629 1447.244094488189 371.65354330708664 107.08661417322834 course,
1285.0393700787401 1447.244094488189 203.1496062992126 107.08661417322834 le
1387.4015748031495 1447.244094488189 337.00787401574803 107.08661417322834 soleil
1623.6220472440946 1447.244094488189 303.93700787401576 107.08661417322834 entre
1825.1968503937007 1447.244094488189 269.29133858267716 107.08661417322834 dans
1993.7007874015749 1447.244094488189 203.1496062992126 107.08661417322834 le
2061.417322834646 1447.244094488189 236.2204724409449 107.08661417322834 signe

267.7165354330709 1541.732283464567 203.1496062992126 74.01574803149606 de
370.0787401574803 1541.732283464567 541.7322834645669 74.01574803149606 l’Écrevisse,
811.0236220472441 1541.732283464567 203.1496062992126 74.01574803149606 et
911.8110236220473 1541.732283464567 338.5826771653543 74.01574803149606 semble
1149.6062992125985 1541.732283464567 305.51181102362204 74.01574803149606 comme
1352.755905511811 1541.732283464567 270.86614173228344 74.01574803149606 elle
1521.259842519685 1541.732283464567 305.51181102362204 74.01574803149606 aller
1724.4094488188975 1541.732283464567 170.07874015748033 74.01574803149606 à
1792.1259842519685 1541.732283464567 440.9448818897638 74.01574803149606 reculons.
2097.6377952755906 1541.732283464567 203.1496062992126 74.01574803149606 Dans

266.1417322834646 1606.2992125984251 212.5984251968504 88.18897637795276 ce
371.65354330708664 1606.2992125984251 318.1102362204724 88.18897637795276 mois,
584.2519685039371 1606.2992125984251 247.24409448818898 88.18897637795276 les
725.9842519685039 1606.2992125984251 425.1968503937008 88.18897637795276 moissons
1044.0944881889764 1606.2992125984251 354.3307086614173 88.18897637795276 mûries
1292.9133858267717 1606.2992125984251 496.06299212598424 88.18897637795276 commencent
1681.8897637795276 1606.2992125984251 176.3779527559055 88.18897637795276 à
1752.755905511811 1606.2992125984251 212.5984251968504 88.18897637795276 se
1823.6220472440946 1606.2992125984251 283.46456692913387 88.18897637795276 faire.

337.00787401574803 1680.3149606299212 359.0551181102362 94.48818897637796 ONZIÈME
598.4251968503937 1680.3149606299212 392.12598425196853 94.48818897637796 TABLEAU:
892.9133858267717 1680.3149606299212 294.48818897637796 94.48818897637796 <i>le
1089.763779527559 1680.3149606299212 261.4173228346457 94.48818897637796 Lion
1253.5433070866143 1680.3149606299212 588.9763779527559 94.48818897637796 (Juillet)</i>
1743.3070866141732 1680.3149606299212 163.7795275590551 94.48818897637796 —
1809.4488188976377 1680.3149606299212 392.12598425196853 94.48818897637796 Hercule,
2070.8661417322833 1680.3149606299212 228.3464566929134 94.48818897637796 vain-

267.7165354330709 1781.1023622047244 332.2834645669291 96.06299212598425 queur
488.18897637795277 1781.1023622047244 222.04724409448818 96.06299212598425 du
600.0 1781.1023622047244 296.06299212598424 96.06299212598425 lion
784.2519685039371 1781.1023622047244 222.04724409448818 96.06299212598425 de
894.488188976378 1781.1023622047244 368.503937007874 96.06299212598425 Némée,
1152.755905511811 1781.1023622047244 296.06299212598424 96.06299212598425 dont
1337.007874015748 1781.1023622047244 222.04724409448818 96.06299212598425 il
1448.8188976377953 1781.1023622047244 332.2834645669291 96.06299212598425 porte
1669.291338582677 1781.1023622047244 222.04724409448818 96.06299212598425 la
1781.1023622047244 1781.1023622047244 516.5354330708661 96.06299212598425 dépouille,
2149.6062992125985 1781.1023622047244 148.03149606299212 96.06299212598425 se

275.59055118110234 1855.1181102362204 348.0314960629921 83.46456692913385 repose
519.6850393700787 1855.1181102362204 244.09448818897638 83.46456692913385 sur
658.2677165354331 1855.1181102362204 209.4488188976378 83.46456692913385 sa
763.7795275590552 1855.1181102362204 384.251968503937 83.46456692913385 massue,
1042.5196850393702 1855.1181102362204 209.4488188976378 83.46456692913385 il
1146.4566929133857 1855.1181102362204 313.38582677165357 83.46456692913385 tient
1355.9055118110236 1855.1181102362204 278.74015748031496 83.46456692913385 dans
1530.708661417323 1855.1181102362204 209.4488188976378 83.46456692913385 sa
1634.6456692913387 1855.1181102362204 278.74015748031496 83.46456692913385 main
1809.4488188976377 1855.1181102362204 244.09448818897638 83.46456692913385 les
1949.6062992125985 1855.1181102362204 348.0314960629921 83.46456692913385 pommes
2157.48031496063 1855.1181102362204 140.15748031496062 83.46456692913385 du

261.4173228346457 1921.259842519685 344.88188976377955 96.06299212598425 jardin
503.93700787401576 1921.259842519685 242.51968503937007 96.06299212598425 des
640.9448818897638 1921.259842519685 518.1102362204724 96.06299212598425 Hespérides,
1056.6929133858268 1921.259842519685 277.1653543307087 96.06299212598425 dont
1229.9212598425197 1921.259842519685 207.8740157480315 96.06299212598425 il
1332.283464566929 1921.259842519685 173.22834645669292 96.06299212598425 a
1401.5748031496064 1921.259842519685 277.1653543307087 96.06299212598425 fait
1574.8031496062993 1921.259842519685 207.8740157480315 96.06299212598425 la
1678.740157480315 1921.259842519685 448.81889763779526 96.06299212598425 conquête;
2023.6220472440946 1921.259842519685 277.1653543307087 96.06299212598425 près
2162.2047244094488 1921.259842519685 138.58267716535434 96.06299212598425 de

270.86614173228344 2009.4488188976377 236.2204724409449 77.16535433070867 lui
404.7244094488189 2009.4488188976377 236.2204724409449 77.16535433070867 est
540.1574803149606 2009.4488188976377 203.1496062992126 77.16535433070867 un
642.5196850393701 2009.4488188976377 303.93700787401576 77.16535433070867 jeune
845.6692913385826 2009.4488188976377 303.93700787401576 77.16535433070867 homme
1047.244094488189 2009.4488188976377 303.93700787401576 77.16535433070867 assis
1250.3937007874015 2009.4488188976377 236.2204724409449 77.16535433070867 qui
1385.8267716535433 2009.4488188976377 303.93700787401576 77.16535433070867 tient
1588.976377952756 2009.4488188976377 236.2204724409449 77.16535433070867 une
1724.4094488188975 2009.4488188976377 303.93700787401576 77.16535433070867 gerbe
1927.5590551181103 2009.4488188976377 203.1496062992126 77.16535433070867 de
2028.3464566929133 2009.4488188976377 270.86614173228344 77.16535433070867 blé.
2163.779527559055 2009.4488188976377 135.43307086614172 77.16535433070867 Le

266.1417322834646 2080.314960629921 291.33858267716533 96.06299212598425 lion
447.244094488189 2080.314960629921 218.89763779527559 96.06299212598425 et
557.4803149606299 2080.314960629921 218.89763779527559 96.06299212598425 la
666.1417322834645 2080.314960629921 327.5590551181102 96.06299212598425 force
883.4645669291339 2080.314960629921 291.33858267716533 96.06299212598425 sont
1066.1417322834645 2080.314960629921 472.4409448818898 96.06299212598425 l’emblème
1429.9212598425197 2080.314960629921 218.89763779527559 96.06299212598425 de
1538.5826771653544 2080.314960629921 218.89763779527559 96.06299212598425 la
1647.244094488189 2080.314960629921 436.2204724409449 96.06299212598425 chaleur.
1974.8031496062993 2080.314960629921 291.33858267716533 96.06299212598425 Chez
2121.259842519685 2080.314960629921 181.10236220472441 96.06299212598425 les

264.56692913385825 2159.0551181102364 393.7007874015748 80.31496062992126 anciens,
560.6299212598425 2159.0551181102364 196.8503937007874 80.31496062992126 le
658.2677165354331 2159.0551181102364 296.06299212598424 80.31496062992126 lion,
855.1181102362204 2159.0551181102364 393.7007874015748 80.31496062992126 habitant
1151.1811023622047 2159.0551181102364 229.92125984251967 80.31496062992126 les
1283.4645669291338 2159.0551181102364 360.62992125984255 80.31496062992126 climats
1544.8818897637796 2159.0551181102364 426.7716535433071 80.31496062992126 brûlants,
1874.015748031496 2159.0551181102364 296.06299212598424 80.31496062992126 était
2037.7952755905512 2159.0551181102364 262.99212598425197 80.31496062992126 consa-

259.84251968503935 2236.220472440945 264.56692913385825 91.33858267716535 cré
411.0236220472441 2236.220472440945 188.9763779527559 91.33858267716535 à
486.61417322834643 2236.220472440945 451.9685039370079 91.33858267716535 Vulcain,
825.1968503937007 2236.220472440945 302.3622047244094 91.33858267716535 dieu
1014.1732283464567 2236.220472440945 226.77165354330708 91.33858267716535 du
1127.5590551181103 2236.220472440945 302.3622047244094 91.33858267716535 feu.
1314.9606299212599 2236.220472440945 226.77165354330708 91.33858267716535 Le
1428.3464566929133 2236.220472440945 338.5826771653543 91.33858267716535 jeune
1655.1181102362204 2236.220472440945 338.5826771653543 91.33858267716535 homme
1881.8897637795276 2236.220472440945 376.37795275590554 91.33858267716535 tenant
2107.0866141732286 2236.220472440945 188.9763779527559 91.33858267716535 une

267.7165354330709 2311.8110236220473 313.38582677165357 107.08661417322834 gerbe
475.59055118110234 2311.8110236220473 207.8740157480315 107.08661417322834 de
581.1023622047244 2311.8110236220473 244.09448818897638 107.08661417322834 blé
719.6850393700787 2311.8110236220473 382.6771653543307 107.08661417322834 indique
998.4251968503937 2311.8110236220473 244.09448818897638 107.08661417322834 que
1137.007874015748 2311.8110236220473 244.09448818897638 107.08661417322834 les
1275.5905511811025 2311.8110236220473 417.3228346456693 107.08661417322834 moissons
1588.976377952756 2311.8110236220473 278.74015748031496 107.08661417322834 sont
1727.5590551181103 2311.8110236220473 382.6771653543307 107.08661417322834 achevées.

340.15748031496065 2393.700787401575 390.5511811023622 92.91338582677166 DOUZIÈME
634.6456692913385 2393.700787401575 390.5511811023622 92.91338582677166 TABLEAU:
927.5590551181102 2393.700787401575 292.9133858267717 92.91338582677166 <i>la
1122.8346456692914 2393.700787401575 325.98425196850394 92.91338582677166 Vierge
1351.1811023622047 2393.700787401575 488.18897637795277 92.91338582677166 (Août)</i>
1741.732283464567 2393.700787401575 162.20472440944883 92.91338582677166 —
1807.8740157480315 2393.700787401575 325.98425196850394 92.91338582677166 Cérès,
2034.6456692913387 2393.700787401575 195.2755905511811 92.91338582677166 la
2100.787401574803 2393.700787401575 195.2755905511811 92.91338582677166 tête

264.56692913385825 2480.314960629921 480.31496062992125 86.61417322834646 couronnée
633.0708661417323 2480.314960629921 406.2992125984252 86.61417322834646 d’épis,
929.1338582677165 2480.314960629921 370.0787401574803 86.61417322834646 tenant
1187.4015748031495 2480.314960629921 332.2834645669291 86.61417322834646 d’une
1409.4488188976377 2480.314960629921 296.06299212598424 86.61417322834646 main
1593.7007874015749 2480.314960629921 258.26771653543307 86.61417322834646 une
1741.732283464567 2480.314960629921 444.09448818897636 86.61417322834646 faucille
2074.015748031496 2480.314960629921 222.04724409448818 86.61417322834646 et
2148.031496062992 2480.314960629921 148.03149606299212 86.61417322834646 de

270.86614173228344 2555.9055118110236 365.3543307086614 77.16535433070867 l’autre
537.007874015748 2555.9055118110236 233.0708661417323 77.16535433070867 une
669.2913385826772 2555.9055118110236 299.21259842519686 77.16535433070867 gerbe
869.2913385826772 2555.9055118110236 200.0 77.16535433070867 de
968.503937007874 2555.9055118110236 266.1417322834646 77.16535433070867 blé,
1135.4330708661416 2555.9055118110236 233.0708661417323 77.16535433070867 est
1267.716535433071 2555.9055118110236 332.2834645669291 77.16535433070867 assise
1500.7874015748032 2555.9055118110236 233.0708661417323 77.16535433070867 sur
1634.6456692913387 2555.9055118110236 233.0708661417323 77.16535433070867 son
1766.9291338582677 2555.9055118110236 266.1417322834646 77.16535433070867 char
1933.8582677165355 2555.9055118110236 332.2834645669291 77.16535433070867 traîné
2132.283464566929 2555.9055118110236 166.9291338582677 77.16535433070867 par

269.29133858267716 2636.220472440945 236.2204724409449 88.18897637795276 des
403.1496062992126 2636.220472440945 439.37007874015745 88.18897637795276 serpents;
741.7322834645669 2636.220472440945 203.1496062992126 88.18897637795276 le
842.5196850393701 2636.220472440945 303.93700787401576 88.18897637795276 jeune
1044.0944881889764 2636.220472440945 505.51181102362204 88.18897637795276 Triptolême,
1448.8188976377953 2636.220472440945 439.37007874015745 88.18897637795276 inventeur
1787.4015748031495 2636.220472440945 203.1496062992126 88.18897637795276 de
1888.1889763779527 2636.220472440945 203.1496062992126 88.18897637795276 la
1955.9055118110236 2636.220472440945 337.00787401574803 88.18897637795276 charrue,

267.7165354330709 2710.236220472441 233.0708661417323 99.21259842519684 est
400.0 2710.236220472441 166.9291338582677 99.21259842519684 à
467.7165354330709 2710.236220472441 233.0708661417323 99.21259842519684 ses
600.0 2710.236220472441 332.2834645669291 99.21259842519684 côtés;
833.0708661417323 2710.236220472441 200.0 99.21259842519684 il
932.2834645669292 2710.236220472441 299.21259842519686 99.21259842519684 tient
1132.283464566929 2710.236220472441 200.0 99.21259842519684 le
1231.4960629921259 2710.236220472441 398.4251968503937 99.21259842519684 flambeau
1530.708661417323 2710.236220472441 266.1417322834646 99.21259842519684 dont
1697.6377952755906 2710.236220472441 299.21259842519686 99.21259842519684 Cérès
1862.992125984252 2710.236220472441 433.07086614173227 99.21259842519684 s’éclairait

264.56692913385825 2784.251968503937 398.4251968503937 85.03937007874016 pendant
554.3307086614174 2784.251968503937 217.3228346456693 85.03937007874016 la
662.992125984252 2784.251968503937 289.76377952755905 85.03937007874016 nuit
844.0944881889764 2784.251968503937 289.76377952755905 85.03937007874016 pour
1025.1968503937007 2784.251968503937 434.6456692913386 85.03937007874016 chercher
1352.755905511811 2784.251968503937 543.3070866141733 85.03937007874016 Proserpine,
1787.4015748031495 2784.251968503937 217.3228346456693 85.03937007874016 sa
1896.0629921259842 2784.251968503937 362.20472440944883 85.03937007874016 fille,
2113.3858267716537 2784.251968503937 181.10236220472441 85.03937007874016 que

269.29133858267716 2859.8425196850394 338.5826771653543 99.21259842519684 Pluton
505.51181102362204 2859.8425196850394 236.2204724409449 99.21259842519684 lui
640.9448818897638 2859.8425196850394 303.93700787401576 99.21259842519684 avait
844.0944881889764 2859.8425196850394 406.2992125984252 99.21259842519684 enlevée.
1148.0314960629921 2859.8425196850394 338.5826771653543 99.21259842519684 Cérès,
1385.8267716535433 2859.8425196850394 338.5826771653543 99.21259842519684 déesse
1622.0472440944882 2859.8425196850394 236.2204724409449 99.21259842519684 des
1757.4803149606298 2859.8425196850394 439.37007874015745 99.21259842519684 moissons,
2062.9921259842517 2859.8425196850394 236.2204724409449 99.21259842519684 bien-

270.86614173228344 2930.7086614173227 398.4251968503937 97.63779527559055 faitrice
570.0787401574803 2930.7086614173227 200.0 97.63779527559055 de
669.2913385826772 2930.7086614173227 200.0 97.63779527559055 la
768.503937007874 2930.7086614173227 332.2834645669291 97.63779527559055 terre,
1001.5748031496063 2930.7086614173227 299.21259842519686 97.63779527559055 après
1201.5748031496064 2930.7086614173227 166.9291338582677 97.63779527559055 y
1267.716535433071 2930.7086614173227 299.21259842519686 97.63779527559055 avoir
1466.1417322834645 2930.7086614173227 365.3543307086614 97.63779527559055 répandu
1732.283464566929 2930.7086614173227 266.1417322834646 97.63779527559055 tous
1899.2125984251968 2930.7086614173227 233.0708661417323 97.63779527559055 ses
2031.4960629921259 2930.7086614173227 266.1417322834646 97.63779527559055 dons
2165.3543307086616 2930.7086614173227 132.28346456692913 97.63779527559055 et

262.99212598425197 3022.047244094488 338.5826771653543 113.38582677165354 avoir
489.76377952755905 3022.047244094488 338.5826771653543 113.38582677165354 ainsi
714.9606299212599 3022.047244094488 376.37795275590554 113.38582677165354 rempli
979.5275590551181 3022.047244094488 226.77165354330708 113.38582677165354 le
1091.3385826771653 3022.047244094488 376.37795275590554 113.38582677165354 cercle
1355.9055118110236 3022.047244094488 226.77165354330708 113.38582677165354 de
1469.291338582677 3022.047244094488 451.9685039370079 113.38582677165354 l’année,
1807.8740157480315 3022.047244094488 414.1732283464567 113.38582677165354 remonte
2070.8661417322833 3022.047244094488 226.77165354330708 113.38582677165354 vers

220.4724409448819 3072.4409448818897 425.1968503937008 127.55905511811024 l’Olympe.

340.15748031496065 3185.8267716535433 253.54330708661416 103.93700787401575 Les
485.03937007874015 3185.8267716535433 470.86614173228344 103.93700787401575 ornements
847.2440944881889 3185.8267716535433 253.54330708661416 103.93700787401575 qui
992.1259842519685 3185.8267716535433 434.6456692913386 103.93700787401575 décorent
1318.1102362204724 3185.8267716535433 217.3228346456693 103.93700787401575 le
1426.7716535433071 3185.8267716535433 398.4251968503937 103.93700787401575 plafond
1716.5354330708662 3185.8267716535433 253.54330708661416 103.93700787401575 ont
1861.4173228346456 3185.8267716535433 253.54330708661416 103.93700787401575 été
1970.0787401574803 3185.8267716535433 325.98425196850394 103.93700787401575 nouvel-

270.86614173228344 3258.267716535433 337.00787401574803 141.73228346456693 lement
505.51181102362204 3258.267716535433 403.1496062992126 141.73228346456693 exécutés
807.8740157480315 3258.267716535433 370.0787401574803 141.73228346456693 d’après
1077.1653543307086 3258.267716535433 234.64566929133858 141.73228346456693 les
1212.5984251968505 3258.267716535433 370.0787401574803 141.73228346456693 dessins
1480.3149606299212 3258.267716535433 201.5748031496063 141.73228346456693 de
1582.6771653543308 3258.267716535433 201.5748031496063 141.73228346456693 M.
1683.4645669291338 3258.267716535433 201.5748031496063 141.73228346456693 de
1784.251968503937 3258.267716535433 370.0787401574803 141.73228346456693 Gisors,
2018.8976377952756 3258.267716535433 269.29133858267716 141.73228346456693 archi-

267.7165354330709 3344.8818897637793 313.38582677165357 107.08661417322834 tecte
477.1653543307087 3344.8818897637793 209.4488188976378 107.08661417322834 du
546.4566929133858 3344.8818897637793 278.74015748031496 107.08661417322834 Sénat.

1066.1417322834645 3483.464566929134 377.9527559055118 122.83464566929133 <b>SALLES

508.66141732283467 3596.850393700787 444.09448818897636 105.51181102362204 SITUÉES
833.0708661417323 3596.850393700787 201.5748031496063 105.51181102362204 A
913.3858267716536 3596.850393700787 606.2992125984252 105.51181102362204 L’EXTRÉMITÉ
1398.4251968503936 3596.850393700787 242.51968503937007 105.51181102362204 DE
1519.6850393700788 3596.850393700787 242.51968503937007 105.51181102362204 LA
1600.0 3596.850393700787 444.09448818897636 105.51181102362204 TERRASSE.

344.88188976377955 3737.0078740157483 239.37007874015748 103.93700787401575 Ces
481.8897637795276 3737.0078740157483 341.73228346456693 103.93700787401575 salles
721.2598425196851 3737.0078740157483 341.73228346456693 103.93700787401575 furent
960.6299212598425 3737.0078740157483 511.81102362204723 103.93700787401575 construites
1370.0787401574803 3737.0078740157483 239.37007874015748 103.93700787401575 sur
1505.5118110236222 3737.0078740157483 239.37007874015748 103.93700787401575 une
1642.5196850393702 3737.0078740157483 341.73228346456693 103.93700787401575 partie
1881.8897637795276 3737.0078740157483 204.7244094488189 103.93700787401575 de
1949.6062992125985 3737.0078740157483 341.73228346456693 103.93700787401575 l’empla-

270.86614173228344 3828.3464566929133 355.90551181102364 56.69291338582677 cement
519.6850393700787 3828.3464566929133 212.5984251968504 56.69291338582677 de
626.7716535433071 3828.3464566929133 497.6377952755906 56.69291338582677 l’ancienne
1017.3228346456693 3828.3464566929133 390.5511811023622 56.69291338582677 galerie
1302.3622047244094 3828.3464566929133 212.5984251968504 56.69291338582677 de
1409.4488188976377 3828.3464566929133 390.5511811023622 56.69291338582677 Rubens.
1692.9133858267717 3828.3464566929133 319.68503937007875 56.69291338582677 Elies
1907.0866141732283 3828.3464566929133 355.90551181102364 56.69291338582677 furent
2119.685039370079 3828.3464566929133 177.95275590551182 56.69291338582677 en-

269.29133858267716 3892.9133858267714 324.40944881889766 94.48818897637796 suite
486.61417322834643 3892.9133858267714 433.07086614173227 94.48818897637796 occupées
811.0236220472441 3892.9133858267714 251.96850393700788 94.48818897637796 par
955.9055118110236 3892.9133858267714 217.3228346456693 94.48818897637796 la
1062.992125984252 3892.9133858267714 505.51181102362204 94.48818897637796 collection
1461.4173228346456 3892.9133858267714 251.96850393700788 94.48818897637796 des
1604.724409448819 3892.9133858267714 324.40944881889766 94.48818897637796 ports
1822.0472440944882 3892.9133858267714 217.3228346456693 94.48818897637796 de
1930.708661417323 3892.9133858267714 360.62992125984255 94.48818897637796 France
2146.4566929133857 3892.9133858267714 144.88188976377953 94.48818897637796 de

266.1417322834646 3965.3543307086616 368.503937007874 110.23622047244095 Joseph
522.8346456692914 3965.3543307086616 368.503937007874 110.23622047244095 Vernet
781.1023622047244 3965.3543307086616 220.4724409448819 110.23622047244095 et
891.3385826771654 3965.3543307086616 220.4724409448819 110.23622047244095 de
965.3543307086615 3965.3543307086616 220.4724409448819 110.23622047244095 Hue.
