2837.7952755905512 4935.433070866142
462.99212598425197 603.1496062992126 274.01574803149606 113.38582677165354 XVIII

1203.1496062992126 614.1732283464567 530.7086614173228 113.38582677165354 DÉCORATION

1285.0393700787401 748.0314960629921 425.1968503937008 108.66141732283465 PLAFOND.

581.1023622047244 877.1653543307086 222.04724409448818 77.16535433070867 Ce
691.3385826771654 877.1653543307086 442.5196850393701 77.16535433070867 tableau,
1023.6220472440945 877.1653543307086 332.2834645669291 77.16535433070867 peint
1245.6692913385828 877.1653543307086 222.04724409448818 77.16535433070867 de
1355.9055118110236 877.1653543307086 296.06299212598424 77.16535433070867 1800
1540.1574803149606 877.1653543307086 184.251968503937 77.16535433070867 à
1614.1732283464567 877.1653543307086 296.06299212598424 77.16535433070867 1804
1798.4251968503936 877.1653543307086 258.26771653543307 77.16535433070867 par
1946.4566929133857 877.1653543307086 516.5354330708661 77.16535433070867 Jean-Simon
2314.9606299212596 877.1653543307086 222.04724409448818 77.16535433070867 Ber-

500.78740157480314 951.1811023622047 434.6456692913386 99.21259842519684 thélemy,
826.7716535433071 951.1811023622047 217.3228346456693 99.21259842519684 né
935.4330708661417 951.1811023622047 181.10236220472441 99.21259842519684 à
1007.8740157480315 951.1811023622047 289.76377952755905 99.21259842519684 Laon
1188.976377952756 951.1811023622047 217.3228346456693 99.21259842519684 en
1297.6377952755906 951.1811023622047 325.98425196850394 99.21259842519684 1743,
1514.9606299212599 951.1811023622047 325.98425196850394 99.21259842519684 grand
1733.8582677165355 951.1811023622047 289.76377952755905 99.21259842519684 prix
1914.9606299212599 951.1811023622047 217.3228346456693 99.21259842519684 de
2023.6220472440946 951.1811023622047 289.76377952755905 99.21259842519684 Rome
2204.7244094488187 951.1811023622047 217.3228346456693 99.21259842519684 en
2277.165354330709 951.1811023622047 253.54330708661416 99.21259842519684 1767,

503.93700787401576 1037.7952755905512 357.4803149606299 100.78740157480316 membre
754.3307086614174 1037.7952755905512 214.17322834645668 100.78740157480316 de
861.4173228346457 1037.7952755905512 499.21259842519686 100.78740157480316 l’Académie
1253.5433070866143 1037.7952755905512 357.4803149606299 100.78740157480316 royale
1503.9370078740158 1037.7952755905512 214.17322834645668 100.78740157480316 de
1611.023622047244 1037.7952755905512 428.34645669291336 100.78740157480316 peinture
1932.283464566929 1037.7952755905512 214.17322834645668 100.78740157480316 en
2039.3700787401574 1037.7952755905512 321.25984251968504 100.78740157480316 1781,
2253.5433070866143 1037.7952755905512 214.17322834645668 100.78740157480316 et
2324.4094488188975 1037.7952755905512 214.17322834645668 100.78740157480316 mort

500.78740157480314 1105.5118110236222 171.6535433070866 108.66141732283465 à
570.0787401574803 1105.5118110236222 308.66141732283467 108.66141732283465 Paris
776.3779527559055 1105.5118110236222 206.29921259842519 108.66141732283465 le
878.7401574803149 1105.5118110236222 240.9448818897638 108.66141732283465 1er
1015.7480314960629 1105.5118110236222 274.01574803149606 108.66141732283465 mars
1187.4015748031495 1105.5118110236222 308.66141732283467 108.66141732283465 1811,
1359.0551181102362 1105.5118110236222 447.244094488189 108.66141732283465 représente:

574.8031496062993 1170.0787401574803 217.3228346456693 143.30708661417322 Le
683.4645669291339 1170.0787401574803 327.5590551181102 143.30708661417322 Génie
900.7874015748032 1170.0787401574803 508.66141732283467 143.30708661417322 victorieux
1300.7874015748032 1170.0787401574803 217.3228346456693 143.30708661417322 de
1409.4488188976377 1170.0787401574803 217.3228346456693 143.30708661417322 la
1518.1102362204724 1170.0787401574803 400.0 143.30708661417322 France,
1809.4488188976377 1170.0787401574803 363.7795275590551 143.30708661417322 appuyé
2062.9921259842517 1170.0787401574803 253.54330708661416 143.30708661417322 sur
2207.8740157480315 1170.0787401574803 217.3228346456693 143.30708661417322 un
2281.8897637795276 1170.0787401574803 253.54330708661416 143.30708661417322 fais-

503.93700787401576 1286.6141732283465 314.96062992125985 94.48818897637796 ceau,
713.3858267716536 1286.6141732283465 385.8267716535433 94.48818897637796 symbole
993.7007874015748 1286.6141732283465 209.4488188976378 94.48818897637796 de
1099.2125984251968 1286.6141732283465 209.4488188976378 94.48818897637796 la
1204.724409448819 1286.6141732283465 314.96062992125985 94.48818897637796 force
1414.1732283464567 1286.6141732283465 209.4488188976378 94.48818897637796 et
1519.6850393700788 1286.6141732283465 209.4488188976378 94.48818897637796 de
1625.1968503937007 1286.6141732283465 420.4724409448819 94.48818897637796 l’union,
1940.1574803149606 1286.6141732283465 420.4724409448819 94.48818897637796 revélant
2255.1181102362207 1286.6141732283465 174.8031496062992 94.48818897637796 à
2289.763779527559 1286.6141732283465 245.66929133858267 94.48818897637796 Clio,

503.93700787401576 1360.6299212598426 275.59055118110234 86.61417322834646 muse
675.5905511811023 1360.6299212598426 206.29921259842519 86.61417322834646 de
779.5275590551181 1360.6299212598426 516.5354330708661 86.61417322834646 l’histoire,
1192.1259842519685 1360.6299212598426 206.29921259842519 86.61417322834646 la
1296.0629921259842 1360.6299212598426 344.88188976377955 86.61417322834646 gloire
1537.007874015748 1360.6299212598426 240.9448818897638 86.61417322834646 des
1674.015748031496 1360.6299212598426 412.59842519685037 86.61417322834646 Français
1984.251968503937 1360.6299212598426 206.29921259842519 86.61417322834646 et
2088.1889763779527 1360.6299212598426 206.29921259842519 86.61417322834646 le
2190.551181102362 1360.6299212598426 344.88188976377955 86.61417322834646 retour
2398.4251968503936 1360.6299212598426 137.00787401574803 86.61417322834646 de

502.3622047244094 1428.3464566929133 392.12598425196853 88.18897637795276 l’ordre.
796.8503937007874 1428.3464566929133 196.8503937007874 88.18897637795276 Il
896.0629921259842 1428.3464566929133 294.48818897637796 88.18897637795276 tient
1091.3385826771653 1428.3464566929133 261.4173228346457 88.18897637795276 dans
1255.1181102362204 1428.3464566929133 229.92125984251967 88.18897637795276 une
1385.8267716535433 1428.3464566929133 294.48818897637796 88.18897637795276 main,
1582.6771653543308 1428.3464566929133 294.48818897637796 88.18897637795276 qu’il
1779.5275590551182 1428.3464566929133 327.5590551181102 88.18897637795276 élève,
2007.8740157480315 1428.3464566929133 196.8503937007874 88.18897637795276 la
2107.0866141732286 1428.3464566929133 327.5590551181102 88.18897637795276 figure
2335.433070866142 1428.3464566929133 196.8503937007874 88.18897637795276 de
2401.5748031496064 1428.3464566929133 130.70866141732284 88.18897637795276 la

502.3622047244094 1505.5118110236222 434.6456692913386 119.68503937007874 victoire,
836.2204724409448 1505.5118110236222 201.5748031496063 119.68503937007874 et
937.007874015748 1505.5118110236222 201.5748031496063 119.68503937007874 de
1037.7952755905512 1505.5118110236222 368.503937007874 119.68503937007874 l’autre
1305.5118110236222 1505.5118110236222 234.64566929133858 119.68503937007874 une
1439.3700787401574 1505.5118110236222 368.503937007874 119.68503937007874 branche
1674.015748031496 1505.5118110236222 401.5748031496063 119.68503937007874 d’olivier.

577.9527559055118 1598.4251968503936 165.35433070866142 83.46456692913385 A
644.0944881889764 1598.4251968503936 198.4251968503937 83.46456692913385 la
743.3070866141733 1598.4251968503936 330.70866141732284 83.46456692913385 clarté
974.8031496062993 1598.4251968503936 198.4251968503937 83.46456692913385 de
1074.015748031496 1598.4251968503936 231.49606299212599 83.46456692913385 son
1206.2992125984251 1598.4251968503936 429.9212598425197 83.46456692913385 flambeau,
1537.007874015748 1598.4251968503936 198.4251968503937 83.46456692913385 la
1637.7952755905512 1598.4251968503936 529.1338582677165 83.46456692913385 Philosophie,
2067.716535433071 1598.4251968503936 330.70866141732284 83.46456692913385 assise
2299.212598425197 1598.4251968503936 231.49606299212599 83.46456692913385 sur
2398.4251968503936 1598.4251968503936 132.28346456692913 83.46456692913385 un

502.3622047244094 1683.4645669291338 332.2834645669291 86.61417322834646 nuage,
735.4330708661417 1683.4645669291338 497.6377952755906 86.61417322834646 accompagnée
1133.8582677165355 1683.4645669291338 200.0 86.61417322834646 de
1233.0708661417323 1683.4645669291338 200.0 86.61417322834646 la
1332.283464566929 1683.4645669291338 365.3543307086614 86.61417322834646 Justice
1598.4251968503936 1683.4645669291338 200.0 86.61417322834646 et
1697.6377952755906 1683.4645669291338 200.0 86.61417322834646 de
1796.8503937007874 1683.4645669291338 200.0 86.61417322834646 la
1896.0629921259842 1683.4645669291338 398.4251968503937 86.61417322834646 Félicité
2162.2047244094488 1683.4645669291338 365.3543307086614 86.61417322834646 publique,

500.78740157480314 1760.6299212598426 258.26771653543307 97.63779527559055 pose
661.4173228346457 1760.6299212598426 225.1968503937008 97.63779527559055 sur
790.5511811023622 1760.6299212598426 193.70078740157481 97.63779527559055 sa
886.6141732283464 1760.6299212598426 289.76377952755905 97.63779527559055 tête,
1080.3149606299212 1760.6299212598426 258.26771653543307 97.63779527559055 d’uu
1240.9448818897638 1760.6299212598426 225.1968503937008 97.63779527559055 air
1370.0787401574803 1760.6299212598426 193.70078740157481 97.63779527559055 de
1466.1417322834645 1760.6299212598426 548.0314960629921 97.63779527559055 satisfaction,
1916.5354330708662 1760.6299212598426 193.70078740157481 97.63779527559055 le
2014.1732283464567 1760.6299212598426 322.8346456692913 97.63779527559055 cercle
2239.3700787401576 1760.6299212598426 193.70078740157481 97.63779527559055 de
2303.9370078740158 1760.6299212598426 225.1968503937008 97.63779527559055 l’im-

499.21259842519686 1823.6220472440946 481.8897637795276 118.11023622047244 mortalité.
878.7401574803149 1823.6220472440946 344.88188976377955 118.11023622047244 Tandis
1119.6850393700788 1823.6220472440946 240.9448818897638 118.11023622047244 que
1256.6929133858268 1823.6220472440946 275.59055118110234 118.11023622047244 Clio
1428.3464566929133 1823.6220472440946 310.23622047244095 118.11023622047244 grave
1636.2204724409448 1823.6220472440946 240.9448818897638 118.11023622047244 sur
1773.2283464566929 1823.6220472440946 206.29921259842519 118.11023622047244 un
1877.1653543307086 1823.6220472440946 412.59842519685037 118.11023622047244 bouclier
2185.8267716535433 1823.6220472440946 206.29921259842519 118.11023622047244 de
2255.1181102362207 1823.6220472440946 275.59055118110234 118.11023622047244 bronze

499.21259842519686 1900.7874015748032 233.0708661417323 99.21259842519684 les
631.496062992126 1900.7874015748032 299.21259842519686 99.21259842519684 hauts
831.496062992126 1900.7874015748032 299.21259842519686 99.21259842519684 faits
1031.4960629921259 1900.7874015748032 233.0708661417323 99.21259842519684 des
1165.3543307086613 1900.7874015748032 433.07086614173227 99.21259842519684 Français,
1497.6377952755906 1900.7874015748032 466.1417322834646 99.21259842519684 qu’Euterpe
1864.5669291338584 1900.7874015748032 233.0708661417323 99.21259842519684 les
1998.4251968503936 1900.7874015748032 333.8582677165354 99.21259842519684 chante
2231.496062992126 1900.7874015748032 200.0 99.21259842519684 en
2297.6377952755906 1900.7874015748032 233.0708661417323 99.21259842519684 s’ac-

489.76377952755905 1987.4015748031495 510.23622047244095 74.01574803149606 compagnant
891.3385826771654 1987.4015748031495 218.89763779527559 74.01574803149606 de
1000.0 1987.4015748031495 218.89763779527559 74.01574803149606 sa
1110.236220472441 1987.4015748031495 327.5590551181102 74.01574803149606 lyre,
1329.1338582677165 1987.4015748031495 255.11811023622047 74.01574803149606 que
1474.015748031496 1987.4015748031495 401.5748031496063 74.01574803149606 Caliope
1766.9291338582677 1987.4015748031495 401.5748031496063 74.01574803149606 célèbre
2058.267716535433 1987.4015748031495 255.11811023622047 74.01574803149606 par
2204.7244094488187 1987.4015748031495 255.11811023622047 74.01574803149606 ses
2313.3858267716537 1987.4015748031495 218.89763779527559 74.01574803149606 vers

494.48818897637796 2055.1181102362207 440.9448818897638 77.16535433070867 héroïques
834.6456692913385 2055.1181102362207 237.79527559055117 77.16535433070867 les
970.0787401574803 2055.1181102362207 338.5826771653543 77.16535433070867 vertus
1207.8740157480315 2055.1181102362207 203.1496062992126 77.16535433070867 et
1308.6614173228347 2055.1181102362207 203.1496062992126 77.16535433070867 le
1411.023622047244 2055.1181102362207 373.2283464566929 77.16535433070867 courage
1681.8897637795276 2055.1181102362207 237.79527559055117 77.16535433070867 des
1818.8976377952756 2055.1181102362207 407.87401574803147 77.16535433070867 citoyens
2122.834645669291 2055.1181102362207 237.79527559055117 77.16535433070867 qui
2259.8425196850394 2055.1181102362207 237.79527559055117 77.16535433070867 ont
2360.6299212598424 2055.1181102362207 170.07874015748033 77.16535433070867 il-

489.76377952755905 2132.283464566929 351.18110236220474 86.61417322834646 lustré
735.4330708661417 2132.283464566929 211.0236220472441 86.61417322834646 la
840.9448818897638 2132.283464566929 387.40157480314963 86.61417322834646 patrie,
1122.8346456692914 2132.283464566929 211.0236220472441 86.61417322834646 la
1228.3464566929133 2132.283464566929 456.6929133858268 86.61417322834646 Renommée,
1579.5275590551182 2132.283464566929 387.40157480314963 86.61417322834646 planant
1861.4173228346456 2132.283464566929 281.8897637795276 86.61417322834646 dans
2036.2204724409448 2132.283464566929 245.66929133858267 86.61417322834646 les
2177.952755905512 2132.283464566929 316.53543307086613 86.61417322834646 airs,
2352.755905511811 2132.283464566929 176.3779527559055 86.61417322834646 les

485.03937007874015 2214.1732283464567 359.0551181102362 91.33858267716535 publie
737.007874015748 2214.1732283464567 179.5275590551181 91.33858267716535 à
807.8740157480315 2214.1732283464567 502.3622047244094 91.33858267716535 l’univers.
1201.5748031496064 2214.1732283464567 359.0551181102362 91.33858267716535 Auprès
1453.5433070866143 2214.1732283464567 215.748031496063 91.33858267716535 de
1560.6299212598426 2214.1732283464567 502.3622047244094 91.33858267716535 l’Histoire
1954.3307086614172 2214.1732283464567 215.748031496063 91.33858267716535 on
2061.417322834646 2214.1732283464567 429.9212598425197 91.33858267716535 remarque
2348.031496062992 2214.1732283464567 179.5275590551181 91.33858267716535 les

492.9133858267717 2289.763779527559 343.3070866141732 121.25984251968504 bustes
733.8582677165355 2289.763779527559 206.29921259842519 121.25984251968504 de
836.2204724409448 2289.763779527559 206.29921259842519 121.25984251968504 J.
940.1574803149606 2289.763779527559 343.3070866141732 121.25984251968504 Vernet
1181.1023622047244 2289.763779527559 206.29921259842519 121.25984251968504 et
1283.4645669291338 2289.763779527559 206.29921259842519 121.25984251968504 de
1387.4015748031495 2289.763779527559 308.66141732283467 121.25984251968504 J.-J.
1593.7007874015749 2289.763779527559 447.244094488189 121.25984251968504 Rousseau.
1937.007874015748 2289.763779527559 171.6535433070866 121.25984251968504 —
2006.2992125984251 2289.763779527559 308.66141732283467 121.25984251968504 Cette
2177.952755905512 2289.763779527559 343.3070866141732 121.25984251968504 peinture

492.9133858267717 2363.779527559055 206.29921259842519 127.55905511811024 est
611.0236220472441 2363.779527559055 324.40944881889766 127.55905511811024 signée:
847.2440944881889 2363.779527559055 647.2440944881889 127.55905511811024 <i>Berthélemy</i>
1406.2992125984251 2363.779527559055 176.3779527559055 127.55905511811024 an
1494.4881889763778 2363.779527559055 236.2204724409449 127.55905511811024 VIII
1640.9448818897638 2363.779527559055 176.3779527559055 127.55905511811024 et
1729.1338582677165 2363.779527559055 176.3779527559055 127.55905511811024 an
1788.976377952756 2363.779527559055 176.3779527559055 127.55905511811024 XII.

562.2047244094488 2466.1417322834645 280.31496062992125 111.81102362204724 Dans
737.007874015748 2466.1417322834645 209.4488188976378 111.81102362204724 la
840.9448818897638 2466.1417322834645 418.8976377952756 111.81102362204724 voussure
1155.9055118110236 2466.1417322834645 209.4488188976378 111.81102362204724 de
1261.4173228346456 2466.1417322834645 209.4488188976378 111.81102362204724 ce
1365.3543307086613 2466.1417322834645 418.8976377952756 111.81102362204724 plafond,
1680.3149606299212 2466.1417322834645 349.6062992125984 111.81102362204724 décoré
1925.984251968504 2466.1417322834645 384.251968503937 111.81102362204724 d’après
2204.7244094488187 2466.1417322834645 244.09448818897638 111.81102362204724 les
2310.236220472441 2466.1417322834645 209.4488188976378 111.81102362204724 des-

488.18897637795277 2551.181102362205 285.03937007874015 86.61417322834646 sins
667.7165354330708 2551.181102362205 214.17322834645668 86.61417322834646 de
774.8031496062993 2551.181102362205 464.56692913385825 86.61417322834646 Chalgrin,
1130.708661417323 2551.181102362205 321.25984251968504 86.61417322834646 alors
1344.8818897637796 2551.181102362205 499.21259842519686 86.61417322834646 architecte
1737.007874015748 2551.181102362205 214.17322834645668 86.61417322834646 du
1844.0944881889764 2551.181102362205 357.4803149606299 86.61417322834646 Sénat,
2094.488188976378 2551.181102362205 285.03937007874015 86.61417322834646 sont
2237.7952755905512 2551.181102362205 285.03937007874015 86.61417322834646 quatre

485.03937007874015 2633.0708661417325 525.9842519685039 99.21259842519684 bas-reliefs
905.511811023622 2633.0708661417325 280.31496062992125 99.21259842519684 dont
1081.8897637795276 2633.0708661417325 491.33858267716533 99.21259842519684 Berthélemy
1467.716535433071 2633.0708661417325 316.53543307086613 99.21259842519684 donna
1678.740157480315 2633.0708661417325 245.66929133858267 99.21259842519684 les
1818.8976377952756 2633.0708661417325 385.8267716535433 99.21259842519684 sujets.
2099.212598425197 2633.0708661417325 245.66929133858267 99.21259842519684 Ils
2240.9448818897636 2633.0708661417325 245.66929133858267 99.21259842519684 ont
2346.4566929133857 2633.0708661417325 174.8031496062992 99.21259842519684 été

483.46456692913387 2711.8110236220473 349.6062992125984 107.08661417322834 peints
727.5590551181102 2711.8110236220473 244.09448818897638 107.08661417322834 par
867.7165354330708 2711.8110236220473 664.5669291338583 107.08661417322834 Pierre-François
1426.7716535433071 2711.8110236220473 418.8976377952756 107.08661417322834 Lesueur,
1741.732283464567 2711.8110236220473 209.4488188976378 107.08661417322834 né
1847.244094488189 2711.8110236220473 174.8031496062992 107.08661417322834 à
1916.5354330708662 2711.8110236220473 314.96062992125985 107.08661417322834 Paris
2125.984251968504 2711.8110236220473 209.4488188976378 107.08661417322834 en
2196.850393700787 2711.8110236220473 244.09448818897638 107.08661417322834 1757.

555.9055118110236 2800.0 217.3228346456693 119.68503937007874 Le
664.5669291338583 2800.0 396.8503937007874 119.68503937007874 premier
952.7559055118111 2800.0 505.51181102362204 119.68503937007874 représente
1314.9606299212599 2800.0 577.9527559055118 119.68503937007874 l’Agriculture:

595.2755905511812 2875.5905511811025 450.3937007874016 146.45669291338584 Cincinnatus
955.9055118110236 2875.5905511811025 211.0236220472441 146.45669291338584 est
1075.5905511811025 2875.5905511811025 300.78740157480314 146.45669291338584 occupé
1286.6141732283465 2875.5905511811025 149.60629921259843 146.45669291338584 à
1346.4566929133857 2875.5905511811025 360.62992125984255 146.45669291338584 labourer
1617.3228346456692 2875.5905511811025 211.0236220472441 146.45669291338584 son
1737.007874015748 2875.5905511811025 270.86614173228344 146.45669291338584 champ
1916.5354330708662 2875.5905511811025 179.5275590551181 146.45669291338584 au
2007.8740157480315 2875.5905511811025 300.78740157480314 146.45669291338584 moment
2217.3228346456694 2875.5905511811025 179.5275590551181 146.45669291338584 où
2307.0866141732286 2875.5905511811025 179.5275590551181 146.45669291338584 le
2368.503937007874 2875.5905511811025 149.60629921259843 146.45669291338584 dé-

543.3070866141733 2968.503937007874 236.2204724409449 94.48818897637796 puté
691.3385826771654 2968.503937007874 177.95275590551182 94.48818897637796 du
779.5275590551181 2968.503937007874 266.1417322834646 94.48818897637796 Sénat
957.4803149606299 2968.503937007874 177.95275590551182 94.48818897637796 de
1047.244094488189 2968.503937007874 236.2204724409449 94.48818897637796 Rome
1193.7007874015749 2968.503937007874 206.29921259842519 94.48818897637796 lui
1313.3858267716535 2968.503937007874 325.98425196850394 94.48818897637796 annonce
1549.6062992125985 2968.503937007874 177.95275590551182 94.48818897637796 sa
1637.7952755905512 2968.503937007874 414.1732283464567 94.48818897637796 nomination
1963.7795275590552 2968.503937007874 177.95275590551182 94.48818897637796 au
2022.0472440944882 2968.503937007874 325.98425196850394 94.48818897637796 consulat.

560.6299212598425 3058.267716535433 212.5984251968504 108.66141732283465 Le
666.1417322834645 3058.267716535433 459.84251968503935 108.66141732283465 deuxième,
1018.8976377952756 3058.267716535433 600.0 108.66141732283465 l’Instruction
1513.3858267716535 3058.267716535433 423.62204724409446 108.66141732283465 publique
1796.8503937007874 3058.267716535433 105.51181102362204 108.66141732283465 :

596.8503937007874 3159.0551181102364 355.90551181102364 81.88976377952756 Socrate,
864.5669291338583 3159.0551181102364 296.06299212598424 81.88976377952756 Platon
1070.8661417322835 3159.0551181102364 177.95275590551182 81.88976377952756 et
1160.6299212598426 3159.0551181102364 207.8740157480315 81.88976377952756 les
1278.740157480315 3159.0551181102364 296.06299212598424 81.88976377952756 autres
1486.6141732283465 3159.0551181102364 444.09448818897636 81.88976377952756 philosophes
1842.5196850393702 3159.0551181102364 385.8267716535433 81.88976377952756 d’Athènes
2108.6614173228345 3159.0551181102364 385.8267716535433 81.88976377952756 expliquent;

543.3070866141733 3233.0708661417325 242.51968503937007 67.71653543307086 leurs
705.511811023622 3233.0708661417325 351.18110236220474 67.71653543307086 disciples
974.8031496062993 3233.0708661417325 188.9763779527559 67.71653543307086 les
1083.4645669291338 3233.0708661417325 324.40944881889766 67.71653543307086 éléments
1325.984251968504 3233.0708661417325 188.9763779527559 67.71653543307086 des
1406.2992125984251 3233.0708661417325 297.6377952755906 67.71653543307086 sciences.

555.9055118110236 3297.6377952755906 203.1496062992126 125.98425196850394 Le
658.2677165354331 3297.6377952755906 475.59055118110234 125.98425196850394 troisième,
1031.4960629921259 3297.6377952755906 203.1496062992126 125.98425196850394 le
1133.8582677165355 3297.6377952755906 305.51181102362204 125.98425196850394 Fruit
1337.007874015748 3297.6377952755906 237.79527559055117 125.98425196850394 des
1439.3700787401574 3297.6377952755906 407.87401574803147 125.98425196850394 victoires:

593.7007874015748 3379.527559055118 400.0 105.51181102362204 Marcellus,
908.6614173228346 3379.527559055118 314.96062992125985 105.51181102362204 général
1137.007874015748 3379.527559055118 200.0 105.51181102362204 des
1250.3937007874015 3379.527559055118 343.3070866141732 105.51181102362204 Romains,
1508.6614173228347 3379.527559055118 256.6929133858268 105.51181102362204 après
1680.3149606299212 3379.527559055118 286.61417322834643 105.51181102362204 s’être
1880.3149606299212 3379.527559055118 256.6929133858268 105.51181102362204 rendu
2051.968503937008 3379.527559055118 286.61417322834643 105.51181102362204 maître
2251.968503937008 3379.527559055118 171.6535433070866 105.51181102362204 de
2308.6614173228345 3379.527559055118 200.0 105.51181102362204 Syra-

537.007874015748 3470.8661417322833 242.51968503937007 97.63779527559055 cuse,
699.2125984251968 3470.8661417322833 215.748031496063 97.63779527559055 fait
834.6456692913385 3470.8661417322833 297.6377952755906 97.63779527559055 enlever
1050.3937007874015 3470.8661417322833 162.20472440944883 97.63779527559055 de
1130.708661417323 3470.8661417322833 242.51968503937007 97.63779527559055 cette
1292.9133858267717 3470.8661417322833 242.51968503937007 97.63779527559055 ville
1455.1181102362204 3470.8661417322833 188.9763779527559 97.63779527559055 les
1563.7795275590552 3470.8661417322833 351.18110236220474 97.63779527559055 monuments
1833.0708661417323 3470.8661417322833 188.9763779527559 97.63779527559055 des
1941.732283464567 3470.8661417322833 324.40944881889766 97.63779527559055 sciences
2184.251968503937 3470.8661417322833 162.20472440944883 97.63779527559055 et
2266.1417322834645 3470.8661417322833 188.9763779527559 97.63779527559055 des
2346.4566929133857 3470.8661417322833 162.20472440944883 97.63779527559055 arts

541.7322834645669 3537.0078740157483 204.7244094488189 81.88976377952756 pour
669.2913385826772 3537.0078740157483 179.5275590551181 81.88976377952756 les
771.6535433070866 3537.0078740157483 229.92125984251967 81.88976377952756 faire
925.9842519685039 3537.0078740157483 256.6929133858268 81.88976377952756 servir
1105.5118110236222 3537.0078740157483 127.55905511811024 81.88976377952756 à
1155.9055118110236 3537.0078740157483 436.2204724409449 81.88976377952756 l’instruction
1514.9606299212599 3537.0078740157483 154.33070866141733 81.88976377952756 et
1592.1259842519685 3537.0078740157483 127.55905511811024 81.88976377952756 à
1642.5196850393702 3537.0078740157483 154.33070866141733 81.88976377952756 la
1719.6850393700788 3537.0078740157483 256.6929133858268 81.88976377952756 gloire
1899.2125984251968 3537.0078740157483 154.33070866141733 81.88976377952756 de
1976.3779527559054 3537.0078740157483 154.33070866141733 81.88976377952756 sa
2028.3464566929133 3537.0078740157483 229.92125984251967 81.88976377952756 patrie.

548.0314960629921 3592.1259842519685 215.748031496063 122.83464566929133 Le
656.6929133858267 3592.1259842519685 503.93700787401576 122.83464566929133 quatrième,
1051.9685039370079 3592.1259842519685 215.748031496063 122.83464566929133 le
1159.0551181102362 3592.1259842519685 431.496062992126 122.83464566929133 Commerce
1483.4645669291338 3592.1259842519685 215.748031496063 122.83464566929133 et
1554.3307086614172 3592.1259842519685 503.93700787401576 122.83464566929133 l’Industrie:

588.9763779527559 3691.3385826771655 322.8346456692913 92.91338582677166 Neptune
825.1968503937007 3691.3385826771655 176.3779527559055 92.91338582677166 et
913.3858267716536 3691.3385826771655 352.755905511811 92.91338582677166 Minerve,
1177.9527559055118 3691.3385826771655 294.48818897637796 92.91338582677166 suivis
1382.6771653543308 3691.3385826771655 176.3779527559055 92.91338582677166 de
1470.8661417322835 3691.3385826771655 470.86614173228344 92.91338582677166 l'Abondance,
1853.5433070866143 3691.3385826771655 352.755905511811 92.91338582677166 déposent
2118.1102362204724 3691.3385826771655 206.29921259842519 92.91338582677166 sur
2236.220472440945 3691.3385826771655 176.3779527559055 92.91338582677166 un
2294.488188976378 3691.3385826771655 206.29921259842519 92.91338582677166 autel

537.007874015748 3773.228346456693 359.0551181102362 74.01574803149606 l’olivier
814.1732283464567 3773.228346456693 165.35433070866142 74.01574803149606 de
897.6377952755905 3773.228346456693 165.35433070866142 74.01574803149606 la
979.5275590551181 3773.228346456693 248.8188976377953 74.01574803149606 paix,
1146.4566929133857 3773.228346456693 165.35433070866142 74.01574803149606 et
1228.3464566929133 3773.228346456693 303.93700787401576 74.01574803149606 Mercure
1450.3937007874015 3773.228346456693 359.0551181102362 74.01574803149606 encourage
1725.984251968504 3773.228346456693 165.35433070866142 74.01574803149606 et
1809.4488188976377 3773.228346456693 220.4724409448819 74.01574803149606 fait
1948.0314960629921 3773.228346456693 303.93700787401576 74.01574803149606 fleurir
2168.503937007874 3773.228346456693 165.35433070866142 74.01574803149606 le
2223.6220472440946 3773.228346456693 277.1653543307087 74.01574803149606 commerce

538.5826771653543 3831.496062992126 170.07874015748033 81.88976377952756 en
623.6220472440945 3831.496062992126 426.7716535433071 81.88976377952756 fournissant
965.3543307086615 3831.496062992126 198.4251968503937 81.88976377952756 aux
1078.740157480315 3831.496062992126 341.73228346456693 81.88976377952756 citoyens
1333.8582677165355 3831.496062992126 370.0787401574803 81.88976377952756 laborieux
1618.8976377952756 3831.496062992126 198.4251968503937 81.88976377952756 les
1732.283464566929 3831.496062992126 341.73228346456693 81.88976377952756 matières
1987.4015748031495 3831.496062992126 283.46456692913387 81.88976377952756 qu’ils
2187.4015748031497 3831.496062992126 311.81102362204723 81.88976377952756 mettent
2385.8267716535433 3831.496062992126 113.38582677165354 81.88976377952756 en

533.8582677165355 3891.3385826771655 247.24409448818898 88.18897637795276 œuvre
697.6377952755905 3891.3385826771655 220.4724409448819 88.18897637795276 sous
836.2204724409448 3891.3385826771655 192.1259842519685 88.18897637795276 les
946.4566929133858 3891.3385826771655 220.4724409448819 88.18897637795276 yeux
1083.4645669291338 3891.3385826771655 165.35433070866142 88.18897637795276 de
1166.9291338582677 3891.3385826771655 165.35433070866142 88.18897637795276 la
1248.8188976377953 3891.3385826771655 275.59055118110234 88.18897637795276 déesse
1440.9448818897638 3891.3385826771655 165.35433070866142 88.18897637795276 de
1496.0629921259842 3891.3385826771655 385.8267716535433 88.18897637795276 l’industrie.
