1802 3134
294 383 174 72 XVIII

764 390 337 72 DÉCORATION

816 475 270 69 PLAFOND.

369 557 141 49 Ce
439 557 281 49 tableau,
650 557 211 49 peint
791 557 141 49 de
861 557 188 49 1800
978 557 117 49 à
1025 557 188 49 1804
1142 557 164 49 par
1236 557 328 49 Jean-Simon
1470 557 141 49 Ber-

318 604 276 63 thélemy,
525 604 138 63 né
594 604 115 63 à
640 604 184 63 Laon
755 604 138 63 en
824 604 207 63 1743,
962 604 207 63 grand
1101 604 184 63 prix
1216 604 138 63 de
1285 604 184 63 Rome
1400 604 138 63 en
1446 604 161 63 1767,

320 659 227 64 membre
479 659 136 64 de
547 659 317 64 l’Académie
796 659 227 64 royale
955 659 136 64 de
1023 659 272 64 peinture
1227 659 136 64 en
1295 659 204 64 1781,
1431 659 136 64 et
1476 659 136 64 mort

318 702 109 69 à
362 702 196 69 Paris
493 702 131 69 le
558 702 153 69 1er
645 702 174 69 mars
754 702 196 69 1811,
863 702 284 69 représente:

365 743 138 91 Le
434 743 208 91 Génie
572 743 323 91 victorieux
826 743 138 91 de
895 743 138 91 la
964 743 254 91 France,
1149 743 231 91 appuyé
1310 743 161 91 sur
1402 743 138 91 un
1449 743 161 91 fais-

320 817 200 60 ceau,
453 817 245 60 symbole
631 817 133 60 de
698 817 133 60 la
765 817 200 60 force
898 817 133 60 et
965 817 133 60 de
1032 817 267 60 l’union,
1232 817 267 60 revélant
1432 817 111 60 à
1454 817 156 60 Clio,

320 864 175 55 muse
429 864 131 55 de
495 864 328 55 l’histoire,
757 864 131 55 la
823 864 219 55 gloire
976 864 153 55 des
1063 864 262 55 Français
1260 864 131 55 et
1326 864 131 55 le
1391 864 219 55 retour
1523 864 87 55 de

319 907 249 56 l’ordre.
506 907 125 56 Il
569 907 187 56 tient
693 907 166 56 dans
797 907 146 56 une
880 907 187 56 main,
1005 907 187 56 qu’il
1130 907 208 56 élève,
1275 907 125 56 la
1338 907 208 56 figure
1483 907 125 56 de
1525 907 83 56 la

319 956 276 76 victoire,
531 956 128 76 et
595 956 128 76 de
659 956 234 76 l’autre
829 956 149 76 une
914 956 234 76 branche
1063 956 255 76 d’olivier.

367 1015 105 53 A
409 1015 126 53 la
472 1015 210 53 clarté
619 1015 126 53 de
682 1015 147 53 son
766 1015 273 53 flambeau,
976 1015 126 53 la
1040 1015 336 53 Philosophie,
1313 1015 210 53 assise
1460 1015 147 53 sur
1523 1015 84 53 un

319 1069 211 55 nuage,
467 1069 316 55 accompagnée
720 1069 127 55 de
783 1069 127 55 la
846 1069 232 55 Justice
1015 1069 127 55 et
1078 1069 127 55 de
1141 1069 127 55 la
1204 1069 253 55 Félicité
1373 1069 232 55 publique,

318 1118 164 62 pose
420 1118 143 62 sur
502 1118 123 62 sa
563 1118 184 62 tête,
686 1118 164 62 d’uu
788 1118 143 62 air
870 1118 123 62 de
931 1118 348 62 satisfaction,
1217 1118 123 62 le
1279 1118 205 62 cercle
1422 1118 123 62 de
1463 1118 143 62 l’im-

317 1158 306 75 mortalité.
558 1158 219 75 Tandis
711 1158 153 75 que
798 1158 175 75 Clio
907 1158 197 75 grave
1039 1158 153 75 sur
1126 1158 131 75 un
1192 1158 262 75 bouclier
1388 1158 131 75 de
1432 1158 175 75 bronze

317 1207 148 63 les
401 1207 190 63 hauts
528 1207 190 63 faits
655 1207 148 63 des
740 1207 275 63 Français,
951 1207 296 63 qu’Euterpe
1184 1207 148 63 les
1269 1207 212 63 chante
1417 1207 127 63 en
1459 1207 148 63 s’ac-

311 1262 324 47 compagnant
566 1262 139 47 de
635 1262 139 47 sa
705 1262 208 47 lyre,
844 1262 162 47 que
936 1262 255 47 Caliope
1122 1262 255 47 célèbre
1307 1262 162 47 par
1400 1262 162 47 ses
1469 1262 139 47 vers

314 1305 280 49 héroïques
530 1305 151 49 les
616 1305 215 49 vertus
767 1305 129 49 et
831 1305 129 49 le
896 1305 237 49 courage
1068 1305 151 49 des
1155 1305 259 49 citoyens
1348 1305 151 49 qui
1435 1305 151 49 ont
1499 1305 108 49 il-

311 1354 223 55 lustré
467 1354 134 55 la
534 1354 246 55 patrie,
713 1354 134 55 la
780 1354 290 55 Renommée,
1003 1354 246 55 planant
1182 1354 179 55 dans
1293 1354 156 55 les
1383 1354 201 55 airs,
1494 1354 112 55 les

308 1406 228 58 publie
468 1406 114 58 à
513 1406 319 58 l’univers.
763 1406 228 58 Auprès
923 1406 137 58 de
991 1406 319 58 l’Histoire
1241 1406 137 58 on
1309 1406 273 58 remarque
1491 1406 114 58 les

313 1454 218 77 bustes
466 1454 131 77 de
531 1454 131 77 J.
597 1454 218 77 Vernet
750 1454 131 77 et
815 1454 131 77 de
881 1454 196 77 J.-J.
1012 1454 284 77 Rousseau.
1230 1454 109 77 —
1274 1454 196 77 Cette
1383 1454 218 77 peinture

313 1501 131 81 est
388 1501 206 81 signée:
538 1501 411 81 <i>Berthélemy</i>,
893 1501 112 81 an
949 1501 150 81 VIII
1042 1501 112 81 et
1098 1501 112 81 an
1136 1501 112 81 XII.

357 1566 178 71 Dans
468 1566 133 71 la
534 1566 266 71 voussure
734 1566 133 71 de
801 1566 133 71 ce
867 1566 266 71 plafond,
1067 1566 222 71 décoré
1223 1566 244 71 d’après
1400 1566 155 71 les
1467 1566 133 71 des-

310 1620 181 55 sins
424 1620 136 55 de
492 1620 295 55 Chalgrin,
718 1620 204 55 alors
854 1620 317 55 architecte
1103 1620 136 55 du
1171 1620 227 55 Sénat,
1330 1620 181 55 sont
1421 1620 181 55 quatre

308 1672 334 63 bas-reliefs
575 1672 178 63 dont
687 1672 312 63 Berthélemy
932 1672 201 63 donna
1066 1672 156 63 les
1155 1672 245 63 sujets.
1333 1672 156 63 Ils
1423 1672 156 63 ont
1490 1672 111 63 été

307 1722 222 68 peints
462 1722 155 68 par
551 1722 422 68 Pierre-François
906 1722 266 68 Lesueur,
1106 1722 133 68 né
1173 1722 111 68 à
1217 1722 200 68 Paris
1350 1722 133 68 en
1395 1722 155 68 1757.

353 1778 138 76 Le
422 1778 252 76 premier
605 1778 321 76 représente
835 1778 367 76 l’Agriculture:

378 1826 286 93 Cincinnatus
607 1826 134 93 est
683 1826 191 93 occupé
817 1826 95 93 à
855 1826 229 93 labourer
1027 1826 134 93 son
1103 1826 172 93 champ
1217 1826 114 93 au
1275 1826 191 93 moment
1408 1826 114 93 où
1465 1826 114 93 le
1504 1826 95 93 dé-

345 1885 150 60 puté
439 1885 113 60 du
495 1885 169 60 Sénat
608 1885 113 60 de
665 1885 150 60 Rome
758 1885 131 60 lui
834 1885 207 60 annonce
984 1885 113 60 sa
1040 1885 263 60 nomination
1247 1885 113 60 au
1284 1885 207 60 consulat.

356 1942 135 69 Le
423 1942 292 69 deuxième,
647 1942 381 69 l’Instruction
961 1942 269 69 publique
1141 1942 67 69 :

379 2006 226 52 Socrate,
549 2006 188 52 Platon
680 2006 113 52 et
737 2006 132 52 les
812 2006 188 52 autres
944 2006 282 52 philosophes
1170 2006 245 52 d’Athènes
1339 2006 245 52 expliquent;

345 2053 154 43 leurs
448 2053 223 43 disciples
619 2053 120 43 les
688 2053 206 43 éléments
842 2053 120 43 des
893 2053 189 43 sciences.

353 2094 129 80 Le
418 2094 302 80 troisième,
655 2094 129 80 le
720 2094 194 80 Fruit
849 2094 151 80 des
914 2094 259 80 victoires:

377 2146 254 67 Marcellus,
577 2146 200 67 général
722 2146 127 67 des
794 2146 218 67 Romains,
958 2146 163 67 après
1067 2146 182 67 s’être
1194 2146 163 67 rendu
1303 2146 182 67 maître
1430 2146 109 67 de
1466 2146 127 67 Syra-

341 2204 154 62 cuse,
444 2204 137 62 fait
530 2204 189 62 enlever
667 2204 103 62 de
718 2204 154 62 cette
821 2204 154 62 ville
924 2204 120 62 les
993 2204 223 62 monuments
1164 2204 120 62 des
1233 2204 206 62 sciences
1387 2204 103 62 et
1439 2204 120 62 des
1490 2204 103 62 arts

344 2246 130 52 pour
425 2246 114 52 les
490 2246 146 52 faire
588 2246 163 52 servir
702 2246 81 52 à
734 2246 277 52 l’instruction
962 2246 98 52 et
1011 2246 81 52 à
1043 2246 98 52 la
1092 2246 163 52 gloire
1206 2246 98 52 de
1255 2246 98 52 sa
1288 2246 146 52 patrie.

348 2281 137 78 Le
417 2281 320 78 quatrième,
668 2281 137 78 le
736 2281 274 78 Commerce
942 2281 137 78 et
987 2281 320 78 l’Industrie:

374 2344 205 59 Neptune
524 2344 112 59 et
580 2344 224 59 Minerve,
748 2344 187 59 suivis
878 2344 112 59 de
934 2344 299 59 l'Abondance,
1177 2344 224 59 déposent
1345 2344 131 59 sur
1420 2344 112 59 un
1457 2344 131 59 autel

341 2396 228 47 l’olivier
517 2396 105 47 de
570 2396 105 47 la
622 2396 158 47 paix,
728 2396 105 47 et
780 2396 193 47 Mercure
921 2396 228 47 encourage
1096 2396 105 47 et
1149 2396 140 47 fait
1237 2396 193 47 fleurir
1377 2396 105 47 le
1412 2396 176 47 commerce

342 2433 108 52 en
396 2433 271 52 fournissant
613 2433 126 52 aux
685 2433 217 52 citoyens
847 2433 235 52 laborieux
1028 2433 126 52 les
1100 2433 217 52 matières
1262 2433 180 52 qu’ils
1389 2433 198 52 mettent
1515 2433 72 52 en

339 2471 157 56 œuvre
443 2471 140 56 sous
531 2471 122 56 les
601 2471 140 56 yeux
688 2471 105 56 de
741 2471 105 56 la
793 2471 175 56 déesse
915 2471 105 56 de
950 2471 245 56 l’industrie.
