2839.3700787401576 4948.031496062992
2694.488188976378 37.79527559055118 151.1811023622047 105.51181102362204 1

388.9763779527559 535.4330708661417 212.5984251968504 118.11023622047244 2

1266.1417322834645 576.3779527559055 464.56692913385825 113.38582677165354 PEINTURE.

499.21259842519686 721.2598425196851 401.5748031496063 135.43307086614172 ANASTASI
800.0 721.2598425196851 469.29133858267716 135.43307086614172 (AUGUSTE),
1168.5039370078741 721.2598425196851 300.78740157480314 135.43307086614172 né
1368.5039370078741 721.2598425196851 166.9291338582677 135.43307086614172 à
1436.2204724409448 721.2598425196851 335.43307086614175 135.43307086614172 Paris,
1670.8661417322835 721.2598425196851 300.78740157480314 135.43307086614172 élève
1870.8661417322835 721.2598425196851 201.5748031496063 135.43307086614172 de
1971.6535433070867 721.2598425196851 201.5748031496063 135.43307086614172 P.
2037.7952755905512 721.2598425196851 502.3622047244094 135.43307086614172 Delaroche

593.7007874015748 798.4251968503937 226.77165354330708 124.40944881889764 et
744.8818897637796 798.4251968503937 151.1811023622047 124.40944881889764 de
820.4724409448819 798.4251968503937 151.1811023622047 124.40944881889764 M.
870.8661417322835 798.4251968503937 302.3622047244094 124.40944881889764 Corot

568.503937007874 907.0866141732283 341.73228346456693 162.20472440944883 9ucher
807.8740157480315 907.0866141732283 171.6535433070866 162.20472440944883 o
877.1653543307086 907.0866141732283 204.7244094488189 162.20472440944883 de
979.5275590551181 907.0866141732283 341.73228346456693 162.20472440944883 soleil
1184.251968503937 907.0866141732283 444.09448818897636 162.20472440944883 (Hollande).

844.0944881889764 1036.2204724409448 162.20472440944883 119.68503937007874 H.
924.4094488188977 1036.2204724409448 162.20472440944883 119.68503937007874 0,
1006.2992125984252 1036.2204724409448 190.5511811023622 119.68503937007874 62.
1114.9606299212599 1036.2204724409448 135.43307086614172 119.68503937007874 —
1170.0787401574803 1036.2204724409448 162.20472440944883 119.68503937007874 L.
1250.3937007874015 1036.2204724409448 162.20472440944883 119.68503937007874 0,
1305.5118110236222 1036.2204724409448 135.43307086614172 119.68503937007874 92.

1962.2047244094488 1089.763779527559 303.93700787401576 114.96062992125984 (Salon
2174.803149606299 1089.763779527559 182.6771653543307 114.96062992125984 de
2234.6456692913384 1089.763779527559 212.5984251968504 114.96062992125984 1857.

497.6377952755906 1250.3937007874015 303.93700787401576 119.68503937007874 ANDRÉ
699.2125984251968 1250.3937007874015 406.2992125984252 119.68503937007874 (JULES),
1004.7244094488188 1250.3937007874015 303.93700787401576 119.68503937007874 né
1207.8740157480315 1250.3937007874015 168.50393700787401 119.68503937007874 à
1275.5905511811025 1250.3937007874015 338.5826771653543 119.68503937007874 Paris,
1511.8110236220473 1250.3937007874015 303.93700787401576 119.68503937007874 élève
1714.9606299212599 1250.3937007874015 203.1496062992126 119.68503937007874 de
1817.3228346456692 1250.3937007874015 203.1496062992126 119.68503937007874 M.
1918.1102362204724 1250.3937007874015 406.2992125984252 119.68503937007874 Watelet,
2188.9763779527557 1250.3937007874015 338.5826771653543 119.68503937007874 che

576.3779527559055 1379.5275590551182 425.1968503937008 99.21259842519684 valier
903.9370078740158 1379.5275590551182 195.2755905511811 99.21259842519684 de
1001.5748031496063 1379.5275590551182 195.2755905511811 99.21259842519684 la
1099.2125984251968 1379.5275590551182 653.5433070866142 99.21259842519684 Légion-d’Honneur
1653.5433070866143 1379.5275590551182 325.98425196850394 99.21259842519684 en
1850.3937007874015 1379.5275590551182 228.3464566929134 99.21259842519684 1853.

489.76377952755905 1483.4645669291338 214.17322834645668 119.68503937007874 5.
596.8503937007874 1483.4645669291338 393.7007874015748 119.68503937007874 Paysage
883.4645669291339 1483.4645669291338 571.6535433070866 119.68503937007874 représentant
1348.0314960629921 1483.4645669291338 214.17322834645668 119.68503937007874 es
1455.1181102362204 1483.4645669291338 321.25984251968504 119.68503937007874 bords
1669.291338582677 1483.4645669291338 214.17322834645668 119.68503937007874 de
1776.3779527559054 1483.4645669291338 214.17322834645668 119.68503937007874 la
1883.4645669291338 1483.4645669291338 428.34645669291336 119.68503937007874 Bouzanne
2170.0787401574803 1483.4645669291338 357.4803149606299 119.68503937007874 (Indre).

836.2204724409448 1590.5511811023623 163.7795275590551 116.53543307086615 H.
918.1102362204724 1590.5511811023623 163.7795275590551 116.53543307086615 1,
1000.0 1590.5511811023623 192.1259842519685 116.53543307086615 80.
1108.6614173228347 1590.5511811023623 137.00787401574803 116.53543307086615 —
1163.7795275590552 1590.5511811023623 163.7795275590551 116.53543307086615 L.
1245.6692913385828 1590.5511811023623 163.7795275590551 116.53543307086615 2,
1300.7874015748032 1590.5511811023623 137.00787401574803 116.53543307086615 30.

1941.732283464567 1659.8425196850394 311.81102362204723 111.81102362204724 (Salon
2160.6299212598424 1659.8425196850394 187.4015748031496 111.81102362204724 de
2222.047244094488 1659.8425196850394 248.8188976377953 111.81102362204724 1850.)

491.33858267716533 1788.976377952756 379.5275590551181 144.88188976377953 ANTIGNA
766.9291338582677 1788.976377952756 966.9291338582677 144.88188976377953 (JEAN-PIERRE-ALEXANDRE),
1629.9212598425197 1788.976377952756 310.23622047244095 144.88188976377953 né
1837.7952755905512 1788.976377952756 173.22834645669292 144.88188976377953 à
1907.0866141732283 1788.976377952756 379.5275590551181 144.88188976377953 Orléans
2148.031496062992 1788.976377952756 379.5275590551181 144.88188976377953 (Loi

576.3779527559055 1918.1102362204724 390.5511811023622 88.18897637795276 ret),
869.2913385826772 1918.1102362204724 292.9133858267717 88.18897637795276 élève
1064.5669291338584 1918.1102362204724 195.2755905511811 88.18897637795276 de
1163.7795275590552 1918.1102362204724 195.2755905511811 88.18897637795276 P.
1261.4173228346456 1918.1102362204724 455.11811023622045 88.18897637795276 Delaroche,
1618.8976377952756 1918.1102362204724 423.62204724409446 88.18897637795276 chevalier
1944.8818897637796 1918.1102362204724 195.2755905511811 88.18897637795276 de
2042.5196850393702 1918.1102362204724 195.2755905511811 88.18897637795276 la
2107.0866141732286 1918.1102362204724 423.62204724409446 88.18897637795276 Légion

577.9527559055118 1998.4251968503936 462.99212598425197 138.58267716535434 d’Honneur
952.7559055118111 1998.4251968503936 289.76377952755905 138.58267716535434 en
1125.984251968504 1998.4251968503936 203.1496062992126 138.58267716535434 1861.

485.03937007874015 2107.0866141732286 215.748031496063 133.85826771653544 6.
593.7007874015748 2107.0866141732286 322.8346456692913 133.85826771653544 Scène
771.6535433070866 2107.0866141732286 466.1417322834646 133.85826771653544 d’incendie.

833.0708661417323 2212.5984251968503 160.62992125984252 159.0551181102362 H.
913.3858267716536 2212.5984251968503 160.62992125984252 159.0551181102362 2,
993.7007874015748 2212.5984251968503 187.4015748031496 159.0551181102362 65.
1100.7874015748032 2212.5984251968503 133.85826771653544 159.0551181102362 —
1152.755905511811 2212.5984251968503 160.62992125984252 159.0551181102362 L.
1233.0708661417323 2212.5984251968503 160.62992125984252 159.0551181102362 2,
1313.3858267716535 2212.5984251968503 187.4015748031496 159.0551181102362 33.
1420.4724409448818 2212.5984251968503 133.85826771653544 159.0551181102362 —
1474.015748031496 2212.5984251968503 214.17322834645668 159.0551181102362 Fig.
1606.2992125984251 2212.5984251968503 187.4015748031496 159.0551181102362 gr.
1686.6141732283465 2212.5984251968503 160.62992125984252 159.0551181102362 nat.

1954.3307086614172 2259.8425196850394 300.78740157480314 187.4015748031496 (Salon
2165.3543307086616 2259.8425196850394 181.10236220472441 187.4015748031496 de
2225.196850393701 2259.8425196850394 211.0236220472441 187.4015748031496 1850.

2568.503937007874 2069.2913385826773 170.07874015748033 77.16535433070867 b

494.48818897637796 2444.0944881889764 327.5590551181102 125.98425196850394 BBARON
724.4094488188977 2444.0944881889764 392.12598425196853 125.98425196850394 (HENRI),
1018.8976377952756 2444.0944881889764 294.48818897637796 125.98425196850394 né
1214.1732283464567 2444.0944881889764 163.7795275590551 125.98425196850394 à
1280.3149606299212 2444.0944881889764 392.12598425196853 125.98425196850394 Besançon
1574.8031496062993 2444.0944881889764 392.12598425196853 125.98425196850394 (Doubs),
1869.291338582677 2444.0944881889764 294.48818897637796 125.98425196850394 élève
2064.566929133858 2444.0944881889764 196.8503937007874 125.98425196850394 de
2163.779527559055 2444.0944881889764 196.8503937007874 125.98425196850394 M.
2228.3464566929133 2444.0944881889764 294.48818897637796 125.98425196850394 Gi

571.6535433070866 2560.6299212598424 390.5511811023622 105.51181102362204 goux,
864.5669291338583 2560.6299212598424 423.62204724409446 105.51181102362204 chevalier
1190.5511811023623 2560.6299212598424 195.2755905511811 105.51181102362204 de
1288.1889763779527 2560.6299212598424 195.2755905511811 105.51181102362204 la
1385.8267716535433 2560.6299212598424 650.3937007874016 105.51181102362204 Légion-d’Honneur
1938.5826771653544 2560.6299212598424 325.98425196850394 105.51181102362204 en
2133.8582677165355 2560.6299212598424 228.3464566929134 105.51181102362204 1859.

478.74015748031496 2688.1889763779527 231.49606299212599 121.25984251968504 7.
595.2755905511812 2688.1889763779527 270.86614173228344 121.25984251968504 Les
749.6062992125984 2688.1889763779527 502.3622047244094 121.25984251968504 Vendanges
1137.007874015748 2688.1889763779527 231.49606299212599 121.25984251968504 en
1214.1732283464567 2688.1889763779527 385.8267716535433 121.25984251968504 Romagne.

833.0708661417323 2770.0787401574803 160.62992125984252 133.85826771653544 H.
913.3858267716536 2770.0787401574803 240.9448818897638 133.85826771653544 0,55.
1074.015748031496 2770.0787401574803 133.85826771653544 133.85826771653544 —
1127.5590551181103 2770.0787401574803 160.62992125984252 133.85826771653544 L.
1207.8740157480315 2770.0787401574803 240.9448818897638 133.85826771653544 0,65.
1366.9291338582677 2770.0787401574803 133.85826771653544 133.85826771653544 —
1420.4724409448818 2770.0787401574803 214.17322834645668 133.85826771653544 Fig.
1554.3307086614172 2770.0787401574803 160.62992125984252 133.85826771653544 0,
1607.8740157480315 2770.0787401574803 133.85826771653544 133.85826771653544 20.

1941.732283464567 2803.149606299213 303.93700787401576 141.73228346456693 (Salon
2154.3307086614172 2803.149606299213 182.6771653543307 141.73228346456693 de
2214.1732283464567 2803.149606299213 242.51968503937007 141.73228346456693 1855.)

481.8897637795276 2988.9763779527557 392.12598425196853 100.78740157480316 BARRIAS
768.503937007874 2988.9763779527557 678.7401574803149 100.78740157480316 (FÉLIX-JOSEPH),
1338.5826771653544 2988.9763779527557 321.25984251968504 100.78740157480316 né
1552.755905511811 2988.9763779527557 177.95275590551182 100.78740157480316 à
1623.6220472440946 2988.9763779527557 321.25984251968504 100.78740157480316 Paris
1837.7952755905512 2988.9763779527557 321.25984251968504 100.78740157480316 élève
2051.968503937008 2988.9763779527557 214.17322834645668 100.78740157480316 de
2159.0551181102364 2988.9763779527557 214.17322834645668 100.78740157480316 M.
2231.496062992126 2988.9763779527557 285.03937007874015 100.78740157480316 L

574.8031496062993 3088.1889763779527 436.2204724409449 105.51181102362204 Cogniet,
922.8346456692914 3088.1889763779527 261.4173228346457 105.51181102362204 grand
1096.0629921259842 3088.1889763779527 233.0708661417323 105.51181102362204 prix
1242.5196850393702 3088.1889763779527 174.8031496062992 105.51181102362204 de
1329.1338582677165 3088.1889763779527 233.0708661417323 105.51181102362204 Rome
1474.015748031496 3088.1889763779527 289.76377952755905 105.51181102362204 en
1677.1653543307086 3088.1889763779527 233.0708661417323 105.51181102362204 1844
1822.0472440944882 3088.1889763779527 522.8346456692914 105.51181102362204 (Histoire),
2229.9212598425197 3088.1889763779527 289.76377952755905 105.51181102362204 che

571.6535433070866 3170.0787401574803 401.5748031496063 116.53543307086615 valier
880.3149606299213 3170.0787401574803 184.251968503937 116.53543307086615 de
973.2283464566929 3170.0787401574803 184.251968503937 116.53543307086615 la
1066.1417322834645 3170.0787401574803 617.3228346456693 116.53543307086615 Légion-d’Honneur
1588.976377952756 3170.0787401574803 308.66141732283467 116.53543307086615 en
1774.8031496062993 3170.0787401574803 215.748031496063 116.53543307086615 1859.

478.74015748031496 3281.8897637795276 206.29921259842519 133.85826771653544 8.
582.6771653543307 3281.8897637795276 239.37007874015748 133.85826771653544 Les
719.6850393700787 3281.8897637795276 343.3070866141732 133.85826771653544 exilés
959.0551181102362 3281.8897637795276 206.29921259842519 133.85826771653544 de
1026.7716535433071 3281.8897637795276 308.66141732283467 133.85826771653544 Tibère.

743.3070866141733 3363.779527559055 300.78740157480314 135.43307086614172 Tibère
952.7559055118111 3363.779527559055 300.78740157480314 135.43307086614172 retiré
1163.7795275590552 3363.779527559055 149.60629921259843 135.43307086614172 à
1223.6220472440946 3363.779527559055 330.70866141732284 135.43307086614172 Caprée,
1462.992125984252 3363.779527559055 179.5275590551181 135.43307086614172 se
1552.755905511811 3363.779527559055 330.70866141732284 135.43307086614172 livrait
1793.7007874015749 3363.779527559055 149.60629921259843 135.43307086614172 à
1853.5433070866143 3363.779527559055 300.78740157480314 135.43307086614172 toutes
2062.9921259842517 3363.779527559055 300.78740157480314 135.43307086614172 sortes
2274.015748031496 3363.779527559055 179.5275590551181 135.43307086614172 de
2333.8582677165355 3363.779527559055 179.5275590551181 135.43307086614172 tur-

681.8897637795276 3477.165354330709 360.62992125984255 83.46456692913385 pitudes.
952.7559055118111 3477.165354330709 179.5275590551181 83.46456692913385 Il
1042.5196850393702 3477.165354330709 179.5275590551181 83.46456692913385 ne
1132.283464566929 3477.165354330709 179.5275590551181 83.46456692913385 se
1222.0472440944882 3477.165354330709 330.70866141732284 83.46456692913385 passait
1462.992125984252 3477.165354330709 209.4488188976378 83.46456692913385 pas
1582.6771653543308 3477.165354330709 179.5275590551181 83.46456692913385 un
1672.4409448818897 3477.165354330709 240.9448818897638 83.46456692913385 seul
1822.0472440944882 3477.165354330709 270.86614173228344 83.46456692913385 jour,
2003.1496062992126 3477.165354330709 240.9448818897638 83.46456692913385 sans
2152.755905511811 3477.165354330709 179.5275590551181 83.46456692913385 en
2212.5984251968503 3477.165354330709 300.78740157480314 83.46456692913385 excepter

678.7401574803149 3551.181102362205 212.5984251968504 80.31496062992126 les
800.0 3551.181102362205 274.01574803149606 80.31496062992126 jours
982.6771653543307 3551.181102362205 182.6771653543307 80.31496062992126 de
1074.015748031496 3551.181102362205 303.93700787401576 80.31496062992126 fêtes,
1286.6141732283465 3551.181102362205 212.5984251968504 80.31496062992126 qui
1409.4488188976377 3551.181102362205 182.6771653543307 80.31496062992126 ne
1500.7874015748032 3551.181102362205 212.5984251968504 80.31496062992126 fût
1622.0472440944882 3551.181102362205 303.93700787401576 80.31496062992126 marqué
1836.2204724409448 3551.181102362205 212.5984251968504 80.31496062992126 par
1957.4803149606298 3551.181102362205 212.5984251968504 80.31496062992126 des
2078.740157480315 3551.181102362205 426.7716535433071 80.31496062992126 supplices.
2384.251968503937 3551.181102362205 121.25984251968504 80.31496062992126 Il

677.1653543307086 3625.196850393701 491.33858267716533 72.44094488188976 enveloppait
1070.8661417322835 3625.196850393701 261.4173228346457 72.44094488188976 dans
1234.6456692913387 3625.196850393701 196.8503937007874 72.44094488188976 la
1332.283464566929 3625.196850393701 261.4173228346457 72.44094488188976 même
1496.0629921259842 3625.196850393701 524.4094488188977 72.44094488188976 condamnation
1922.8346456692914 3625.196850393701 229.92125984251967 72.44094488188976 les
2053.5433070866143 3625.196850393701 327.5590551181102 72.44094488188976 femmes
2281.8897637795276 3625.196850393701 196.8503937007874 72.44094488188976 et
2348.031496062992 3625.196850393701 163.7795275590551 72.44094488188976 les

685.0393700787401 3689.763779527559 329.13385826771656 72.44094488188976 enfants
924.4094488188977 3689.763779527559 209.4488188976378 72.44094488188976 des
1044.0944881889764 3689.763779527559 359.0551181102362 72.44094488188976 accusés.
1313.3858267716535 3689.763779527559 179.5275590551181 72.44094488188976 On
1403.1496062992126 3689.763779527559 209.4488188976378 72.44094488188976 les
1522.8346456692914 3689.763779527559 478.74015748031496 72.44094488188976 transportait
1910.236220472441 3689.763779527559 239.37007874015748 72.44094488188976 dans
2059.8425196850394 3689.763779527559 209.4488188976378 72.44094488188976 des
2179.527559055118 3689.763779527559 239.37007874015748 72.44094488188976 iles
2329.1338582677167 3689.763779527559 179.5275590551181 72.44094488188976 où
2388.9763779527557 3689.763779527559 119.68503937007874 72.44094488188976 le

688.1889763779527 3754.3307086614172 206.29921259842519 92.91338582677166 feu
806.2992125984252 3754.3307086614172 176.3779527559055 92.91338582677166 et
894.488188976378 3754.3307086614172 264.56692913385825 92.91338582677166 l’eau
1070.8661417322835 3754.3307086614172 234.64566929133858 92.91338582677166 leur
1217.3228346456692 3754.3307086614172 322.8346456692913 92.91338582677166 étaient
1451.9685039370079 3754.3307086614172 411.0236220472441 92.91338582677166 interdits.
1776.3779527559054 3754.3307086614172 382.6771653543307 92.91338582677166 (SUÈTONE,
2069.2913385826773 3754.3307086614172 294.48818897637796 92.91338582677166 Vie
2245.6692913385828 3754.3307086614172 264.56692913385825 92.91338582677166 des

672.4409448818898 3814.1732283464567 316.53543307086613 97.63779527559055 Césars)

820.4724409448819 3864.566929133858 160.62992125984252 137.00787401574803 H.
900.7874015748032 3864.566929133858 160.62992125984252 137.00787401574803 2,
981.1023622047244 3864.566929133858 187.4015748031496 137.00787401574803 53.
1088.1889763779527 3864.566929133858 133.85826771653544 137.00787401574803 —
1141.732283464567 3864.566929133858 160.62992125984252 137.00787401574803 L.
1222.0472440944882 3864.566929133858 160.62992125984252 137.00787401574803 4,
1302.3622047244094 3864.566929133858 187.4015748031496 137.00787401574803 16.
1407.8740157480315 3864.566929133858 133.85826771653544 137.00787401574803 —
1461.4173228346456 3864.566929133858 214.17322834645668 137.00787401574803 Fig.
1595.275590551181 3864.566929133858 187.4015748031496 137.00787401574803 gr.
1675.5905511811025 3864.566929133858 160.62992125984252 137.00787401574803 nat.

1948.0314960629921 3922.834645669291 289.76377952755905 143.30708661417322 (Salon
2151.181102362205 3922.834645669291 174.8031496062992 143.30708661417322 de
2209.448818897638 3922.834645669291 233.0708661417323 143.30708661417322 1850.)
