2834.6456692913384 4938.582677165355
1264.5669291338584 527.5590551181102 447.244094488189 116.53543307086615 PEINTURE

718.1102362204724 637.7952755905512 244.09448818897638 118.11023622047244 dait
869.2913385826772 637.7952755905512 182.6771653543307 118.11023622047244 le
960.6299212598425 637.7952755905512 335.43307086614175 118.11023622047244 passage
1204.724409448819 637.7952755905512 426.7716535433071 118.11023622047244 dangereux;
1540.1574803149606 637.7952755905512 182.6771653543307 118.11023622047244 il
1631.4960629921259 637.7952755905512 335.43307086614175 118.11023622047244 faisait
1875.5905511811025 637.7952755905512 303.93700787401576 118.11023622047244 obscur
2088.1889763779527 637.7952755905512 274.01574803149606 118.11023622047244 comme
2270.8661417322833 637.7952755905512 152.75590551181102 118.11023622047244 à
2332.283464566929 637.7952755905512 182.6771653543307 118.11023622047244 la
2392.1259842519685 637.7952755905512 152.75590551181102 118.11023622047244 fin

710.2362204724409 743.3070866141733 187.4015748031496 80.31496062992126 du
804.7244094488188 743.3070866141733 280.31496062992125 80.31496062992126 jour.
992.1259842519685 743.3070866141733 218.89763779527559 80.31496062992126 Les
1116.5354330708662 743.3070866141733 343.3070866141732 80.31496062992126 paysans
1366.9291338582677 743.3070866141733 406.2992125984252 80.31496062992126 espagnols
1678.740157480315 743.3070866141733 250.39370078740157 80.31496062992126 nous
1834.6456692913387 743.3070866141733 374.8031496062992 80.31496062992126 disaient
2114.9606299212596 743.3070866141733 280.31496062992125 80.31496062992126 qu’il
2302.3622047244094 743.3070866141733 155.90551181102362 80.31496062992126 y
2333.8582677165355 743.3070866141733 218.89763779527559 80.31496062992126 avait

707.0866141732283 815.7480314960629 155.90551181102362 74.01574803149606 à
770.0787401574803 815.7480314960629 374.8031496062992 74.01574803149606 craindre
1051.9685039370079 815.7480314960629 313.38582677165357 74.01574803149606 d’être
1270.8661417322835 815.7480314960629 374.8031496062992 74.01574803149606 enseveli
1551.1811023622047 815.7480314960629 250.39370078740157 74.01574803149606 sous
1708.6614173228347 815.7480314960629 187.4015748031496 74.01574803149606 la
1801.5748031496064 815.7480314960629 313.38582677165357 74.01574803149606 neige,
2020.4724409448818 815.7480314960629 281.8897637795276 74.01574803149606 comme
2209.448818897638 815.7480314960629 250.39370078740157 74.01574803149606 cela
2333.8582677165355 815.7480314960629 218.89763779527559 74.01574803149606 était

710.2362204724409 869.2913385826772 311.81102362204723 94.48818897637796 arrivé
929.1338582677165 869.2913385826772 497.6377952755906 94.48818897637796 quelquefois.
1332.283464566929 869.2913385826772 248.8188976377953 94.48818897637796 Nous
1488.1889763779527 869.2913385826772 187.4015748031496 94.48818897637796 ne
1581.1023622047244 869.2913385826772 248.8188976377953 94.48818897637796 nous
1737.007874015748 869.2913385826772 436.2204724409449 94.48818897637796 rappelions
2080.314960629921 869.2913385826772 217.3228346456693 94.48818897637796 pas
2204.7244094488187 869.2913385826772 341.73228346456693 94.48818897637796 d’avoir
2422.047244094488 869.2913385826772 124.40944881889764 94.48818897637796 eu

711.8110236220473 948.0314960629921 285.03937007874015 75.59055118110236 aussi
902.3622047244095 948.0314960629921 285.03937007874015 75.59055118110236 froid
1092.9133858267717 948.0314960629921 190.5511811023622 75.59055118110236 en
1187.4015748031495 948.0314960629921 381.1023622047244 75.59055118110236 Pologne.
1474.015748031496 948.0314960629921 412.59842519685037 75.59055118110236 Cependant
1790.5511811023623 948.0314960629921 444.09448818897636 75.59055118110236 l’empereur
2140.1574803149606 948.0314960629921 285.03937007874015 75.59055118110236 était
2299.212598425197 948.0314960629921 253.54330708661416 75.59055118110236 pressé

708.6614173228346 1009.4488188976378 187.4015748031496 81.88976377952756 de
803.1496062992126 1009.4488188976378 281.8897637795276 81.88976377952756 faire
990.5511811023622 1009.4488188976378 311.81102362204723 81.88976377952756 passer
1209.4488188976377 1009.4488188976378 187.4015748031496 81.88976377952756 ce
1302.3622047244094 1009.4488188976378 311.81102362204723 81.88976377952756 défilé
1521.259842519685 1009.4488188976378 155.90551181102362 81.88976377952756 à
1584.251968503937 1009.4488188976378 218.89763779527559 81.88976377952756 son
1708.6614173228347 1009.4488188976378 311.81102362204723 81.88976377952756 armée,
1927.5590551181103 1009.4488188976378 218.89763779527559 81.88976377952756 qui
2051.968503937008 1009.4488188976378 500.78740157480314 81.88976377952756 s’accumulait
2428.3464566929133 1009.4488188976378 124.40944881889764 81.88976377952756 au

708.6614173228346 1069.291338582677 237.79527559055117 97.63779527559055 pied
858.2677165354331 1069.291338582677 177.95275590551182 97.63779527559055 de
946.4566929133858 1069.291338582677 177.95275590551182 97.63779527559055 la
1036.2204724409448 1069.291338582677 387.40157480314963 97.63779527559055 montagne,
1333.8582677165355 1069.291338582677 177.95275590551182 97.63779527559055 où
1423.6220472440946 1069.291338582677 177.95275590551182 97.63779527559055 il
1511.8110236220473 1069.291338582677 207.8740157480315 97.63779527559055 n’y
1631.4960629921259 1069.291338582677 267.7165354330709 97.63779527559055 avait
1809.4488188976377 1069.291338582677 297.6377952755906 97.63779527559055 aucune
2018.8976377952756 1069.291338582677 417.3228346456693 97.63779527559055 provision.
2346.4566929133857 1069.291338582677 177.95275590551182 97.63779527559055 Il
2404.7244094488187 1069.291338582677 149.60629921259843 97.63779527559055 fit

711.8110236220473 1155.9055118110236 307.0866141732283 67.71653543307086 donner
925.9842519685039 1155.9055118110236 337.00787401574803 67.71653543307086 l’ordre
1171.6535433070867 1155.9055118110236 275.59055118110234 67.71653543307086 qu’on
1354.3307086614172 1155.9055118110236 184.251968503937 67.71653543307086 le
1447.244094488189 1155.9055118110236 337.00787401574803 67.71653543307086 suivit,
1692.9133858267717 1155.9055118110236 184.251968503937 67.71653543307086 et
1784.251968503937 1155.9055118110236 275.59055118110234 67.71653543307086 qu’il
1968.5039370078741 1155.9055118110236 307.0866141732283 67.71653543307086 allait
2182.6771653543306 1155.9055118110236 368.503937007874 67.71653543307086 lui-même
2428.3464566929133 1155.9055118110236 122.83464566929133 67.71653543307086 se

711.8110236220473 1206.2992125984251 302.3622047244094 81.88976377952756 mettre
922.8346456692914 1206.2992125984251 151.1811023622047 81.88976377952756 à
982.6771653543307 1206.2992125984251 181.10236220472441 81.88976377952756 la
1074.015748031496 1206.2992125984251 240.9448818897638 81.88976377952756 tête
1225.1968503937007 1206.2992125984251 181.10236220472441 81.88976377952756 de
1314.9606299212599 1206.2992125984251 181.10236220472441 81.88976377952756 la
1406.2992125984251 1206.2992125984251 362.20472440944883 81.88976377952756 colonne.
1678.740157480315 1206.2992125984251 543.3070866141733 81.88976377952756 Effectivement,
2130.7086614173227 1206.2992125984251 181.10236220472441 81.88976377952756 il
2222.047244094488 1206.2992125984251 272.4409448818898 81.88976377952756 passa
2373.228346456693 1206.2992125984251 181.10236220472441 81.88976377952756 avec

707.0866141732283 1270.8661417322835 181.10236220472441 81.88976377952756 le
796.8503937007874 1270.8661417322835 363.7795275590551 81.88976377952756 régiment
1070.8661417322835 1270.8661417322835 212.5984251968504 81.88976377952756 des
1192.1259842519685 1270.8661417322835 393.7007874015748 81.88976377952756 chasseurs
1494.4881889763778 1270.8661417322835 181.10236220472441 81.88976377952756 de
1585.8267716535433 1270.8661417322835 181.10236220472441 81.88976377952756 sa
1675.5905511811025 1270.8661417322835 272.4409448818898 81.88976377952756 garde
1858.267716535433 1270.8661417322835 151.1811023622047 81.88976377952756 à
1918.1102362204724 1270.8661417322835 333.8582677165354 81.88976377952756 travers
2160.6299212598424 1270.8661417322835 212.5984251968504 81.88976377952756 les
2281.8897637795276 1270.8661417322835 272.4409448818898 81.88976377952756 rangs
2433.0708661417325 1270.8661417322835 121.25984251968504 81.88976377952756 de

703.9370078740158 1341.732283464567 533.8582677165355 86.61417322834646 l’infanterie;
1143.3070866141732 1341.732283464567 187.4015748031496 86.61417322834646 il
1237.7952755905512 1341.732283464567 218.89763779527559 86.61417322834646 fit
1362.2047244094488 1341.732283464567 344.88188976377955 86.61417322834646 ensuite
1614.1732283464567 1341.732283464567 313.38582677165357 86.61417322834646 former
1833.0708661417323 1341.732283464567 187.4015748031496 86.61417322834646 ce
1927.5590551181103 1341.732283464567 376.37795275590554 86.61417322834646 régiment
2209.448818897638 1341.732283464567 187.4015748031496 86.61417322834646 en
2272.4409448818897 1341.732283464567 281.8897637795276 86.61417322834646 colonne

708.6614173228346 1395.275590551181 355.90551181102364 86.61417322834646 serrée,
968.503937007874 1395.275590551181 388.9763779527559 86.61417322834646 occupant
1259.8425196850394 1395.275590551181 291.33858267716533 86.61417322834646 toute
1455.1181102362204 1395.275590551181 193.70078740157481 86.61417322834646 la
1551.1811023622047 1395.275590551181 355.90551181102364 86.61417322834646 largeur
1811.023622047244 1395.275590551181 193.70078740157481 86.61417322834646 du
1908.6614173228347 1395.275590551181 355.90551181102364 86.61417322834646 chemin;
2166.9291338582675 1395.275590551181 291.33858267716533 86.61417322834646 puis,
2329.1338582677167 1395.275590551181 226.77165354330708 86.61417322834646 ayant

714.9606299212599 1472.4409448818897 240.9448818897638 77.16535433070867 fait
866.1417322834645 1472.4409448818897 300.78740157480314 77.16535433070867 mettre
1075.5905511811025 1472.4409448818897 240.9448818897638 77.16535433070867 pied
1226.7716535433071 1472.4409448818897 151.1811023622047 77.16535433070867 à
1286.6141732283465 1472.4409448818897 270.86614173228344 77.16535433070867 terre
1467.716535433071 1472.4409448818897 211.0236220472441 77.16535433070867 aux
1588.976377952756 1472.4409448818897 422.0472440944882 77.16535433070867 chasseurs,
1919.6850393700788 1472.4409448818897 181.10236220472441 77.16535433070867 il
2011.023622047244 1472.4409448818897 181.10236220472441 77.16535433070867 se
2100.787401574803 1472.4409448818897 270.86614173228344 77.16535433070867 plaça
2251.968503937008 1472.4409448818897 300.78740157480314 77.16535433070867 lui

714.9606299212599 1535.4330708661416 166.9291338582677 86.61417322834646 à
781.1023622047244 1535.4330708661416 267.7165354330709 86.61417322834646 pied
948.0314960629921 1535.4330708661416 401.5748031496063 86.61417322834646 derrière
1250.3937007874015 1535.4330708661416 200.0 86.61417322834646 le
1349.6062992125985 1535.4330708661416 368.503937007874 86.61417322834646 premier
1617.3228346456692 1535.4330708661416 368.503937007874 86.61417322834646 peloton
1885.0393700787401 1535.4330708661416 200.0 86.61417322834646 et
1985.8267716535433 1535.4330708661416 234.64566929133858 86.61417322834646 fit
2119.685039370079 1535.4330708661416 434.6456692913386 86.61417322834646 commencer
2420.472440944882 1535.4330708661416 133.85826771653544 86.61417322834646 la

708.6614173228346 1598.4251968503936 368.503937007874 78.74015748031496 marche.
976.3779527559055 1598.4251968503936 234.64566929133858 78.74015748031496 Les
1110.236220472441 1598.4251968503936 436.2204724409449 78.74015748031496 chasseurs
1445.6692913385828 1598.4251968503936 469.29133858267716 78.74015748031496 marchaient
1814.1732283464567 1598.4251968503936 166.9291338582677 78.74015748031496 à
1881.8897637795276 1598.4251968503936 267.7165354330709 78.74015748031496 pied
2050.3937007874015 1598.4251968503936 436.2204724409449 78.74015748031496 pêle-mêle
2351.181102362205 1598.4251968503936 201.5748031496063 78.74015748031496 avec

707.0866141732283 1674.015748031496 296.06299212598424 78.74015748031496 leurs
905.511811023622 1674.015748031496 395.2755905511811 78.74015748031496 chevaux,
1201.5748031496064 1674.015748031496 262.99212598425197 78.74015748031496 dont
1366.9291338582677 1674.015748031496 198.4251968503937 78.74015748031496 la
1464.5669291338584 1674.015748031496 296.06299212598424 78.74015748031496 masse
1662.992125984252 1674.015748031496 362.20472440944883 78.74015748031496 rendait
1925.984251968504 1674.015748031496 428.34645669291336 78.74015748031496 l’ouragan
2256.6929133858266 1674.015748031496 229.92125984251967 78.74015748031496 nul
2354.3307086614172 1674.015748031496 198.4251968503937 78.74015748031496 pour

716.5354330708661 1738.5826771653544 253.54330708661416 77.16535433070867 ceux
874.0157480314961 1738.5826771653544 222.04724409448818 77.16535433070867 qui
1001.5748031496063 1738.5826771653544 222.04724409448818 77.16535433070867 les
1127.5590551181103 1738.5826771653544 442.5196850393701 77.16535433070867 suivaient,
1475.5905511811025 1738.5826771653544 190.5511811023622 77.16535433070867 et
1570.0787401574803 1738.5826771653544 190.5511811023622 77.16535433070867 en
1666.1417322834645 1738.5826771653544 253.54330708661416 77.16535433070867 même
1823.6220472440946 1738.5826771653544 285.03937007874015 77.16535433070867 temps
2014.1732283464567 1738.5826771653544 222.04724409448818 77.16535433070867 ils
2140.1574803149606 1738.5826771653544 411.0236220472441 77.16535433070867 foulaient
2425.196850393701 1738.5826771653544 125.98425196850394 77.16535433070867 la

714.9606299212599 1820.4724409448818 280.31496062992125 85.03937007874016 neige
902.3622047244095 1820.4724409448818 187.4015748031496 85.03937007874016 de
995.2755905511812 1820.4724409448818 343.3070866141732 85.03937007874016 manière
1245.6692913385828 1820.4724409448818 155.90551181102362 85.03937007874016 à
1308.6614173228347 1820.4724409448818 374.8031496062992 85.03937007874016 indiquer
1588.976377952756 1820.4724409448818 218.89763779527559 85.03937007874016 une
1713.3858267716535 1820.4724409448818 280.31496062992125 85.03937007874016 trace
1900.7874015748032 1820.4724409448818 248.8188976377953 85.03937007874016 bien
2056.6929133858266 1820.4724409448818 343.3070866141732 85.03937007874016 marquée
2307.0866141732286 1820.4724409448818 155.90551181102362 85.03937007874016 à
2337.0078740157483 1820.4724409448818 218.89763779527559 85.03937007874016 l’in

685.0393700787401 1869.291338582677 338.5826771653543 83.46456692913385 fanterie.

788.9763779527559 1905.5118110236222 206.29921259842519 111.81102362204724 «Il
907.0866141732283 1905.5118110236222 206.29921259842519 111.81102362204724 n’y
1025.1968503937007 1905.5118110236222 264.56692913385825 111.81102362204724 avait
1201.5748031496064 1905.5118110236222 206.29921259842519 111.81102362204724 que
1319.6850393700788 1905.5118110236222 176.3779527559055 111.81102362204724 le
1407.8740157480315 1905.5118110236222 324.40944881889766 111.81102362204724 peloton
1642.5196850393702 1905.5118110236222 176.3779527559055 111.81102362204724 de
1732.283464566929 1905.5118110236222 176.3779527559055 111.81102362204724 la
1820.4724409448818 1905.5118110236222 236.2204724409449 111.81102362204724 tête
1966.9291338582677 1905.5118110236222 206.29921259842519 111.81102362204724 qui
2085.0393700787404 1905.5118110236222 382.6771653543307 111.81102362204724 souffrait
2349.6062992125985 1905.5118110236222 206.29921259842519 111.81102362204724 beau-

716.5354330708661 2004.724409448819 275.59055118110234 74.01574803149606 coup.
899.2125984251968 2004.724409448819 428.34645669291336 74.01574803149606 L’empereur
1236.2204724409448 2004.724409448819 275.59055118110234 74.01574803149606 était
1420.4724409448818 2004.724409448819 245.66929133858267 74.01574803149606 bien
1573.2283464566929 2004.724409448819 337.00787401574803 74.01574803149606 fatigué
1817.3228346456692 2004.724409448819 184.251968503937 74.01574803149606 de
1910.236220472441 2004.724409448819 366.92913385826773 74.01574803149606 marcher,
2185.8267716535433 2004.724409448819 245.66929133858267 74.01574803149606 mais
2338.582677165354 2004.724409448819 184.251968503937 74.01574803149606 il
2400.0 2004.724409448819 152.75590551181102 74.01574803149606 n’y

714.9606299212599 2075.5905511811025 270.86614173228344 67.71653543307086 avait
896.0629921259842 2075.5905511811025 300.78740157480314 67.71653543307086 aucune
1107.0866141732283 2075.5905511811025 451.9685039370079 67.71653543307086 possibilité
1467.716535433071 2075.5905511811025 181.10236220472441 67.71653543307086 de
1559.0551181102362 2075.5905511811025 181.10236220472441 67.71653543307086 se
1648.8188976377953 2075.5905511811025 270.86614173228344 67.71653543307086 tenir
1829.9212598425197 2075.5905511811025 151.1811023622047 67.71653543307086 à
1889.763779527559 2075.5905511811025 330.70866141732284 67.71653543307086 cheval.
2130.7086614173227 2075.5905511811025 181.10236220472441 67.71653543307086 Je
2222.047244094488 2075.5905511811025 362.20472440944883 67.71653543307086 marchais
2462.9921259842517 2075.5905511811025 89.76377952755905 67.71653543307086 a

714.9606299212599 2122.834645669291 262.99212598425197 88.18897637795276 côté
878.7401574803149 2122.834645669291 196.8503937007874 88.18897637795276 de
977.9527559055118 2122.834645669291 262.99212598425197 88.18897637795276 lui;
1141.732283464567 2122.834645669291 196.8503937007874 88.18897637795276 il
1240.9448818897638 2122.834645669291 262.99212598425197 88.18897637795276 prit
1404.724409448819 2122.834645669291 229.92125984251967 88.18897637795276 mon
1537.007874015748 2122.834645669291 262.99212598425197 88.18897637795276 bras
1700.7874015748032 2122.834645669291 262.99212598425197 88.18897637795276 pour
1864.5669291338584 2122.834645669291 393.7007874015748 88.18897637795276 s’aider,
2160.6299212598424 2122.834645669291 196.8503937007874 88.18897637795276 et
2258.267716535433 2122.834645669291 196.8503937007874 88.18897637795276 le
2324.4094488188975 2122.834645669291 229.92125984251967 88.18897637795276 garda

705.511811023622 2212.5984251968503 396.8503937007874 69.29133858267717 jusqu’au
1003.1496062992126 2212.5984251968503 264.56692913385825 69.29133858267717 pied
1168.5039370078741 2212.5984251968503 198.4251968503937 69.29133858267717 de
1266.1417322834645 2212.5984251968503 198.4251968503937 69.29133858267717 la
1365.3543307086613 2212.5984251968503 396.8503937007874 69.29133858267717 montagne
1662.992125984252 2212.5984251968503 198.4251968503937 69.29133858267717 de
1762.2047244094488 2212.5984251968503 363.7795275590551 69.29133858267717 l’autre
2026.7716535433071 2212.5984251968503 264.56692913385825 69.29133858267717 côté
2190.551181102362 2212.5984251968503 198.4251968503937 69.29133858267717 du
2256.6929133858266 2212.5984251968503 297.6377952755906 69.29133858267717 Guadar-

716.5354330708661 2250.3937007874015 262.99212598425197 91.33858267716535 rama.
892.9133858267717 2250.3937007874015 174.8031496062992 91.33858267716535 Il
979.5275590551181 2250.3937007874015 262.99212598425197 91.33858267716535 avait
1154.3307086614172 2250.3937007874015 174.8031496062992 91.33858267716535 le
1242.5196850393702 2250.3937007874015 291.33858267716533 91.33858267716535 projet
1447.244094488189 2250.3937007874015 321.25984251968504 91.33858267716535 d’aller
1680.3149606299212 2250.3937007874015 174.8031496062992 91.33858267716535 ce
1768.5039370078741 2250.3937007874015 233.0708661417323 91.33858267716535 soir
1913.3858267716535 2250.3937007874015 321.25984251968504 91.33858267716535 jusqu’à
2118.1102362204724 2250.3937007874015 437.79527559055117 91.33858267716535 Villa

721.2598425196851 2324.4094488188975 233.0708661417323 81.88976377952756 mais
867.7165354330708 2324.4094488188975 174.8031496062992 81.88976377952756 il
955.9055118110236 2324.4094488188975 291.33858267716533 81.88976377952756 trouva
1159.0551181102362 2324.4094488188975 233.0708661417323 81.88976377952756 tout
1305.5118110236222 2324.4094488188975 174.8031496062992 81.88976377952756 le
1393.7007874015749 2324.4094488188975 262.99212598425197 81.88976377952756 monde
1568.5039370078741 2324.4094488188975 174.8031496062992 81.88976377952756 si
1656.6929133858268 2324.4094488188975 291.33858267716533 81.88976377952756 épuisé
1859.8425196850394 2324.4094488188975 174.8031496062992 81.88976377952756 et
1948.0314960629921 2324.4094488188975 174.8031496062992 81.88976377952756 le
2034.6456692913387 2324.4094488188975 262.99212598425197 81.88976377952756 froid
2211.0236220472443 2324.4094488188975 174.8031496062992 81.88976377952756 si
2269.2913385826773 2324.4094488188975 291.33858267716533 81.88976377952756 excessif

721.2598425196851 2396.850393700787 283.46456692913387 77.16535433070867 qu’il
910.2362204724409 2396.850393700787 314.96062992125985 77.16535433070867 arrêta
1130.708661417323 2396.850393700787 157.48031496062993 77.16535433070867 à
1193.7007874015749 2396.850393700787 188.9763779527559 77.16535433070867 la
1289.763779527559 2396.850393700787 314.96062992125985 77.16535433070867 maison
1510.236220472441 2396.850393700787 188.9763779527559 77.16535433070867 de
1604.724409448819 2396.850393700787 283.46456692913387 77.16535433070867 poste
1793.7007874015749 2396.850393700787 188.9763779527559 77.16535433070867 au
1888.1889763779527 2396.850393700787 251.96850393700788 77.16535433070867 pied
2045.6692913385828 2396.850393700787 188.9763779527559 77.16535433070867 de
2141.732283464567 2396.850393700787 188.9763779527559 77.16535433070867 la
2204.7244094488187 2396.850393700787 346.45669291338584 77.16535433070867 montagne;

718.1102362204724 2451.968503937008 236.2204724409449 83.46456692913385 elle
866.1417322834645 2451.968503937008 176.3779527559055 83.46456692913385 se
954.3307086614174 2451.968503937008 266.1417322834646 83.46456692913385 nomme
1132.283464566929 2451.968503937008 384.251968503937 83.46456692913385 Espinar.»
1426.7716535433071 2451.968503937008 472.4409448818898 83.46456692913385 (Mémoires
1811.023622047244 2451.968503937008 176.3779527559055 83.46456692913385 du
1899.2125984251968 2451.968503937008 206.29921259842519 83.46456692913385 duc
2017.3228346456692 2451.968503937008 176.3779527559055 83.46456692913385 de
2077.165354330709 2451.968503937008 412.59842519685037 83.46456692913385 Rovigo)

861.4173228346457 2541.732283464567 163.7795275590551 116.53543307086615 H.
943.3070866141733 2541.732283464567 163.7795275590551 116.53543307086615 1,
1025.1968503937007 2541.732283464567 192.1259842519685 116.53543307086615 62.
1133.8582677165355 2541.732283464567 137.00787401574803 116.53543307086615 —
1188.976377952756 2541.732283464567 163.7795275590551 116.53543307086615 L.
1270.8661417322835 2541.732283464567 163.7795275590551 116.53543307086615 2,
1352.755905511811 2541.732283464567 192.1259842519685 116.53543307086615 32.
1462.992125984252 2541.732283464567 137.00787401574803 116.53543307086615 —
1516.5354330708662 2541.732283464567 218.89763779527559 116.53543307086615 Fig.
1653.5433070866143 2541.732283464567 163.7795275590551 116.53543307086615 de
1735.4330708661416 2541.732283464567 163.7795275590551 116.53543307086615 0,
1790.5511811023623 2541.732283464567 137.00787401574803 116.53543307086615 24.

1988.976377952756 2584.251968503937 296.06299212598424 152.75590551181102 (Salon
2196.850393700787 2584.251968503937 177.95275590551182 152.75590551181102 de
2255.1181102362207 2584.251968503937 236.2204724409449 152.75590551181102 1852.)

518.1102362204724 2710.236220472441 240.9448818897638 122.83464566929133 13.
656.6929133858267 2710.236220472441 206.29921259842519 122.83464566929133 Un
759.0551181102362 2710.236220472441 275.59055118110234 122.83464566929133 jour
932.2834645669292 2710.236220472441 206.29921259842519 122.83464566929133 de
1034.6456692913387 2710.236220472441 310.23622047244095 122.83464566929133 revue
1242.5196850393702 2710.236220472441 275.59055118110234 122.83464566929133 sous
1414.1732283464567 2710.236220472441 414.1732283464567 122.83464566929133 l’Empire
1689.763779527559 2710.236220472441 310.23622047244095 122.83464566929133 (1810).

785.8267716535433 2795.2755905511813 549.6062992125984 110.23622047244095 L’architecture
1242.5196850393702 2795.2755905511813 152.75590551181102 110.23622047244095 a
1303.9370078740158 2795.2755905511813 214.17322834645668 110.23622047244095 été
1426.7716535433071 2795.2755905511813 366.92913385826773 110.23622047244095 exécutée
1700.7874015748032 2795.2755905511813 214.17322834645668 110.23622047244095 par
1822.0472440944882 2795.2755905511813 182.6771653543307 110.23622047244095 M.
1883.4645669291338 2795.2755905511813 305.51181102362204 110.23622047244095 Dauzats.

891.3385826771654 2908.6614173228345 174.8031496062992 124.40944881889764 H.
977.9527559055118 2908.6614173228345 261.4173228346457 124.40944881889764 1,00.
1152.755905511811 2908.6614173228345 144.88188976377953 124.40944881889764 —
1209.4488188976377 2908.6614173228345 174.8031496062992 124.40944881889764 L.
1297.6377952755906 2908.6614173228345 261.4173228346457 124.40944881889764 1,62.
1470.8661417322835 2908.6614173228345 144.88188976377953 124.40944881889764 —
1529.1338582677165 2908.6614173228345 233.0708661417323 124.40944881889764 Fig.
1675.5905511811025 2908.6614173228345 174.8031496062992 124.40944881889764 de
1762.2047244094488 2908.6614173228345 174.8031496062992 124.40944881889764 0,
1820.4724409448818 2908.6614173228345 144.88188976377953 124.40944881889764 25.

1971.6535433070867 2929.1338582677167 300.78740157480314 138.58267716535434 (Salon
2182.6771653543306 2929.1338582677167 181.10236220472441 138.58267716535434 de
2242.51968503937 2929.1338582677167 240.9448818897638 138.58267716535434 1863.)

521.2598425196851 3053.5433070866143 338.5826771653543 152.75590551181102 BELLEL
757.4803149606299 3053.5433070866143 609.4488188976378 152.75590551181102 (JEAN-JOSEPH),
1264.5669291338584 3053.5433070866143 303.93700787401576 152.75590551181102 né
1467.716535433071 3053.5433070866143 168.50393700787401 152.75590551181102 à
1535.4330708661416 3053.5433070866143 338.5826771653543 152.75590551181102 Paris,
1771.6535433070867 3053.5433070866143 303.93700787401576 152.75590551181102 élève
1974.8031496062993 3053.5433070866143 203.1496062992126 152.75590551181102 de
2075.5905511811025 3053.5433070866143 203.1496062992126 152.75590551181102 M.
2143.3070866141734 3053.5433070866143 406.2992125984252 152.75590551181102 Justin

617.3228346456693 3182.6771653543306 453.54330708661416 129.13385826771653 Ouvrié,
974.8031496062993 3182.6771653543306 420.4724409448819 129.13385826771653 chevalier
1297.6377952755906 3182.6771653543306 193.70078740157481 129.13385826771653 de
1395.275590551181 3182.6771653543306 193.70078740157481 129.13385826771653 la
1491.3385826771653 3182.6771653543306 647.2440944881889 129.13385826771653 Légion-d’Honneur
2042.5196850393702 3182.6771653543306 324.40944881889766 129.13385826771653 en
2236.220472440945 3182.6771653543306 226.77165354330708 129.13385826771653 1860.

522.8346456692914 3278.740157480315 247.24409448818898 125.98425196850394 14.
662.992125984252 3278.740157480315 458.26771653543307 125.98425196850394 Solitude,
1015.7480314960629 3278.740157480315 387.40157480314963 125.98425196850394 paysage
1261.4173228346456 3278.740157480315 352.755905511811 125.98425196850394 composé.

1946.4566929133857 3359.0551181102364 319.68503937007875 107.08661417322834 (Salon
2170.0787401574803 3359.0551181102364 192.1259842519685 107.08661417322834 de
2233.0708661417325 3359.0551181102364 255.11811023622047 107.08661417322834 1863.)

522.8346456692914 3436.220472440945 310.23622047244095 141.73228346456693 BELLY
729.1338582677165 3436.220472440945 930.7086614173228 141.73228346456693 (LÉON-AUGUSTE-ADOLPHE),
1557.4803149606298 3436.220472440945 310.23622047244095 141.73228346456693 né
1763.7795275590552 3436.220472440945 171.6535433070866 141.73228346456693 à
1833.0708661417323 3436.220472440945 481.8897637795276 141.73228346456693 Saint-Omer
2176.3779527559054 3436.220472440945 379.5275590551181 141.73228346456693 (Pas

611.0236220472441 3551.181102362205 592.1259842519685 111.81102362204724 de-Calais),
1105.5118110236222 3551.181102362205 296.06299212598424 111.81102362204724 élève
1302.3622047244094 3551.181102362205 196.8503937007874 111.81102362204724 de
1401.5748031496064 3551.181102362205 196.8503937007874 111.81102362204724 M.
1500.7874015748032 3551.181102362205 362.20472440944883 111.81102362204724 Troyon,
1763.7795275590552 3551.181102362205 428.34645669291336 111.81102362204724 chevalier
2092.9133858267714 3551.181102362205 196.8503937007874 111.81102362204724 de
2192.1259842519685 3551.181102362205 196.8503937007874 111.81102362204724 la
2258.267716535433 3551.181102362205 296.06299212598424 111.81102362204724 Lé

618.8976377952756 3651.968503937008 625.1968503937007 114.96062992125984 gion-d’Honneur
1154.3307086614172 3651.968503937008 297.6377952755906 114.96062992125984 en
1333.8582677165355 3651.968503937008 207.8740157480315 114.96062992125984 1862.

522.8346456692914 3743.3070866141734 233.0708661417323 122.83464566929133 15.
655.1181102362204 3743.3070866141734 400.0 122.83464566929133 Pèlerins
955.9055118110236 3743.3070866141734 333.8582677165354 122.83464566929133 allant
1188.976377952756 3743.3070866141734 166.9291338582677 122.83464566929133 à
1255.1181102362204 3743.3070866141734 200.0 122.83464566929133 la
1322.8346456692914 3743.3070866141734 299.21259842519686 122.83464566929133 Mecque.

855.1181102362204 3831.496062992126 173.22834645669292 125.98425196850394 H.
941.7322834645669 3831.496062992126 259.84251968503935 125.98425196850394 1,60.
1113.3858267716535 3831.496062992126 144.88188976377953 125.98425196850394 —
1171.6535433070867 3831.496062992126 173.22834645669292 125.98425196850394 L.
1258.267716535433 3831.496062992126 259.84251968503935 125.98425196850394 2,40.
1431.4960629921259 3831.496062992126 144.88188976377953 125.98425196850394 —
1488.1889763779527 3831.496062992126 229.92125984251967 125.98425196850394 Fig.
1633.0708661417323 3831.496062992126 173.22834645669292 125.98425196850394 de
1719.6850393700788 3831.496062992126 173.22834645669292 125.98425196850394 0,
1776.3779527559054 3831.496062992126 144.88188976377953 125.98425196850394 40.

1963.7795275590552 3869.2913385826773 308.66141732283467 129.13385826771653 (Salon
2181.1023622047246 3869.2913385826773 185.82677165354332 129.13385826771653 de
2242.51968503937 3869.2913385826773 247.24409448818898 129.13385826771653 1861.)
