2932.283464566929 4944.881889763779
962.2047244094488 593.7007874015748 459.84251968503935 114.96062992125984 PEINTURE.

2011.023622047244 581.1023622047244 207.8740157480315 121.25984251968504 5

198.4251968503937 752.7559055118111 450.3937007874016 125.98425196850394 BENOUVILLE
552.7559055118111 752.7559055118111 644.0944881889764 125.98425196850394 (FRANÇOIS-LÉON),
1099.2125984251968 752.7559055118111 289.76377952755905 125.98425196850394 né
1292.9133858267717 752.7559055118111 160.62992125984252 125.98425196850394 à
1357.4803149606298 752.7559055118111 322.8346456692913 125.98425196850394 Paris,
1582.6771653543308 752.7559055118111 289.76377952755905 125.98425196850394 élève
1776.3779527559054 752.7559055118111 193.70078740157481 125.98425196850394 de
1872.4409448818897 752.7559055118111 193.70078740157481 125.98425196850394 M.
1937.007874015748 752.7559055118111 289.76377952755905 125.98425196850394 Pi

277.1653543307087 842.5196850393701 277.1653543307087 113.38582677165354 cot,
450.3937007874016 842.5196850393701 381.1023622047244 113.38582677165354 premier
727.5590551181102 842.5196850393701 311.81102362204723 113.38582677165354 grand
937.007874015748 842.5196850393701 277.1653543307087 113.38582677165354 prix
1110.236220472441 842.5196850393701 207.8740157480315 113.38582677165354 de
1214.1732283464567 842.5196850393701 277.1653543307087 113.38582677165354 Rome
1387.4015748031495 842.5196850393701 486.61417322834643 113.38582677165354 (Histoire)
1770.0787401574803 842.5196850393701 346.45669291338584 113.38582677165354 en
1977.9527559055118 842.5196850393701 242.51968503937007 113.38582677165354 1845,

283.46456692913387 949.6062992125984 508.66141732283467 83.46456692913385 chevalier
697.6377952755905 949.6062992125984 190.5511811023622 83.46456692913385 de
792.1259842519685 949.6062992125984 190.5511811023622 83.46456692913385 la
888.1889763779527 949.6062992125984 636.2204724409448 83.46456692913385 Legion-d’Honneur
1429.9212598425197 949.6062992125984 318.1102362204724 83.46456692913385 en
1651.9685039370079 949.6062992125984 286.61417322834643 83.46456692913385 1855,
1811.023622047244 949.6062992125984 414.1732283464567 83.46456692913385 mort

294.48818897637796 1022.0472440944882 272.4409448818898 114.96062992125984 n
475.59055118110234 1022.0472440944882 159.0551181102362 114.96062992125984 1859.

192.1259842519685 1151.1811023622047 245.66929133858267 91.33858267716535 16.
332.2834645669291 1151.1811023622047 316.53543307086613 91.33858267716535 Saint
543.3070866141733 1151.1811023622047 422.0472440944882 91.33858267716535 François
859.8425196850394 1151.1811023622047 456.6929133858268 91.33858267716535 d’Assise,
1211.023622047244 1151.1811023622047 492.9133858267717 91.33858267716535 transporté
1598.4251968503936 1151.1811023622047 387.40157480314963 91.33858267716535 mourant
1880.3149606299212 1151.1811023622047 176.3779527559055 91.33858267716535 à
1914.9606299212599 1151.1811023622047 316.53543307086613 91.33858267716535 Sainte

415.748031496063 1231.4960629921259 666.1417322834645 94.48818897637796 Marie-des-Anges,
982.6771653543307 1231.4960629921259 300.78740157480314 94.48818897637796 bénit
1182.6771653543308 1231.4960629921259 200.0 94.48818897637796 la
1281.8897637795276 1231.4960629921259 300.78740157480314 94.48818897637796 ville
1448.8188976377953 1231.4960629921259 366.92913385826773 94.48818897637796 d’Assise.

537.007874015748 1297.6377952755906 162.20472440944883 159.0551181102362 H.
617.3228346456693 1297.6377952755906 162.20472440944883 159.0551181102362 0,
699.2125984251968 1297.6377952755906 188.9763779527559 159.0551181102362 95.
806.2992125984252 1297.6377952755906 135.43307086614172 159.0551181102362 —
861.4173228346457 1297.6377952755906 162.20472440944883 159.0551181102362 L.
941.7322834645669 1297.6377952755906 162.20472440944883 159.0551181102362 2,
1023.6220472440945 1297.6377952755906 188.9763779527559 159.0551181102362 40.
1130.708661417323 1297.6377952755906 135.43307086614172 159.0551181102362 —
1185.8267716535433 1297.6377952755906 215.748031496063 159.0551181102362 Fig.
1292.9133858267717 1297.6377952755906 297.6377952755906 159.0551181102362 demi

1662.992125984252 1370.0787401574803 297.6377952755906 144.88188976377953 (Salon
1872.4409448818897 1370.0787401574803 179.5275590551181 144.88188976377953 de
1932.283464566929 1370.0787401574803 239.37007874015748 144.88188976377953 1853.)

201.5748031496063 1574.8031496062993 299.21259842519686 121.25984251968504 BIARD
401.5748031496063 1574.8031496062993 499.21259842519686 121.25984251968504 (FRANÇOIS),
800.0 1574.8031496062993 299.21259842519686 121.25984251968504 né
998.4251968503937 1574.8031496062993 166.9291338582677 121.25984251968504 à
1066.1417322834645 1574.8031496062993 266.1417322834646 121.25984251968504 Lyon
1231.4960629921259 1574.8031496062993 398.4251968503937 121.25984251968504 (Rhône),
1530.708661417323 1574.8031496062993 299.21259842519686 121.25984251968504 élève
1730.708661417323 1574.8031496062993 200.0 121.25984251968504 de
1796.8503937007874 1574.8031496062993 431.496062992126 121.25984251968504 Révoit

283.46456692913387 1659.8425196850394 510.23622047244095 140.15748031496062 chevalier
697.6377952755905 1659.8425196850394 192.1259842519685 140.15748031496062 de
793.7007874015748 1659.8425196850394 192.1259842519685 140.15748031496062 la
889.7637795275591 1659.8425196850394 637.7952755905512 140.15748031496062 Légion-d’Honneur
1431.4960629921259 1659.8425196850394 319.68503937007875 140.15748031496062 en
1622.0472440944882 1659.8425196850394 223.6220472440945 140.15748031496062 1838.

204.7244094488189 1754.3307086614172 234.64566929133858 141.73228346456693 17.
338.5826771653543 1754.3307086614172 201.5748031496063 141.73228346456693 Du
439.37007874015745 1754.3307086614172 368.503937007874 141.73228346456693 Couëdic
707.0866141732283 1754.3307086614172 401.5748031496063 141.73228346456693 recevant
1007.8740157480315 1754.3307086614172 234.64566929133858 141.73228346456693 les
1141.732283464567 1754.3307086614172 335.43307086614175 141.73228346456693 adieux
1376.3779527559054 1754.3307086614172 201.5748031496063 141.73228346456693 de
1475.5905511811025 1754.3307086614172 234.64566929133858 141.73228346456693 son
1576.3779527559054 1754.3307086614172 368.503937007874 141.73228346456693 équipage.

462.99212598425197 1905.5118110236222 266.1417322834646 89.76377952755905 Dans
629.9212598425197 1905.5118110236222 200.0 89.76377952755905 la
729.1338582677165 1905.5118110236222 366.92913385826773 89.76377952755905 journée
995.2755905511812 1905.5118110236222 200.0 89.76377952755905 du
1096.0629921259842 1905.5118110236222 166.9291338582677 89.76377952755905 7
1162.2047244094488 1905.5118110236222 366.92913385826773 89.76377952755905 octobre
1428.3464566929133 1905.5118110236222 299.21259842519686 89.76377952755905 1779,
1628.3464566929133 1905.5118110236222 200.0 89.76377952755905 un
1729.1338582677165 1905.5118110236222 466.1417322834646 89.76377952755905 engagement
2061.417322834646 1905.5118110236222 166.9291338582677 89.76377952755905 eut

404.7244094488189 1952.755905511811 212.5984251968504 103.93700787401575 lieu
537.007874015748 1952.755905511811 237.79527559055117 103.93700787401575 entre
696.0629921259842 1952.755905511811 159.0551181102362 103.93700787401575 la
776.3779527559055 1952.755905511811 291.33858267716533 103.93700787401575 frégate
987.4015748031496 1952.755905511811 344.88188976377955 103.93700787401575 française
1253.5433070866143 1952.755905511811 237.79527559055117 103.93700787401575 la
1411.023622047244 1952.755905511811 529.1338582677165 103.93700787401575 Surveillante
1861.4173228346456 1952.755905511811 159.0551181102362 103.93700787401575 et
1941.732283464567 1952.755905511811 159.0551181102362 103.93700787401575 la
1995.275590551181 1952.755905511811 237.79527559055117 103.93700787401575 frégate

398.4251968503937 2045.6692913385828 333.8582677165354 83.46456692913385 anglaise
648.8188976377953 2045.6692913385828 250.39370078740157 83.46456692913385 le
815.7480314960629 2045.6692913385828 415.748031496063 83.46456692913385 Quebec
1148.0314960629921 2045.6692913385828 166.9291338582677 83.46456692913385 Le
1231.4960629921259 2045.6692913385828 277.1653543307087 83.46456692913385 combat
1426.7716535433071 2045.6692913385828 222.04724409448818 83.46456692913385 dura
1565.3543307086613 2045.6692913385828 333.8582677165354 83.46456692913385 quatorze
1815.748031496063 2045.6692913385828 305.51181102362204 83.46456692913385 heures,
2037.7952755905512 2045.6692913385828 166.9291338582677 83.46456692913385 et
2092.9133858267714 2045.6692913385828 138.58267716535434 83.46456692913385 fut

396.8503937007874 2107.0866141732286 233.0708661417323 70.86614173228347 des
529.1338582677165 2107.0866141732286 266.1417322834646 70.86614173228347 plus
696.0629921259842 2107.0866141732286 499.21259842519686 70.86614173228347 meurtriers.
1096.0629921259842 2107.0866141732286 200.0 70.86614173228347 Du
1195.275590551181 2107.0866141732286 400.0 70.86614173228347 Couëdic,
1496.0629921259842 2107.0866141732286 266.1417322834646 70.86614173228347 déjà
1661.4173228346456 2107.0866141732286 332.2834645669291 70.86614173228347 blessé
1896.0629921259842 2107.0866141732286 266.1417322834646 70.86614173228347 deux
2028.3464566929133 2107.0866141732286 200.0 70.86614173228347 fois

395.2755905511811 2170.0787401574803 187.4015748031496 77.16535433070867 se
489.76377952755905 2170.0787401574803 404.7244094488189 77.16535433070867 disposait
800.0 2170.0787401574803 155.90551181102362 77.16535433070867 à
862.992125984252 2170.0787401574803 467.7165354330709 77.16535433070867 l’abordage,
1236.2204724409448 2170.0787401574803 280.31496062992125 77.16535433070867 quand
1423.6220472440946 2170.0787401574803 217.3228346456693 77.16535433070867 une
1548.0314960629921 2170.0787401574803 404.7244094488189 77.16535433070867 troisième
1859.8425196850394 2170.0787401574803 373.2283464566929 77.16535433070867 blessure
2108.6614173228345 2170.0787401574803 124.40944881889764 77.16535433070867 le

407.87401574803147 2239.3700787401576 382.6771653543307 80.31496062992126 renversa.
702.3622047244095 2239.3700787401576 352.755905511811 80.31496062992126 Quelques
968.503937007874 2239.3700787401576 324.40944881889766 80.31496062992126 moments
1203.1496062992126 2239.3700787401576 264.56692913385825 80.31496062992126 après
1381.1023622047244 2239.3700787401576 264.56692913385825 80.31496062992126 le
1557.4803149606298 2239.3700787401576 412.59842519685037 80.31496062992126 Quebec
1881.8897637795276 2239.3700787401576 236.2204724409449 80.31496062992126 prit
2028.3464566929133 2239.3700787401576 206.29921259842519 80.31496062992126 feu
2116.535433070866 2239.3700787401576 118.11023622047244 80.31496062992126 et

401.5748031496063 2303.9370078740158 277.1653543307087 75.59055118110236 sauta,
596.8503937007874 2303.9370078740158 333.8582677165354 75.59055118110236 couvrant
845.6692913385826 2303.9370078740158 166.9291338582677 75.59055118110236 de
929.1338582677165 2303.9370078740158 193.70078740157481 75.59055118110236 ses
1040.9448818897638 2303.9370078740158 277.1653543307087 75.59055118110236 débris
1234.6456692913387 2303.9370078740158 360.62992125984255 75.59055118110236 enflammés
1513.3858267716535 2303.9370078740158 166.9291338582677 75.59055118110236 le
1595.275590551181 2303.9370078740158 222.04724409448818 75.59055118110236 pont
1735.4330708661416 2303.9370078740158 166.9291338582677 75.59055118110236 de
1818.8976377952756 2303.9370078740158 250.39370078740157 75.59055118110236 la
1957.4803149606298 2303.9370078740158 277.1653543307087 75.59055118110236 Sur

401.5748031496063 2368.503937007874 629.9212598425197 96.06299212598425 veillante,
944.8818897637796 2368.503937007874 171.6535433070866 96.06299212598425 et
1031.4960629921259 2368.503937007874 229.92125984251967 96.06299212598425 l’on
1174.8031496062993 2368.503937007874 314.96062992125985 96.06299212598425 parvint
1403.1496062992126 2368.503937007874 229.92125984251967 96.06299212598425 avec
1546.4566929133857 2368.503937007874 258.26771653543307 96.06299212598425 peine
1719.6850393700788 2368.503937007874 143.30708661417322 96.06299212598425 à
1776.3779527559054 2368.503937007874 286.61417322834643 96.06299212598425 sauver
1948.0314960629921 2368.503937007874 286.61417322834643 96.06299212598425 quelques

363.7795275590551 2434.6456692913384 338.5826771653543 83.46456692913385 Anglais.

466.1417322834646 2455.1181102362207 330.70866141732284 111.81102362204724 Démâtée
707.0866141732283 2455.1181102362207 181.10236220472441 111.81102362204724 de
796.8503937007874 2455.1181102362207 211.0236220472441 111.81102362204724 ses
916.5354330708661 2455.1181102362207 270.86614173228344 111.81102362204724 trois
1097.6377952755906 2455.1181102362207 270.86614173228344 111.81102362204724 mâts,
1277.1653543307086 2455.1181102362207 181.10236220472441 111.81102362204724 la
1366.9291338582677 2455.1181102362207 330.70866141732284 111.81102362204724 frégate
1607.8740157480315 2455.1181102362207 390.5511811023622 111.81102362204724 française
1908.6614173228347 2455.1181102362207 211.0236220472441 111.81102362204724 fut
1998.4251968503936 2455.1181102362207 240.9448818897638 111.81102362204724 remor-

403.1496062992126 2554.3307086614172 256.6929133858268 96.06299212598425 quée
563.7795275590552 2554.3307086614172 256.6929133858268 96.06299212598425 dans
724.4094488188977 2554.3307086614172 193.70078740157481 96.06299212598425 la
820.4724409448819 2554.3307086614172 256.6929133858268 96.06299212598425 baie
981.1023622047244 2554.3307086614172 193.70078740157481 96.06299212598425 de
1078.740157480315 2554.3307086614172 385.8267716535433 96.06299212598425 Camaret.
1366.9291338582677 2554.3307086614172 193.70078740157481 96.06299212598425 La
1464.5669291338584 2554.3307086614172 385.8267716535433 96.06299212598425 nouvelle
1754.3307086614172 2554.3307086614172 193.70078740157481 96.06299212598425 de
1850.3937007874015 2554.3307086614172 225.1968503937008 96.06299212598425 son
1946.4566929133857 2554.3307086614172 289.76377952755905 96.06299212598425 arrivée

401.5748031496063 2633.0708661417325 285.03937007874015 74.01574803149606 étant
592.1259842519685 2633.0708661417325 379.5275590551181 74.01574803149606 parvenue
875.5905511811023 2633.0708661417325 159.0551181102362 74.01574803149606 à
940.1574803149606 2633.0708661417325 316.53543307086613 74.01574803149606 Brest,
1160.6299212598426 2633.0708661417325 222.04724409448818 74.01574803149606 MM.
1288.1889763779527 2633.0708661417325 507.0866141732283 74.01574803149606 d’Orvilliers
1699.2125984251968 2633.0708661417325 190.5511811023622 74.01574803149606 et
1795.275590551181 2633.0708661417325 442.5196850393701 74.01574803149606 Duchaffaut
2111.8110236220473 2633.0708661417325 125.98425196850394 74.01574803149606 se

406.2992125984252 2691.3385826771655 392.12598425196853 75.59055118110236 rendirent
707.0866141732283 2691.3385826771655 151.1811023622047 75.59055118110236 à
766.9291338582677 2691.3385826771655 240.9448818897638 75.59055118110236 bord
918.1102362204724 2691.3385826771655 240.9448818897638 75.59055118110236 pour
1069.291338582677 2691.3385826771655 330.70866141732284 75.59055118110236 honorer
1310.236220472441 2691.3385826771655 181.10236220472441 75.59055118110236 le
1400.0 2691.3385826771655 362.20472440944883 75.59055118110236 vaillant
1670.8661417322835 2691.3385826771655 362.20472440944883 75.59055118110236 officier
1943.3070866141732 2691.3385826771655 211.0236220472441 75.59055118110236 qui
2033.0708661417323 2691.3385826771655 211.0236220472441 75.59055118110236 avait

406.2992125984252 2762.2047244094488 182.6771653543307 83.46456692913385 si
497.6377952755906 2762.2047244094488 519.6850393700787 83.46456692913385 glorieusement
924.4094488188977 2762.2047244094488 335.43307086614175 83.46456692913385 défendu
1168.5039370078741 2762.2047244094488 214.17322834645668 83.46456692913385 son
1291.3385826771653 2762.2047244094488 396.8503937007874 83.46456692913385 pavillon.
1596.8503937007874 2762.2047244094488 214.17322834645668 83.46456692913385 Ils
1718.1102362204724 2762.2047244094488 305.51181102362204 83.46456692913385 firent
1902.3622047244094 2762.2047244094488 335.43307086614175 83.46456692913385 remorquer

406.2992125984252 2828.3464566929133 157.48031496062993 124.40944881889764 à
469.29133858267716 2828.3464566929133 285.03937007874015 124.40944881889764 Brest
658.2677165354331 2828.3464566929133 188.9763779527559 124.40944881889764 le
754.3307086614174 2828.3464566929133 411.0236220472441 124.40944881889764 bâtiment,
1069.291338582677 2828.3464566929133 188.9763779527559 124.40944881889764 et
1165.3543307086613 2828.3464566929133 411.0236220472441 124.40944881889764 donnèrent
1480.3149606299212 2828.3464566929133 285.03937007874015 124.40944881889764 ordre
1670.8661417322835 2828.3464566929133 285.03937007874015 124.40944881889764 qu’on
1828.3464566929133 2828.3464566929133 411.0236220472441 124.40944881889764 transportât

403.1496062992126 2888.1889763779527 193.70078740157481 88.18897637795276 Du
499.21259842519686 2888.1889763779527 354.3307086614173 88.18897637795276 Couëdic
757.4803149606299 2888.1889763779527 160.62992125984252 88.18897637795276 à
788.9763779527559 2888.1889763779527 258.26771653543307 88.18897637795276 terre.

467.7165354330709 2952.755905511811 196.8503937007874 88.18897637795276 Au
566.9291338582677 2952.755905511811 327.5590551181102 88.18897637795276 moment
795.2755905511812 2952.755905511811 196.8503937007874 88.18897637795276 où
892.9133858267717 2952.755905511811 196.8503937007874 88.18897637795276 il
992.1259842519685 2952.755905511811 294.48818897637796 88.18897637795276 parut
1187.4015748031495 2952.755905511811 228.3464566929134 88.18897637795276 sur
1318.1102362204724 2952.755905511811 196.8503937007874 88.18897637795276 le
1417.3228346456692 2952.755905511811 261.4173228346457 88.18897637795276 pont
1581.1023622047244 2952.755905511811 196.8503937007874 88.18897637795276 de
1678.740157480315 2952.755905511811 196.8503937007874 88.18897637795276 la
1776.3779527559054 2952.755905511811 360.62992125984255 88.18897637795276 frégate
2006.2992125984251 2952.755905511811 228.3464566929134 88.18897637795276 qu’il

407.87401574803147 3028.3464566929133 182.6771653543307 62.99212598425197 ne
499.21259842519686 3028.3464566929133 305.51181102362204 62.99212598425197 devait
713.3858267716536 3028.3464566929133 244.09448818897638 62.99212598425197 plus
866.1417322834645 3028.3464566929133 335.43307086614175 62.99212598425197 revoir,
1110.236220472441 3028.3464566929133 214.17322834645668 62.99212598425197 les
1233.0708661417323 3028.3464566929133 396.8503937007874 62.99212598425197 officiers
1538.5826771653544 3028.3464566929133 182.6771653543307 62.99212598425197 et
1629.9212598425197 3028.3464566929133 366.92913385826773 62.99212598425197 matelots
1905.5118110236222 3028.3464566929133 214.17322834645668 62.99212598425197 lui
1996.8503937007874 3028.3464566929133 244.09448818897638 62.99212598425197 expri-

404.7244094488189 3085.0393700787404 311.81102362204723 108.66141732283465 mèrent
623.6220472440945 3085.0393700787404 248.8188976377953 108.66141732283465 leur
777.9527559055118 3085.0393700787404 560.6299212598425 108.66141732283465 reconnaissance
1245.6692913385828 3085.0393700787404 248.8188976377953 108.66141732283465 pour
1401.5748031496064 3085.0393700787404 187.4015748031496 108.66141732283465 la
1494.4881889763778 3085.0393700787404 311.81102362204723 108.66141732283465 gloire
1711.8110236220473 3085.0393700787404 280.31496062992125 108.66141732283465 qu’il
1899.2125984251968 3085.0393700787404 248.8188976377953 108.66141732283465 leur
2023.6220472440946 3085.0393700787404 217.3228346456693 108.66141732283465 avait

370.0787401574803 3149.6062992125985 321.25984251968504 85.03937007874016 acquise.

472.4409448818898 3204.7244094488187 188.9763779527559 83.46456692913385 Du
566.9291338582677 3204.7244094488187 348.0314960629921 83.46456692913385 Couëdic
820.4724409448819 3204.7244094488187 316.53543307086613 83.46456692913385 mourut
1040.9448818897638 3204.7244094488187 222.04724409448818 83.46456692913385 des
1168.5039370078741 3204.7244094488187 316.53543307086613 83.46456692913385 suites
1388.976377952756 3204.7244094488187 188.9763779527559 83.46456692913385 de
1483.4645669291338 3204.7244094488187 222.04724409448818 83.46456692913385 ses
1611.023622047244 3204.7244094488187 411.0236220472441 83.46456692913385 blessures
1925.984251968504 3204.7244094488187 188.9763779527559 83.46456692913385 le
2020.4724409448818 3204.7244094488187 157.48031496062993 83.46456692913385 7
2053.5433070866143 3204.7244094488187 188.9763779527559 83.46456692913385 jan-

411.0236220472441 3285.0393700787404 239.37007874015748 99.21259842519684 vier
560.6299212598425 3285.0393700787404 269.29133858267716 99.21259842519684 1780.
740.1574803149606 3285.0393700787404 359.0551181102362 99.21259842519684 (Extrait
1009.4488188976378 3285.0393700787404 179.5275590551181 99.21259842519684 de
1099.2125984251968 3285.0393700787404 179.5275590551181 99.21259842519684 la
1188.976377952756 3285.0393700787404 508.66141732283467 99.21259842519684 Biographie
1607.8740157480315 3285.0393700787404 209.4488188976378 99.21259842519684 des
1727.5590551181103 3285.0393700787404 299.21259842519686 99.21259842519684 marins
1907.0866141732283 3285.0393700787404 329.13385826771656 99.21259842519684 célè

406.2992125984252 3340.1574803149606 225.1968503937008 96.06299212598425 bres)

548.0314960629921 3404.7244094488187 162.20472440944883 163.7795275590551 H.
628.3464566929134 3404.7244094488187 162.20472440944883 163.7795275590551 1,
710.2362204724409 3404.7244094488187 188.9763779527559 163.7795275590551 32.
818.8976377952756 3404.7244094488187 135.43307086614172 163.7795275590551 —
872.4409448818898 3404.7244094488187 162.20472440944883 163.7795275590551 L.
954.3307086614174 3404.7244094488187 162.20472440944883 163.7795275590551 1,
1034.6456692913387 3404.7244094488187 188.9763779527559 163.7795275590551 64.
1143.3070866141732 3404.7244094488187 135.43307086614172 163.7795275590551 —
1198.4251968503936 3404.7244094488187 217.3228346456693 163.7795275590551 Fig.
1333.8582677165355 3404.7244094488187 162.20472440944883 163.7795275590551 0,
1387.4015748031495 3404.7244094488187 135.43307086614172 163.7795275590551 50.

1675.5905511811025 3483.464566929134 300.78740157480314 144.88188976377953 (Salon
1886.6141732283465 3483.464566929134 181.10236220472441 144.88188976377953 de
1946.4566929133857 3483.464566929134 211.0236220472441 144.88188976377953 1841.

218.89763779527559 3626.771653543307 322.8346456692913 132.28346456692913 BODMER
445.6692913385827 3626.771653543307 355.90551181102364 132.28346456692913 (KARL),
703.9370078740158 3626.771653543307 291.33858267716533 132.28346456692913 né
897.6377952755905 3626.771653543307 162.20472440944883 132.28346456692913 à
962.2047244094488 3626.771653543307 322.8346456692913 132.28346456692913 Zurich
1155.9055118110236 3626.771653543307 485.03937007874015 132.28346456692913 (Suisse)

223.6220472440945 3759.0551181102364 228.3464566929134 116.53543307086615 18.
354.3307086614173 3759.0551181102364 423.62204724409446 116.53543307086615 Intérieur
680.3149606299213 3759.0551181102364 195.2755905511811 116.53543307086615 de
777.9527559055118 3759.0551181102364 292.9133858267717 116.53543307086615 forêt
974.8031496062993 3759.0551181102364 359.0551181102362 116.53543307086615 pendant
1203.1496062992126 3759.0551181102364 325.98425196850394 116.53543307086615 l’hiver.

557.4803149606299 3864.566929133858 162.20472440944883 130.70866141732284 H.
637.7952755905512 3864.566929133858 162.20472440944883 130.70866141732284 0,
719.6850393700787 3864.566929133858 190.5511811023622 130.70866141732284 82.
828.3464566929134 3864.566929133858 135.43307086614172 130.70866141732284 —
883.4645669291339 3864.566929133858 162.20472440944883 130.70866141732284 L.
963.7795275590552 3864.566929133858 162.20472440944883 130.70866141732284 1,
1018.8976377952756 3864.566929133858 135.43307086614172 130.70866141732284 01.

1691.3385826771653 3949.6062992125985 291.33858267716533 122.83464566929133 (Salon
1894.4881889763778 3949.6062992125985 174.8031496062992 122.83464566929133 de
1952.755905511811 3949.6062992125985 233.0708661417323 122.83464566929133 1850.)
