2782.6771653543306 4938.582677165355
462.99212598425197 543.3070866141733 207.8740157480315 135.43307086614172 6

1346.4566929133857 562.2047244094488 458.26771653543307 133.85826771653544 PEINTURE.

563.7795275590552 755.9055118110236 374.8031496062992 100.78740157480316 BONHEUR
836.2204724409448 755.9055118110236 305.51181102362204 100.78740157480316 (Mlle
1040.9448818897638 755.9055118110236 340.15748031496065 100.78740157480316 ROSA),
1278.740157480315 755.9055118110236 340.15748031496065 100.78740157480316 née
1516.5354330708662 755.9055118110236 170.07874015748033 100.78740157480316 à
1585.8267716535433 755.9055118110236 407.87401574803147 100.78740157480316 Bordeaux
1891.3385826771653 755.9055118110236 477.1653543307087 100.78740157480316 (Gironde),
2231.496062992126 755.9055118110236 374.8031496062992 100.78740157480316 élève

655.1181102362204 829.9212598425197 291.33858267716533 89.76377952755905 de
850.3937007874016 829.9212598425197 226.77165354330708 89.76377952755905 son
979.5275590551181 829.9212598425197 259.84251968503935 89.76377952755905 père
1143.3070866141732 829.9212598425197 357.4803149606299 89.76377952755905 Raymond
1401.5748031496064 829.9212598425197 388.9763779527559 89.76377952755905 Bonheur,
1694.4881889763778 829.9212598425197 422.0472440944882 89.76377952755905 chevalier
2018.8976377952756 829.9212598425197 195.2755905511811 89.76377952755905 de
2116.535433070866 829.9212598425197 195.2755905511811 89.76377952755905 la
2181.1023622047246 829.9212598425197 422.0472440944882 89.76377952755905 Légion

670.8661417322835 905.511811023622 450.3937007874016 140.15748031496062 d’honneur
1037.7952755905512 905.511811023622 281.8897637795276 140.15748031496062 en
1234.6456692913387 905.511811023622 225.1968503937008 140.15748031496062 1865
1348.0314960629921 905.511811023622 168.50393700787401 140.15748031496062 (1).

560.6299212598425 1028.3464566929133 258.26771653543307 116.53543307086615 19.
707.0866141732283 1028.3464566929133 478.74015748031496 116.53543307086615 Labourage
1075.5905511811025 1028.3464566929133 516.5354330708661 116.53543307086615 nivernais;
1481.8897637795276 1028.3464566929133 220.4724409448819 116.53543307086615 le
1555.9055118110236 1028.3464566929133 404.7244094488189 116.53543307086615 sombrage.

910.2362204724409 1125.984251968504 162.20472440944883 116.53543307086615 H.
990.5511811023622 1125.984251968504 162.20472440944883 116.53543307086615 1,
1072.4409448818897 1125.984251968504 190.5511811023622 116.53543307086615 32.
1181.1023622047244 1125.984251968504 135.43307086614172 116.53543307086615 —
1236.2204724409448 1125.984251968504 162.20472440944883 116.53543307086615 L.
1316.5354330708662 1125.984251968504 162.20472440944883 116.53543307086615 2,
1398.4251968503936 1125.984251968504 190.5511811023622 116.53543307086615 60.
1507.0866141732283 1125.984251968504 135.43307086614172 116.53543307086615 —
1560.6299212598426 1125.984251968504 217.3228346456693 116.53543307086615 Fig.
1697.6377952755906 1125.984251968504 162.20472440944883 116.53543307086615 de
1777.9527559055118 1125.984251968504 162.20472440944883 116.53543307086615 0,
1833.0708661417323 1125.984251968504 135.43307086614172 116.53543307086615 27.

555.9055118110236 1262.992125984252 251.96850393700788 110.23622047244095 20.
700.7874015748032 1262.992125984252 217.3228346456693 110.23622047244095 La
809.4488188976378 1262.992125984252 433.07086614173227 110.23622047244095 fenaison
1097.6377952755906 1262.992125984252 469.29133858267716 110.23622047244095 (Auvergne).

903.9370078740158 1351.1811023622047 166.9291338582677 129.13385826771653 H.
987.4015748031496 1351.1811023622047 166.9291338582677 129.13385826771653 2,
1072.4409448818897 1351.1811023622047 195.2755905511811 129.13385826771653 12.
1182.6771653543308 1351.1811023622047 140.15748031496062 129.13385826771653 —
1239.3700787401574 1351.1811023622047 166.9291338582677 129.13385826771653 L.
1322.8346456692914 1351.1811023622047 166.9291338582677 129.13385826771653 4,
1406.2992125984251 1351.1811023622047 195.2755905511811 129.13385826771653 20.
1518.1102362204724 1351.1811023622047 140.15748031496062 129.13385826771653 —
1573.2283464566929 1351.1811023622047 223.6220472440945 129.13385826771653 Fig.
1685.0393700787401 1351.1811023622047 307.0866141732283 129.13385826771653 demi

2047.244094488189 1176.3779527559054 291.33858267716533 138.58267716535434 (Salon
2250.3937007874015 1176.3779527559054 174.8031496062992 138.58267716535434 de
2308.6614173228345 1176.3779527559054 233.0708661417323 138.58267716535434 1849.)

2033.0708661417323 1385.8267716535433 294.48818897637796 185.82677165354332 (Salon
2239.3700787401576 1385.8267716535433 176.3779527559055 185.82677165354332 de
2299.212598425197 1385.8267716535433 236.2204724409449 185.82677165354332 1855.)

559.0551181102362 1557.4803149606298 527.5590551181102 103.93700787401575 BOUGUEREAU
973.2283464566929 1557.4803149606298 828.3464566929134 103.93700787401575 (ADOLPHE-WILLIAM),
1689.763779527559 1557.4803149606298 338.5826771653543 103.93700787401575 né
1914.9606299212599 1557.4803149606298 188.9763779527559 103.93700787401575 à
1990.5511811023623 1557.4803149606298 226.77165354330708 103.93700787401575 La
2066.1417322834645 1557.4803149606298 527.5590551181102 103.93700787401575 Rochelle

647.2440944881889 1650.3937007874015 973.2283464566929 103.93700787401575 (Charente-Inférieure),
1519.6850393700788 1650.3937007874015 302.3622047244094 103.93700787401575 élève
1721.259842519685 1650.3937007874015 201.5748031496063 103.93700787401575 de
1822.0472440944882 1650.3937007874015 201.5748031496063 103.93700787401575 M.
1922.8346456692914 1650.3937007874015 335.43307086614175 103.93700787401575 Picot,
2124.4094488188975 1650.3937007874015 469.29133858267716 103.93700787401575 premier

650.3937007874016 1740.1574803149606 352.755905511811 107.08661417322834 grand
916.5354330708661 1740.1574803149606 236.2204724409449 107.08661417322834 prix
1062.992125984252 1740.1574803149606 176.3779527559055 107.08661417322834 de
1151.1811023622047 1740.1574803149606 236.2204724409449 107.08661417322834 Rome
1299.2125984251968 1740.1574803149606 529.1338582677165 107.08661417322834 (Histoire)
1740.1574803149606 1740.1574803149606 264.56692913385825 107.08661417322834 1850,
1916.5354330708662 1740.1574803149606 470.86614173228344 107.08661417322834 chevalier
2299.212598425197 1740.1574803149606 176.3779527559055 107.08661417322834 de
2357.48031496063 1740.1574803149606 236.2204724409449 107.08661417322834 la

648.8188976377953 1809.4488188976377 716.5354330708661 110.23622047244095 Légion-d’Honneur
1272.4409448818897 1809.4488188976377 311.81102362204723 110.23622047244095 en
1459.8425196850394 1809.4488188976377 217.3228346456693 110.23622047244095 1859.

546.4566929133858 1922.8346456692914 266.1417322834646 144.88188976377953 21.
699.2125984251968 1922.8346456692914 456.6929133858268 144.88188976377953 Triomphe
1040.9448818897638 1922.8346456692914 228.3464566929134 144.88188976377953 du
1116.5354330708662 1922.8346456692914 343.3070866141732 144.88188976377953 Martyr.

826.7716535433071 2022.0472440944882 286.61417322834643 133.85826771653544 .....
1017.3228346456693 2022.0472440944882 190.5511811023622 133.85826771653544 Le
1113.3858267716535 2022.0472440944882 286.61417322834643 133.85826771653544 corps
1303.9370078740158 2022.0472440944882 190.5511811023622 133.85826771653544 de
1400.0 2022.0472440944882 318.1102362204724 133.85826771653544 sainte
1623.6220472440946 2022.0472440944882 318.1102362204724 133.85826771653544 Cécile
1845.6692913385828 2022.0472440944882 351.18110236220474 133.85826771653544 apporté
2100.787401574803 2022.0472440944882 255.11811023622047 133.85826771653544 dans
2261.417322834646 2022.0472440944882 223.6220472440945 133.85826771653544 les
2355.9055118110236 2022.0472440944882 223.6220472440945 133.85826771653544 Cata

705.511811023622 2129.1338582677167 349.6062992125984 107.08661417322834 combes.

899.2125984251968 2231.496062992126 160.62992125984252 105.51181102362204 H.
979.5275590551181 2231.496062992126 160.62992125984252 105.51181102362204 3,
1059.8425196850394 2231.496062992126 187.4015748031496 105.51181102362204 43.
1166.9291338582677 2231.496062992126 133.85826771653544 105.51181102362204 —
1222.0472440944882 2231.496062992126 160.62992125984252 105.51181102362204 L.
1302.3622047244094 2231.496062992126 160.62992125984252 105.51181102362204 4,
1382.6771653543308 2231.496062992126 187.4015748031496 105.51181102362204 30.
1489.763779527559 2231.496062992126 133.85826771653544 105.51181102362204 —
1543.3070866141732 2231.496062992126 214.17322834645668 105.51181102362204 Fig.
1678.740157480315 2231.496062992126 187.4015748031496 105.51181102362204 gr.
1759.0551181102362 2231.496062992126 160.62992125984252 105.51181102362204 nat.

543.3070866141733 2363.779527559055 255.11811023622047 100.78740157480316 22.
689.7637795275591 2363.779527559055 474.01574803149606 100.78740157480316 Philomèle
1053.5433070866143 2363.779527559055 218.89763779527559 100.78740157480316 et
1127.5590551181103 2363.779527559055 329.13385826771656 100.78740157480316 Procné.

2007.8740157480315 2280.314960629921 299.21259842519686 143.30708661417322 (Salon
2217.3228346456694 2280.314960629921 179.5275590551181 143.30708661417322 de
2277.165354330709 2280.314960629921 239.37007874015748 143.30708661417322 1855.)

894.488188976378 2423.6220472440946 173.22834645669292 148.03149606299212 H.
981.1023622047244 2423.6220472440946 259.84251968503935 148.03149606299212 1,60.
1154.3307086614172 2423.6220472440946 144.88188976377953 148.03149606299212 —
1211.023622047244 2423.6220472440946 173.22834645669292 148.03149606299212 L.
1297.6377952755906 2423.6220472440946 259.84251968503935 148.03149606299212 1,20.
1470.8661417322835 2423.6220472440946 144.88188976377953 148.03149606299212 —
1529.1338582677165 2423.6220472440946 288.18897637795277 148.03149606299212 Ovale,
1730.708661417323 2423.6220472440946 231.49606299212599 148.03149606299212 fig.
1875.5905511811025 2423.6220472440946 201.5748031496063 148.03149606299212 gr.
1962.2047244094488 2423.6220472440946 173.22834645669292 148.03149606299212 nat.

1988.976377952756 2541.732283464567 308.66141732283467 97.63779527559055 (Peint
2206.299212598425 2541.732283464567 185.82677165354332 97.63779527559055 en
2267.716535433071 2541.732283464567 247.24409448818898 97.63779527559055 1861.)

554.3307086614174 2617.3228346456694 418.8976377952756 127.55905511811024 BOULANGER
875.5905511811023 2617.3228346456694 450.3937007874016 127.55905511811024 (CLÉMENT),
1229.9212598425197 2617.3228346456694 289.76377952755905 127.55905511811024 né
1422.0472440944882 2617.3228346456694 160.62992125984252 127.55905511811024 à
1486.6141732283465 2617.3228346456694 289.76377952755905 127.55905511811024 Paris
1680.3149606299212 2617.3228346456694 321.25984251968504 127.55905511811024 en
1905.5118110236222 2617.3228346456694 289.76377952755905 127.55905511811024 1806,
2097.6377952755906 2617.3228346456694 354.3307086614173 127.55905511811024 mort
2324.4094488188975 2617.3228346456694 256.6929133858268 127.55905511811024 en

639.3700787401575 2744.8818897637793 255.11811023622047 83.46456692913385 1842
798.4251968503937 2744.8818897637793 159.0551181102362 83.46456692913385 à
829.9212598425197 2744.8818897637793 927.5590551181102 83.46456692913385 Magnesie

541.7322834645669 2823.6220472440946 242.51968503937007 113.38582677165354 23.
680.3149606299213 2823.6220472440946 483.46456692913387 113.38582677165354 Procession
1059.8425196850394 2823.6220472440946 207.8740157480315 113.38582677165354 de
1163.7795275590552 2823.6220472440946 207.8740157480315 113.38582677165354 la
1267.716535433071 2823.6220472440946 518.1102362204724 113.38582677165354 Gargouille,
1681.8897637795276 2823.6220472440946 173.22834645669292 113.38582677165354 à
1716.5354330708662 2823.6220472440946 277.1653543307087 113.38582677165354 Rouen.

814.1732283464567 2929.1338582677167 244.09448818897638 89.76377952755905 Tous
965.3543307086615 2929.1338582677167 214.17322834645668 89.76377952755905 les
1088.1889763779527 2929.1338582677167 244.09448818897638 89.76377952755905 ans,
1240.9448818897638 2929.1338582677167 152.75590551181102 89.76377952755905 à
1302.3622047244094 2929.1338582677167 182.6771653543307 89.76377952755905 la
1393.7007874015749 2929.1338582677167 518.1102362204724 89.76377952755905 Saint-Romain,
1820.4724409448818 2929.1338582677167 182.6771653543307 89.76377952755905 le
1911.8110236220473 2929.1338582677167 305.51181102362204 89.76377952755905 clergé
2124.4094488188975 2929.1338582677167 182.6771653543307 89.76377952755905 de
2217.3228346456694 2929.1338582677167 274.01574803149606 89.76377952755905 Rouen
2368.503937007874 2929.1338582677167 214.17322834645668 89.76377952755905 usait

748.0314960629921 3000.0 251.96850393700788 86.61417322834646 d’un
905.511811023622 3000.0 409.4488188976378 86.61417322834646 privilège
1220.4724409448818 3000.0 220.4724409448819 86.61417322834646 qui
1348.0314960629921 3000.0 440.9448818897638 86.61417322834646 consistait
1694.4881889763778 3000.0 157.48031496062993 86.61417322834646 à
1757.4803149606298 3000.0 314.96062992125985 86.61417322834646 donner
1977.9527559055118 3000.0 188.9763779527559 86.61417322834646 la
2072.4409448818897 3000.0 346.45669291338584 86.61417322834646 liberté
2325.984251968504 3000.0 157.48031496062993 86.61417322834646 à
2388.9763779527557 3000.0 188.9763779527559 86.61417322834646 un
2451.968503937008 3000.0 125.98425196850394 86.61417322834646 ou

746.4566929133858 3080.314960629921 425.1968503937008 77.16535433070867 plusieurs
1074.015748031496 3080.314960629921 425.1968503937008 77.16535433070867 condamnés
1401.5748031496064 3080.314960629921 163.7795275590551 77.16535433070867 à
1467.716535433071 3080.314960629921 196.8503937007874 77.16535433070867 la
1565.3543307086613 3080.314960629921 294.48818897637796 77.16535433070867 peine
1762.2047244094488 3080.314960629921 425.1968503937008 77.16535433070867 capitale.
2089.763779527559 3080.314960629921 196.8503937007874 77.16535433070867 Le
2187.4015748031497 3080.314960629921 393.7007874015748 77.16535433070867 chapitre
2450.3937007874015 3080.314960629921 130.70866141732284 77.16535433070867 et

749.6062992125984 3140.1574803149606 305.51181102362204 77.16535433070867 toutes
962.2047244094488 3140.1574803149606 214.17322834645668 77.16535433070867 les
1085.0393700787401 3140.1574803149606 426.7716535433071 77.16535433070867 confréries
1420.4724409448818 3140.1574803149606 182.6771653543307 77.16535433070867 se
1511.8110236220473 3140.1574803149606 396.8503937007874 77.16535433070867 rendaient
1817.3228346456692 3140.1574803149606 152.75590551181102 77.16535433070867 n
1877.1653543307086 3140.1574803149606 305.51181102362204 77.16535433070867 grande
2091.3385826771655 3140.1574803149606 274.01574803149606 77.16535433070867 pompe
2274.015748031496 3140.1574803149606 152.75590551181102 77.16535433070867 à
2335.433070866142 3140.1574803149606 182.6771653543307 77.16535433070867 la
2396.850393700787 3140.1574803149606 182.6771653543307 77.16535433070867 Tour

744.8818897637796 3207.8740157480315 598.4251968503937 74.01574803149606 Saint-Romain.
1237.7952755905512 3207.8740157480315 247.24409448818898 74.01574803149606 Là,
1377.9527559055118 3207.8740157480315 211.0236220472441 74.01574803149606 le
1483.4645669291338 3207.8740157480315 458.26771653543307 74.01574803149606 condammé,
1836.2204724409448 3207.8740157480315 316.53543307086613 74.01574803149606 après
2047.244094488189 3207.8740157480315 316.53543307086613 74.01574803149606 avoir
2259.8425196850394 3207.8740157480315 281.8897637795276 74.01574803149606 reçu
2400.0 3207.8740157480315 176.3779527559055 74.01574803149606 une

744.8818897637796 3280.314960629921 488.18897637795277 69.29133858267717 exhortation,
1141.732283464567 3280.314960629921 305.51181102362204 69.29133858267717 levait
1354.3307086614172 3280.314960629921 182.6771653543307 69.29133858267717 la
1447.244094488189 3280.314960629921 275.59055118110234 69.29133858267717 chape
1629.9212598425197 3280.314960629921 182.6771653543307 69.29133858267717 de
1721.259842519685 3280.314960629921 488.18897637795277 69.29133858267717 Saint-Romain
2118.1102362204724 3280.314960629921 275.59055118110234 69.29133858267717 trois
2300.787401574803 3280.314960629921 244.09448818897638 69.29133858267717 fois
2423.6220472440946 3280.314960629921 152.75590551181102 69.29133858267717 sur

743.3070866141733 3337.0078740157483 240.9448818897638 70.86614173228347 son
881.8897637795276 3337.0078740157483 379.5275590551181 70.86614173228347 épaule,
1157.4803149606298 3337.0078740157483 448.81889763779526 70.86614173228347 cérémonie
1502.3622047244094 3337.0078740157483 240.9448818897638 70.86614173228347 qui
1640.9448818897638 3337.0078740157483 518.1102362204724 70.86614173228347 déterminait
2053.5433070866143 3337.0078740157483 206.29921259842519 70.86614173228347 sa
2122.834645669291 3337.0078740157483 448.81889763779526 70.86614173228347 délivrance.

746.4566929133858 3407.8740157480315 288.18897637795277 64.56692913385827 Alors
938.5826771653543 3407.8740157480315 223.6220472440945 64.56692913385827 ses
1066.1417322834645 3407.8740157480315 256.6929133858268 64.56692913385827 fers
1226.7716535433071 3407.8740157480315 352.755905511811 64.56692913385827 étaient
1481.8897637795276 3407.8740157480315 384.251968503937 64.56692913385827 échangés
1771.6535433070867 3407.8740157480315 319.68503937007875 64.56692913385827 contre
1995.275590551181 3407.8740157480315 223.6220472440945 64.56692913385827 des
2122.834645669291 3407.8740157480315 448.81889763779526 64.56692913385827 guirlandes
2444.0944881889764 3407.8740157480315 127.55905511811024 64.56692913385827 de

748.0314960629921 3466.1417322834645 318.1102362204724 75.59055118110236 fleurs;
979.5275590551181 3466.1417322834645 203.1496062992126 75.59055118110236 et,
1094.4881889763778 3466.1417322834645 318.1102362204724 75.59055118110236 conduit
1325.984251968504 3466.1417322834645 203.1496062992126 75.59055118110236 par
1442.5196850393702 3466.1417322834645 289.76377952755905 75.59055118110236 quatre
1645.6692913385828 3466.1417322834645 289.76377952755905 75.59055118110236 jeunes
1847.244094488189 3466.1417322834645 318.1102362204724 75.59055118110236 filles,
2078.740157480315 3466.1417322834645 173.22834645669292 75.59055118110236 il
2166.9291338582675 3466.1417322834645 259.84251968503935 75.59055118110236 était
2340.1574803149606 3466.1417322834645 259.84251968503935 75.59055118110236 rendu
2485.0393700787404 3466.1417322834645 86.61417322834646 75.59055118110236 à

744.8818897637796 3532.283464566929 222.04724409448818 91.33858267716535 ses
839.3700787401575 3532.283464566929 318.1102362204724 91.33858267716535 parents.

891.3385826771654 3595.2755905511813 177.95275590551182 125.98425196850394 H.
981.1023622047244 3595.2755905511813 266.1417322834646 125.98425196850394 3,40.
1157.4803149606298 3595.2755905511813 148.03149606299212 125.98425196850394 —
1217.3228346456692 3595.2755905511813 177.95275590551182 125.98425196850394 L.
1305.5118110236222 3595.2755905511813 266.1417322834646 125.98425196850394 2,29.
1483.4645669291338 3595.2755905511813 148.03149606299212 125.98425196850394 —
1541.732283464567 3595.2755905511813 236.2204724409449 125.98425196850394 Fig.
1689.763779527559 3595.2755905511813 177.95275590551182 125.98425196850394 de
1749.6062992125985 3595.2755905511813 206.29921259842519 125.98425196850394 0,50.

2000.0 3625.196850393701 300.78740157480314 143.30708661417322 (Salon
2209.448818897638 3625.196850393701 179.5275590551181 143.30708661417322 de
2270.8661417322833 3625.196850393701 240.9448818897638 143.30708661417322 1837.)

603.1496062992126 3817.3228346456694 204.7244094488189 103.93700787401575 (1)
721.2598425196851 3817.3228346456694 204.7244094488189 103.93700787401575 Mme
837.7952755905512 3817.3228346456694 351.18110236220474 103.93700787401575 Herbelin
1102.3622047244094 3817.3228346456694 176.3779527559055 103.93700787401575 et
1190.5511811023623 3817.3228346456694 234.64566929133858 103.93700787401575 Mlle
1337.007874015748 3817.3228346456694 499.21259842519686 103.93700787401575 Rosa-Bonheur,
1748.0314960629921 3817.3228346456694 264.56692913385825 103.93700787401575 ayant
1922.8346456692914 3817.3228346456694 292.9133858267717 103.93700787401575 obtenu
2129.1338582677167 3817.3228346456694 292.9133858267717 103.93700787401575 toutes
2333.8582677165355 3817.3228346456694 204.7244094488189 103.93700787401575 les
2422.047244094488 3817.3228346456694 146.45669291338584 103.93700787401575 mé-

543.3070866141733 3892.9133858267714 300.78740157480314 74.01574803149606 dailles
762.2047244094488 3892.9133858267714 355.90551181102364 74.01574803149606 accordées
1034.6456692913387 3892.9133858267714 137.00787401574803 74.01574803149606 à
1089.763779527559 3892.9133858267714 245.66929133858267 74.01574803149606 titre
1253.5433070866143 3892.9133858267714 163.7795275590551 74.01574803149606 de
1335.4330708661416 3892.9133858267714 437.79527559055117 74.01574803149606 récompenses,
1691.3385826771653 3892.9133858267714 192.1259842519685 74.01574803149606 ont
1801.5748031496064 3892.9133858267714 192.1259842519685 74.01574803149606 été
1910.236220472441 3892.9133858267714 382.6771653543307 74.01574803149606 assimilées
2211.0236220472443 3892.9133858267714 163.7795275590551 74.01574803149606 en
2292.9133858267714 3892.9133858267714 245.66929133858267 74.01574803149606 1853,
2429.9212598425197 3892.9133858267714 137.00787401574803 74.01574803149606 par

543.3070866141733 3952.755905511811 200.0 89.76377952755905 une
658.2677165354331 3952.755905511811 343.3070866141732 89.76377952755905 décision
914.9606299212599 3952.755905511811 373.2283464566929 89.76377952755905 spéciale,
1201.5748031496064 3952.755905511811 200.0 89.76377952755905 aux
1316.5354330708662 3952.755905511811 343.3070866141732 89.76377952755905 artistes
1574.8031496062993 3952.755905511811 314.96062992125985 89.76377952755905 décorés
1803.1496062992126 3952.755905511811 171.6535433070866 89.76377952755905 de
1889.763779527559 3952.755905511811 171.6535433070866 89.76377952755905 la
1946.4566929133857 3952.755905511811 544.8818897637796 89.76377952755905 Légion
