2837.7952755905512 4921.259842519685
963.7795275590552 532.2834645669292 456.6929133858268 143.30708661417322 PEINTURE.

2023.6220472440946 514.9606299212599 207.8740157480315 163.7795275590551 7

200.0 703.9370078740158 559.0551181102362 102.36220472440945 BRASCASSAT
659.8425196850394 703.9370078740158 919.6850393700787 102.36220472440945 (JACQUES-RAYMOND),néà
1481.8897637795276 703.9370078740158 393.7007874015748 102.36220472440945 Bordeaux
1744.8818897637796 703.9370078740158 492.9133858267717 102.36220472440945 (Gironde)

278.74015748031496 800.0 404.7244094488189 94.48818897637796 élève
581.1023622047244 800.0 201.5748031496063 94.48818897637796 de
681.8897637795276 800.0 236.2204724409449 94.48818897637796 Th.
817.3228346456693 800.0 370.0787401574803 94.48818897637796 Richard
1086.6141732283465 800.0 201.5748031496063 94.48818897637796 et
1187.4015748031495 800.0 472.4409448818898 94.48818897637796 d’Hersent;
1559.0551181102362 800.0 437.79527559055117 94.48818897637796 chevalier
1896.0629921259842 800.0 201.5748031496063 94.48818897637796 de
1963.7795275590552 800.0 269.29133858267716 94.48818897637796 la

289.76377952755905 883.4645669291339 697.6377952755905 119.68503937007874 Légion-d’Honneur
896.0629921259842 883.4645669291339 303.93700787401576 119.68503937007874 en
1108.6614173228347 883.4645669291339 272.4409448818898 119.68503937007874 1837,
1289.763779527559 883.4645669291339 393.7007874015748 119.68503937007874 membre
1593.7007874015749 883.4645669291339 182.6771653543307 119.68503937007874 de
1683.4645669291338 883.4645669291339 425.1968503937008 119.68503937007874 l’Institut
1987.4015748031495 883.4645669291339 242.51968503937007 119.68503937007874 en

231.49606299212599 955.9055118110236 296.06299212598424 92.91338582677166 1846.

190.5511811023622 1033.0708661417323 253.54330708661416 149.60629921259843 24.
335.43307086614175 1033.0708661417323 398.4251968503937 149.60629921259843 Paysage
625.1968503937007 1033.0708661417323 217.3228346456693 149.60629921259843 et
697.6377952755905 1033.0708661417323 362.20472440944883 149.60629921259843 animaux.

535.4330708661417 1143.3070866141732 173.22834645669292 108.66141732283465 H.
622.0472440944882 1143.3070866141732 173.22834645669292 108.66141732283465 0,
708.6614173228346 1143.3070866141732 203.1496062992126 108.66141732283465 96.
825.1968503937007 1143.3070866141732 144.88188976377953 108.66141732283465 —
881.8897637795276 1143.3070866141732 173.22834645669292 108.66141732283465 L.
970.0787401574803 1143.3070866141732 173.22834645669292 108.66141732283465 1,
1026.7716535433071 1143.3070866141732 116.53543307086615 108.66141732283465 30

1650.3937007874015 1185.8267716535433 313.38582677165357 118.11023622047244 (Salon
1869.291338582677 1185.8267716535433 187.4015748031496 118.11023622047244 de
1932.283464566929 1185.8267716535433 250.39370078740157 118.11023622047244 1845.)

198.4251968503937 1316.5354330708662 321.25984251968504 141.73228346456693 BREST
412.59842519685037 1316.5354330708662 462.99212598425197 141.73228346456693 (FABIUS),
768.503937007874 1316.5354330708662 321.25984251968504 141.73228346456693 né
982.6771653543307 1316.5354330708662 177.95275590551182 141.73228346456693 à
1053.5433070866143 1316.5354330708662 462.99212598425197 141.73228346456693 Marseille
1374.8031496062993 1316.5354330708662 855.1181102362204 141.73228346456693 (Bouches

289.76377952755905 1420.4724409448818 307.0866141732283 121.25984251968504 élève
519.6850393700787 1420.4724409448818 152.75590551181102 121.25984251968504 de
570.0787401574803 1420.4724409448818 332.2834645669291 121.25984251968504 Loubon

193.70078740157481 1508.6614173228347 245.66929133858267 135.43307086614172 25.
333.8582677165354 1508.6614173228347 245.66929133858267 135.43307086614172 Les
474.01574803149606 1508.6614173228347 316.53543307086613 135.43307086614172 bords
685.0393700787401 1508.6614173228347 211.0236220472441 135.43307086614172 du
788.9763779527559 1508.6614173228347 456.6929133858268 135.43307086614172 Bosphore,
1140.1574803149606 1508.6614173228347 174.8031496062992 135.43307086614172 à
1211.023622047244 1508.6614173228347 316.53543307086613 135.43307086614172 Bebec
1420.4724409448818 1508.6614173228347 420.4724409448819 135.43307086614172 (Turquie
1702.3622047244094 1508.6614173228347 420.4724409448819 135.43307086614172 d’Europe).

532.2834645669292 1622.0472440944882 185.82677165354332 103.93700787401575 H.
625.1968503937007 1622.0472440944882 278.74015748031496 103.93700787401575 1,50.
811.0236220472441 1622.0472440944882 154.33070866141733 103.93700787401575 —
874.0157480314961 1622.0472440944882 185.82677165354332 103.93700787401575 L.
935.4330708661417 1622.0472440944882 217.3228346456693 103.93700787401575 1,96.

1629.9212598425197 1623.6220472440946 316.53543307086613 170.07874015748033 (Salon
1850.3937007874015 1623.6220472440946 188.9763779527559 170.07874015748033 de
1914.9606299212599 1623.6220472440946 253.54330708661416 170.07874015748033 1863.)

206.29921259842519 1804.724409448819 485.03937007874015 113.38582677165354 BRETON
604.7244094488188 1804.724409448819 570.0787401574803 113.38582677165354 (JULES-ADOLPHE),
1089.763779527559 1804.724409448819 256.6929133858268 113.38582677165354 né
1261.4173228346456 1804.724409448819 143.30708661417322 113.38582677165354 à
1318.1102362204724 1804.724409448819 398.4251968503937 113.38582677165354 Courrières
1603.1496062992126 1804.724409448819 626.7716535433071 113.38582677165354 (Pas

281.8897637795276 1922.8346456692914 396.8503937007874 113.38582677165354 élève
579.5275590551181 1922.8346456692914 198.4251968503937 113.38582677165354 de
678.7401574803149 1922.8346456692914 198.4251968503937 113.38582677165354 F.
777.9527559055118 1922.8346456692914 363.7795275590551 113.38582677165354 Devigne
1042.5196850393702 1922.8346456692914 198.4251968503937 113.38582677165354 et
1141.732283464567 1922.8346456692914 198.4251968503937 113.38582677165354 de
1240.9448818897638 1922.8346456692914 429.9212598425197 113.38582677165354 Drelling,
1571.6535433070867 1922.8346456692914 429.9212598425197 113.38582677165354 chevalier
1902.3622047244094 1922.8346456692914 198.4251968503937 113.38582677165354 de
1968.5039370078741 1922.8346456692914 264.56692913385825 113.38582677165354 la

283.46456692913387 1974.8031496062993 727.5590551181102 138.58267716535434 Légion-d’Honneur
916.5354330708661 1974.8031496062993 316.53543307086613 138.58267716535434 en
1105.5118110236222 1974.8031496062993 222.04724409448818 138.58267716535434 1861.

198.4251968503937 2080.314960629921 236.2204724409449 133.85826771653544 26.
332.2834645669291 2080.314960629921 201.5748031496063 133.85826771653544 La
433.07086614173227 2080.314960629921 505.51181102362204 133.85826771653544 bénédiction
837.7952755905512 2080.314960629921 236.2204724409449 133.85826771653544 des
973.2283464566929 2080.314960629921 269.29133858267716 133.85826771653544 blés
1108.6614173228347 2080.314960629921 370.0787401574803 133.85826771653544 (Artois).

540.1574803149606 2166.9291338582675 163.7795275590551 141.73228346456693 H.
622.0472440944882 2166.9291338582675 245.66929133858267 141.73228346456693 1,28.
785.8267716535433 2166.9291338582675 137.00787401574803 141.73228346456693 —
839.3700787401575 2166.9291338582675 163.7795275590551 141.73228346456693 L.
921.2598425196851 2166.9291338582675 245.66929133858267 141.73228346456693 3,18.
1085.0393700787401 2166.9291338582675 137.00787401574803 141.73228346456693 —
1140.1574803149606 2166.9291338582675 218.89763779527559 141.73228346456693 Fig.
1275.5905511811025 2166.9291338582675 163.7795275590551 141.73228346456693 de
1330.708661417323 2166.9291338582675 190.5511811023622 141.73228346456693 0.46.

1636.2204724409448 2209.448818897638 311.81102362204723 132.28346456692913 (Salon
1855.1181102362204 2209.448818897638 187.4015748031496 132.28346456692913 de
1918.1102362204724 2209.448818897638 250.39370078740157 132.28346456692913 1857.)

196.8503937007874 2285.0393700787404 231.49606299212599 110.23622047244095 27.
329.13385826771656 2285.0393700787404 198.4251968503937 110.23622047244095 Le
428.34645669291336 2285.0393700787404 330.70866141732284 110.23622047244095 rappel
659.8425196850394 2285.0393700787404 231.49606299212599 110.23622047244095 des
792.1259842519685 2285.0393700787404 429.9212598425197 110.23622047244095 glaneuses
1091.3385826771653 2285.0393700787404 363.7795275590551 110.23622047244095 (Artois).

566.9291338582677 2377.952755905512 173.22834645669292 144.88188976377953 H.
653.5433070866142 2377.952755905512 173.22834645669292 144.88188976377953 0,
738.5826771653543 2377.952755905512 201.5748031496063 144.88188976377953 90.
855.1181102362204 2377.952755905512 143.30708661417322 144.88188976377953 —
911.8110236220473 2377.952755905512 173.22834645669292 144.88188976377953 L.
998.4251968503937 2377.952755905512 173.22834645669292 144.88188976377953 1,
1085.0393700787401 2377.952755905512 201.5748031496063 144.88188976377953 76.
1200.0 2377.952755905512 143.30708661417322 144.88188976377953 —
1258.267716535433 2377.952755905512 229.92125984251967 144.88188976377953 Fig.
1401.5748031496064 2377.952755905512 173.22834645669292 144.88188976377953 0,
1459.8425196850394 2377.952755905512 143.30708661417322 144.88188976377953 50.

1644.0944881889764 2445.6692913385828 307.0866141732283 119.68503937007874 (Salon
1858.267716535433 2445.6692913385828 184.251968503937 119.68503937007874 de
1919.6850393700788 2445.6692913385828 245.66929133858267 119.68503937007874 1859.)

196.8503937007874 2488.1889763779527 239.37007874015748 148.03149606299212 28.
333.8582677165354 2488.1889763779527 204.7244094488189 148.03149606299212 Le
401.5748031496063 2488.1889763779527 239.37007874015748 148.03149606299212 soir.

537.007874015748 2585.8267716535433 181.10236220472441 148.03149606299212 H.
626.7716535433071 2585.8267716535433 181.10236220472441 148.03149606299212 0,
718.1102362204724 2585.8267716535433 211.0236220472441 148.03149606299212 88.
837.7952755905512 2585.8267716535433 151.1811023622047 148.03149606299212 —
899.2125984251968 2585.8267716535433 181.10236220472441 148.03149606299212 L.
988.9763779527559 2585.8267716535433 181.10236220472441 148.03149606299212 1,
1080.3149606299212 2585.8267716535433 211.0236220472441 148.03149606299212 06.
1200.0 2585.8267716535433 151.1811023622047 148.03149606299212 —
1261.4173228346456 2585.8267716535433 240.9448818897638 148.03149606299212 Fig.
1412.5984251968505 2585.8267716535433 240.9448818897638 148.03149606299212 demi
1532.283464566929 2585.8267716535433 151.1811023622047 148.03149606299212 nat

1647.244094488189 2656.6929133858266 305.51181102362204 144.88188976377953 (Salon
1861.4173228346456 2656.6929133858266 184.251968503937 144.88188976377953 de
1922.8346456692914 2656.6929133858266 245.66929133858267 144.88188976377953 1861.)

198.4251968503937 2798.4251968503936 294.48818897637796 105.51181102362204 BRION
395.2755905511811 2798.4251968503936 458.26771653543307 105.51181102362204 (GUSTAVE),
755.9055118110236 2798.4251968503936 294.48818897637796 105.51181102362204 né
952.7559055118111 2798.4251968503936 163.7795275590551 105.51181102362204 à
1018.8976377952756 2798.4251968503936 327.5590551181102 105.51181102362204 Rothau
1247.244094488189 2798.4251968503936 426.7716535433071 105.51181102362204 (Vosges),
1576.3779527559054 2798.4251968503936 294.48818897637796 105.51181102362204 élève
1773.2283464566929 2798.4251968503936 196.8503937007874 105.51181102362204 de
1870.8661417322835 2798.4251968503936 196.8503937007874 105.51181102362204 M.
1937.007874015748 2798.4251968503936 294.48818897637796 105.51181102362204 Ga

281.8897637795276 2888.1889763779527 433.07086614173227 97.63779527559055 briel
606.2992125984252 2888.1889763779527 396.8503937007874 97.63779527559055 Guérin,
894.488188976378 2888.1889763779527 469.29133858267716 97.63779527559055 chevalier
1256.6929133858268 2888.1889763779527 215.748031496063 97.63779527559055 de
1363.7795275590552 2888.1889763779527 215.748031496063 97.63779527559055 la
1436.2204724409448 2888.1889763779527 793.7007874015748 97.63779527559055 Légion

299.21259842519686 2968.503937007874 274.01574803149606 92.91338582677166 en
488.18897637795277 2968.503937007874 148.03149606299212 92.91338582677166 1863.

203.1496062992126 3053.5433070866143 228.3464566929134 148.03149606299212 29.
333.8582677165354 3053.5433070866143 228.3464566929134 148.03149606299212 Les
464.56692913385825 3053.5433070866143 392.12598425196853 148.03149606299212 pèlerins
759.0551181102362 3053.5433070866143 196.8503937007874 148.03149606299212 de
856.6929133858267 3053.5433070866143 522.8346456692914 148.03149606299212 Sainte-Odile
1250.3937007874015 3053.5433070866143 359.0551181102362 148.03149606299212 (Alsace).

541.7322834645669 3166.9291338582675 163.7795275590551 125.98425196850394 H.
623.6220472440945 3166.9291338582675 163.7795275590551 125.98425196850394 1,
705.511811023622 3166.9291338582675 190.5511811023622 125.98425196850394 30.
814.1732283464567 3166.9291338582675 137.00787401574803 125.98425196850394 —
869.2913385826772 3166.9291338582675 163.7795275590551 125.98425196850394 L.
951.1811023622047 3166.9291338582675 163.7795275590551 125.98425196850394 2,
1033.0708661417323 3166.9291338582675 190.5511811023622 125.98425196850394 00.
1141.732283464567 3166.9291338582675 137.00787401574803 125.98425196850394 —
1195.275590551181 3166.9291338582675 218.89763779527559 125.98425196850394 Fig.
1305.5118110236222 3166.9291338582675 190.5511811023622 125.98425196850394 0,55.

1629.9212598425197 3196.850393700787 313.38582677165357 138.58267716535434 (Salon
1848.8188976377953 3196.850393700787 187.4015748031496 138.58267716535434 de
1911.8110236220473 3196.850393700787 250.39370078740157 138.58267716535434 1863.)

200.0 3302.3622047244094 396.8503937007874 137.00787401574803 CABANEL
488.18897637795277 3302.3622047244094 577.9527559055118 137.00787401574803 (ALEXANDRE),
959.0551181102362 3302.3622047244094 324.40944881889766 137.00787401574803 né
1174.8031496062993 3302.3622047244094 181.10236220472441 137.00787401574803 à
1247.244094488189 3302.3622047244094 541.7322834645669 137.00787401574803 Montpellier
1644.0944881889764 3302.3622047244094 577.9527559055118 137.00787401574803 (Hérault)

288.18897637795277 3437.7952755905512 393.7007874015748 96.06299212598425 élève
584.2519685039371 3437.7952755905512 196.8503937007874 96.06299212598425 de
681.8897637795276 3437.7952755905512 196.8503937007874 96.06299212598425 M.
781.1023622047244 3437.7952755905512 329.13385826771656 96.06299212598425 Picot,
1011.0236220472441 3437.7952755905512 296.06299212598424 96.06299212598425 grand
1207.8740157480315 3437.7952755905512 262.99212598425197 96.06299212598425 prix
1373.2283464566929 3437.7952755905512 196.8503937007874 96.06299212598425 de
1470.8661417322835 3437.7952755905512 262.99212598425197 96.06299212598425 Rome
1634.6456692913387 3437.7952755905512 459.84251968503935 96.06299212598425 (Histoire)
1963.7795275590552 3437.7952755905512 262.99212598425197 96.06299212598425 en

297.6377952755906 3507.0866141732286 259.84251968503935 92.91338582677166 1845,
469.29133858267716 3507.0866141732286 461.4173228346457 92.91338582677166 chevalier
844.0944881889764 3507.0866141732286 173.22834645669292 92.91338582677166 de
930.7086614173228 3507.0866141732286 173.22834645669292 92.91338582677166 la
1017.3228346456693 3507.0866141732286 576.3779527559055 92.91338582677166 Légion-d’Honneur
1507.0866141732283 3507.0866141732286 288.18897637795277 92.91338582677166 en
1708.6614173228347 3507.0866141732286 259.84251968503935 92.91338582677166 1855,
1851.9685039370079 3507.0866141732286 374.8031496062992 92.91338582677166 off

296.06299212598424 3581.1023622047246 262.99212598425197 113.38582677165354 cier
486.61417322834643 3581.1023622047246 239.37007874015748 113.38582677165354 en
629.9212598425197 3581.1023622047246 166.9291338582677 113.38582677165354 1864.

200.0 3697.6377952755906 225.1968503937008 110.23622047244095 30.
327.5590551181102 3697.6377952755906 544.8818897637796 110.23622047244095 Glorification
776.3779527559055 3697.6377952755906 192.1259842519685 110.23622047244095 de
872.4409448818898 3697.6377952755906 288.18897637795277 110.23622047244095 saint
1033.0708661417323 3697.6377952755906 256.6929133858268 110.23622047244095 Louis.

462.99212598425197 3760.6299212598424 244.09448818897638 146.45669291338584 Sous
614.1732283464567 3760.6299212598424 182.6771653543307 146.45669291338584 la
705.511811023622 3760.6299212598424 425.1968503937008 146.45669291338584 protection
1040.9448818897638 3760.6299212598424 182.6771653543307 146.45669291338584 de
1132.283464566929 3760.6299212598424 182.6771653543307 146.45669291338584 la
1223.6220472440946 3760.6299212598424 365.3543307086614 146.45669291338584 couronne
1496.0629921259842 3760.6299212598424 182.6771653543307 146.45669291338584 du
1587.4015748031495 3760.6299212598424 333.8582677165354 146.45669291338584 Christ,
1831.4960629921259 3760.6299212598424 182.6771653543307 146.45669291338584 le
1922.8346456692914 3760.6299212598424 212.5984251968504 146.45669291338584 roi
2014.1732283464567 3760.6299212598424 212.5984251968504 146.45669291338584 saint

406.2992125984252 3861.417322834646 266.1417322834646 74.01574803149606 Louis
584.2519685039371 3861.417322834646 384.251968503937 74.01574803149606 accueille
880.3149606299213 3861.417322834646 207.8740157480315 74.01574803149606 les
998.4251968503937 3861.417322834646 325.98425196850394 74.01574803149606 gloires
1234.6456692913387 3861.417322834646 177.95275590551182 74.01574803149606 et
1324.4094488188975 3861.417322834646 207.8740157480315 74.01574803149606 les
1442.5196850393702 3861.417322834646 325.98425196850394 74.01574803149606 misères
1678.740157480315 3861.417322834646 177.95275590551182 74.01574803149606 de
1768.5039370078741 3861.417322834646 207.8740157480315 74.01574803149606 son
1856.6929133858268 3861.417322834646 266.1417322834646 74.01574803149606 peuple.

467.7165354330709 3927.5590551181103 319.68503937007875 121.25984251968504 Auprès
691.3385826771654 3927.5590551181103 223.6220472440945 121.25984251968504 des
818.8976377952756 3927.5590551181103 319.68503937007875 121.25984251968504 degrés
1042.5196850393702 3927.5590551181103 192.1259842519685 121.25984251968504 du
1138.5826771653544 3927.5590551181103 288.18897637795277 121.25984251968504 trône
1330.708661417323 3927.5590551181103 256.6929133858268 121.25984251968504 sont
1491.3385826771653 3927.5590551181103 319.68503937007875 121.25984251968504 plecés
1714.9606299212599 3927.5590551181103 223.6220472440945 121.25984251968504 les
1811.023622047244 3927.5590551181103 415.748031496063 121.25984251968504 personnages
