2850.3937007874015 4932.283464566929
447.244094488189 529.1338582677165 207.8740157480315 119.68503937007874 8

1321.259842519685 541.7322834645669 467.7165354330709 138.58267716535434 PEINTURE.

760.6299212598425 683.4645669291339 428.34645669291336 103.93700787401575 distingués
1096.0629921259842 683.4645669291339 214.17322834645668 103.93700787401575 qui
1218.8976377952756 683.4645669291339 214.17322834645668 103.93700787401575 ont
1341.732283464567 683.4645669291339 398.4251968503937 103.93700787401575 contribué
1647.244094488189 683.4645669291339 152.75590551181102 103.93700787401575 à
1708.6614173228347 683.4645669291339 642.5196850393701 103.93700787401575 l’accomplissement
2258.267716535433 683.4645669291339 184.251968503937 103.93700787401575 de
2319.685039370079 683.4645669291339 275.59055118110234 103.93700787401575 l’œuvre

763.7795275590552 768.503937007874 182.6771653543307 89.76377952755905 du
855.1181102362204 768.503937007874 274.01574803149606 89.76377952755905 saint
1037.7952755905512 768.503937007874 244.09448818897638 89.76377952755905 roi:
1188.976377952756 768.503937007874 182.6771653543307 89.76377952755905 le
1280.3149606299212 768.503937007874 244.09448818897638 89.76377952755905 sire
1433.0708661417323 768.503937007874 182.6771653543307 89.76377952755905 de
1524.4094488188975 768.503937007874 426.7716535433071 89.76377952755905 Joinville,
1859.8425196850394 768.503937007874 365.3543307086614 89.76377952755905 Philippe
2133.8582677165355 768.503937007874 182.6771653543307 89.76377952755905 de
2195.2755905511813 768.503937007874 395.2755905511811 89.76377952755905 Beaumanoir,

757.4803149606299 829.9212598425197 333.8582677165354 85.03937007874016 Pierre
990.5511811023622 829.9212598425197 434.6456692913386 85.03937007874016 Fontaine,
1325.984251968504 829.9212598425197 300.78740157480314 85.03937007874016 saint
1525.984251968504 829.9212598425197 333.8582677165354 85.03937007874016 Thomas
1759.0551181102362 829.9212598425197 401.5748031496063 85.03937007874016 d’Aquin,
2059.8425196850394 829.9212598425197 434.6456692913386 85.03937007874016 Guillaume
2360.6299212598424 829.9212598425197 234.64566929133858 85.03937007874016 d’Au-

760.6299212598425 889.7637795275591 354.3307086614173 91.33858267716535 vergne,
1017.3228346456693 889.7637795275591 321.25984251968504 91.33858267716535 évêque
1242.5196850393702 889.7637795275591 193.70078740157481 91.33858267716535 de
1338.5826771653544 889.7637795275591 321.25984251968504 91.33858267716535 Paris,
1563.7795275590552 889.7637795275591 385.8267716535433 91.33858267716535 Geoffroi
1853.5433070866143 889.7637795275591 193.70078740157481 91.33858267716535 de
1949.6062992125985 889.7637795275591 418.8976377952756 91.33858267716535 Beaulieu,
2272.4409448818897 889.7637795275591 321.25984251968504 91.33858267716535 Robert
2464.566929133858 889.7637795275591 129.13385826771653 91.33858267716535 de

759.0551181102362 965.3543307086615 417.3228346456693 80.31496062992126 Sorbonne,
1080.3149606299212 965.3543307086615 192.1259842519685 80.31496062992126 le
1176.3779527559054 965.3543307086615 256.6929133858268 80.31496062992126 sire
1337.007874015748 965.3543307086615 192.1259842519685 80.31496062992126 de
1433.0708661417323 965.3543307086615 321.25984251968504 80.31496062992126 Nesle,
1658.267716535433 965.3543307086615 352.755905511811 80.31496062992126 Etienne
1914.9606299212599 965.3543307086615 385.8267716535433 80.31496062992126 Boileau,
2203.149606299213 965.3543307086615 385.8267716535433 80.31496062992126 l’auteur
2459.8425196850394 965.3543307086615 129.13385826771653 80.31496062992126 du

765.3543307086615 1037.7952755905512 343.3070866141732 86.61417322834646 Livre
1022.0472440944882 1037.7952755905512 200.0 86.61417322834646 des
1137.007874015748 1037.7952755905512 458.26771653543307 86.61417322834646 Métiers
1508.6614173228347 1037.7952755905512 171.6535433070866 86.61417322834646 et
1593.7007874015749 1037.7952755905512 256.6929133858268 86.61417322834646 enfin
1765.3543307086613 1037.7952755905512 228.3464566929134 86.61417322834646 l’un
1908.6614173228347 1037.7952755905512 200.0 86.61417322834646 des
2023.6220472440946 1037.7952755905512 400.0 86.61417322834646 chevaliers
2308.6614173228345 1037.7952755905512 286.61417322834643 86.61417322834646 aveugles

754.3307086614174 1097.6377952755906 251.96850393700788 114.96062992125984 pour
911.8110236220473 1097.6377952755906 379.5275590551181 114.96062992125984 lesquels
1196.8503937007874 1097.6377952755906 314.96062992125985 114.96062992125984 furent
1417.3228346456692 1097.6377952755906 314.96062992125985 114.96062992125984 fondés
1637.7952755905512 1097.6377952755906 220.4724409448819 114.96062992125984 les
1732.283464566929 1097.6377952755906 505.51181102362204 114.96062992125984 Quinze

896.0629921259842 1190.5511811023623 184.251968503937 105.51181102362204 H.
988.9763779527559 1190.5511811023623 184.251968503937 105.51181102362204 4,
1050.3937007874015 1190.5511811023623 154.33070866141733 105.51181102362204 44.

1267.716535433071 1188.976377952756 163.7795275590551 105.51181102362204 L.
1349.6062992125985 1188.976377952756 163.7795275590551 105.51181102362204 4,
1431.4960629921259 1188.976377952756 190.5511811023622 105.51181102362204 28.
1540.1574803149606 1188.976377952756 137.00787401574803 105.51181102362204 —
1595.275590551181 1188.976377952756 218.89763779527559 105.51181102362204 Fig.
1730.708661417323 1188.976377952756 190.5511811023622 105.51181102362204 gr.
1812.5984251968505 1188.976377952756 163.7795275590551 105.51181102362204 nat.

2009.4488188976377 1233.0708661417323 311.81102362204723 118.11023622047244 (Salon
2228.3464566929133 1233.0708661417323 187.4015748031496 118.11023622047244 de
2289.763779527559 1233.0708661417323 248.8188976377953 118.11023622047244 1855.)

562.2047244094488 1360.6299212598426 308.66141732283467 103.93700787401575 CABAT
768.503937007874 1360.6299212598426 412.59842519685037 103.93700787401575 (LOUIS),
1077.1653543307086 1360.6299212598426 308.66141732283467 103.93700787401575 né
1283.4645669291338 1360.6299212598426 171.6535433070866 103.93700787401575 à
1352.755905511811 1360.6299212598426 343.3070866141732 103.93700787401575 Paris,
1593.7007874015749 1360.6299212598426 308.66141732283467 103.93700787401575 élève
1798.4251968503936 1360.6299212598426 206.29921259842519 103.93700787401575 de
1902.3622047244094 1360.6299212598426 206.29921259842519 103.93700787401575 M.
2004.724409448819 1360.6299212598426 274.01574803149606 103.93700787401575 Cam.
2141.732283464567 1360.6299212598426 447.244094488189 103.93700787401575 Flers,

648.8188976377953 1442.5196850393702 458.26771653543307 96.06299212598425 chevalier
1020.4724409448819 1442.5196850393702 171.6535433070866 96.06299212598425 de
1107.0866141732283 1442.5196850393702 171.6535433070866 96.06299212598425 la
1192.1259842519685 1442.5196850393702 573.2283464566929 96.06299212598425 Légion-d’Honneur
1680.3149606299212 1442.5196850393702 286.61417322834643 96.06299212598425 en
1880.3149606299212 1442.5196850393702 258.26771653543307 96.06299212598425 1843,
2051.968503937008 1442.5196850393702 429.9212598425197 96.06299212598425 officier
2366.9291338582675 1442.5196850393702 229.92125984251967 96.06299212598425 en

593.7007874015748 1532.283464566929 302.3622047244094 113.38582677165354 1855.

554.3307086614174 1620.4724409448818 245.66929133858267 119.68503937007874 31.
694.488188976378 1620.4724409448818 387.40157480314963 119.68503937007874 L’étang
976.3779527559055 1620.4724409448818 211.0236220472441 119.68503937007874 de
1045.6692913385828 1620.4724409448818 563.7795275590552 119.68503937007874 Ville

899.2125984251968 1716.5354330708662 166.9291338582677 116.53543307086615 H.
982.6771653543307 1716.5354330708662 166.9291338582677 116.53543307086615 0,
1066.1417322834645 1716.5354330708662 195.2755905511811 116.53543307086615 73.
1177.9527559055118 1716.5354330708662 138.58267716535434 116.53543307086615 —
1233.0708661417323 1716.5354330708662 166.9291338582677 116.53543307086615 L.
1316.5354330708662 1716.5354330708662 166.9291338582677 116.53543307086615 1,
1373.2283464566929 1716.5354330708662 138.58267716535434 116.53543307086615 13.

2017.3228346456692 1773.2283464566929 302.3622047244094 141.73228346456693 (Salon
2228.3464566929133 1773.2283464566929 181.10236220472441 141.73228346456693 de
2289.763779527559 1773.2283464566929 242.51968503937007 141.73228346456693 1834.)

549.6062992125984 1811.023622047244 255.11811023622047 181.10236220472441 32.
694.488188976378 1811.023622047244 218.89763779527559 181.10236220472441 Un
804.7244094488188 1811.023622047244 291.33858267716533 181.10236220472441 soir
949.6062992125984 1811.023622047244 437.79527559055117 181.10236220472441 d’automne.

900.7874015748032 1948.0314960629921 174.8031496062992 140.15748031496062 H.
987.4015748031496 1948.0314960629921 174.8031496062992 140.15748031496062 0,
1074.015748031496 1948.0314960629921 203.1496062992126 140.15748031496062 97.
1190.5511811023623 1948.0314960629921 144.88188976377953 140.15748031496062 —
1248.8188976377953 1948.0314960629921 174.8031496062992 140.15748031496062 L.
1335.4330708661416 1948.0314960629921 174.8031496062992 140.15748031496062 1,
1393.7007874015749 1948.0314960629921 144.88188976377953 140.15748031496062 32.

2029.9212598425197 1988.976377952756 296.06299212598424 133.85826771653544 (Salon
2237.7952755905512 1988.976377952756 177.95275590551182 133.85826771653544 de
2297.6377952755906 1988.976377952756 237.79527559055117 133.85826771653544 1852.)

554.3307086614174 2140.1574803149606 555.9055118110236 100.78740157480316 CHAMPMARTIN
1000.0 2140.1574803149606 741.7322834645669 100.78740157480316 (CHARLES-ÉMILE),
1629.9212598425197 2140.1574803149606 333.8582677165354 100.78740157480316 né
1851.9685039370079 2140.1574803149606 185.82677165354332 100.78740157480316 à
1925.984251968504 2140.1574803149606 407.87401574803147 100.78740157480316 Bourges
2185.8267716535433 2140.1574803149606 407.87401574803147 100.78740157480316 (Cher),

647.2440944881889 2214.1732283464567 409.4488188976378 118.11023622047244 élève
955.9055118110236 2214.1732283464567 204.7244094488189 118.11023622047244 de
1058.267716535433 2214.1732283464567 204.7244094488189 118.11023622047244 P.
1160.6299212598426 2214.1732283464567 376.37795275590554 118.11023622047244 Guérin,
1433.0708661417323 2214.1732283464567 444.09448818897636 118.11023622047244 chevalier
1774.8031496062993 2214.1732283464567 204.7244094488189 118.11023622047244 de
1877.1653543307086 2214.1732283464567 204.7244094488189 118.11023622047244 la
1946.4566929133857 2214.1732283464567 648.8188976377953 118.11023622047244 Légion

637.7952755905512 2308.6614173228345 242.51968503937007 100.78740157480316 neur

552.7559055118111 2382.6771653543306 239.37007874015748 116.53543307086615 33.
689.7637795275591 2382.6771653543306 376.37795275590554 116.53543307086615 Romulus
963.7795275590552 2382.6771653543306 204.7244094488189 116.53543307086615 et
1066.1417322834645 2382.6771653543306 307.0866141732283 116.53543307086615 Rémus
1270.8661417322835 2382.6771653543306 409.4488188976378 116.53543307086615 allaités
1577.9527559055118 2382.6771653543306 239.37007874015748 116.53543307086615 par
1714.9606299212599 2382.6771653543306 204.7244094488189 116.53543307086615 la
1782.6771653543308 2382.6771653543306 274.01574803149606 116.53543307086615 louve.

902.3622047244095 2485.0393700787404 160.62992125984252 121.25984251968504 H.
982.6771653543307 2485.0393700787404 160.62992125984252 121.25984251968504 1,
1062.992125984252 2485.0393700787404 187.4015748031496 121.25984251968504 26.
1170.0787401574803 2485.0393700787404 133.85826771653544 121.25984251968504 —
1223.6220472440946 2485.0393700787404 160.62992125984252 121.25984251968504 L.
1303.9370078740158 2485.0393700787404 160.62992125984252 121.25984251968504 0,
1384.251968503937 2485.0393700787404 187.4015748031496 121.25984251968504 98.
1492.9133858267717 2485.0393700787404 133.85826771653544 121.25984251968504 —
1546.4566929133857 2485.0393700787404 214.17322834645668 121.25984251968504 Fig.
1680.3149606299212 2485.0393700787404 187.4015748031496 121.25984251968504 gr.
1760.6299212598426 2485.0393700787404 160.62992125984252 121.25984251968504 nat.

2023.6220472440946 2552.755905511811 299.21259842519686 110.23622047244095 (Salon
2233.0708661417325 2552.755905511811 179.5275590551181 110.23622047244095 de
2292.9133858267714 2552.755905511811 239.37007874015748 110.23622047244095 1842.)

562.2047244094488 2648.818897637795 431.496062992126 155.90551181102362 CHASSÉRIAU
902.3622047244095 2648.818897637795 462.99212598425197 155.90551181102362 (THÉODORE),
1272.4409448818897 2648.818897637795 277.1653543307087 155.90551181102362 né
1456.6929133858268 2648.818897637795 308.66141732283467 155.90551181102362 en
1672.4409448818897 2648.818897637795 247.24409448818898 155.90551181102362 1819
1826.7716535433071 2648.818897637795 247.24409448818898 155.90551181102362 à
1981.1023622047244 2648.818897637795 400.0 155.90551181102362 Samana
2258.267716535433 2648.818897637795 338.5826771653543 155.90551181102362 (Amé

640.9448818897638 2792.1259842519685 433.07086614173227 96.06299212598425 rique
966.9291338582677 2792.1259842519685 505.51181102362204 96.06299212598425 espagnole)
1363.7795275590552 2792.1259842519685 217.3228346456693 96.06299212598425 de
1472.4409448818897 2792.1259842519685 396.8503937007874 96.06299212598425 parents
1760.6299212598426 2792.1259842519685 469.29133858267716 96.06299212598425 français,
2122.834645669291 2792.1259842519685 324.40944881889766 96.06299212598425 élève
2302.3622047244094 2792.1259842519685 289.76377952755905 96.06299212598425 de

644.0944881889764 2874.015748031496 259.84251968503935 124.40944881889764 M.
806.2992125984252 2874.015748031496 388.9763779527559 124.40944881889764 Ingres,
1099.2125984251968 2874.015748031496 422.0472440944882 124.40944881889764 chavalier
1423.6220472440946 2874.015748031496 195.2755905511811 124.40944881889764 de
1519.6850393700788 2874.015748031496 195.2755905511811 124.40944881889764 la
1617.3228346456692 2874.015748031496 648.8188976377953 124.40944881889764 Légion-d’Honneur
2168.503937007874 2874.015748031496 324.40944881889766 124.40944881889764 en
2363.779527559055 2874.015748031496 226.77165354330708 124.40944881889764 1849,

651.9685039370079 2941.732283464567 286.61417322834643 119.68503937007874 mort
861.4173228346457 2941.732283464567 261.4173228346457 119.68503937007874 en
1017.3228346456693 2941.732283464567 182.6771653543307 119.68503937007874 1856.

554.3307086614174 3050.3937007874015 267.7165354330709 107.08661417322834 34.
669.2913385826772 3050.3937007874015 497.6377952755906 107.08661417322834 Tépidarium.

828.3464566929134 3083.464566929134 283.46456692913387 181.10236220472441 Salle
1017.3228346456693 3083.464566929134 188.9763779527559 181.10236220472441 où
1111.8110236220473 3083.464566929134 220.4724409448819 181.10236220472441 les
1239.3700787401574 3083.464566929134 316.53543307086613 181.10236220472441 femmes
1459.8425196850394 3083.464566929134 188.9763779527559 181.10236220472441 de
1554.3307086614172 3083.464566929134 316.53543307086613 181.10236220472441 Pompéi
1776.3779527559054 3083.464566929134 379.5275590551181 181.10236220472441 venaient
2059.8425196850394 3083.464566929134 188.9763779527559 181.10236220472441 se
2154.3307086614172 3083.464566929134 348.0314960629921 181.10236220472441 reposer
2407.8740157480315 3083.464566929134 188.9763779527559 181.10236220472441 et
2470.8661417322833 3083.464566929134 125.98425196850394 181.10236220472441 se

762.2047244094488 3209.448818897638 314.96062992125985 105.51181102362204 sêcher
982.6771653543307 3209.448818897638 188.9763779527559 105.51181102362204 en
1077.1653543307086 3209.448818897638 346.45669291338584 105.51181102362204 sortant
1327.5590551181103 3209.448818897638 188.9763779527559 105.51181102362204 du
1390.5511811023623 3209.448818897638 220.4724409448819 105.51181102362204 bain.

903.9370078740158 3300.787401574803 179.5275590551181 99.21259842519684 H.
993.7007874015748 3300.787401574803 179.5275590551181 99.21259842519684 1,
1083.4645669291338 3300.787401574803 209.4488188976378 99.21259842519684 70.
1203.1496062992126 3300.787401574803 149.60629921259843 99.21259842519684 —
1261.4173228346456 3300.787401574803 179.5275590551181 99.21259842519684 L.
1351.1811023622047 3300.787401574803 179.5275590551181 99.21259842519684 2,
1440.9448818897638 3300.787401574803 209.4488188976378 99.21259842519684 50.
1560.6299212598426 3300.787401574803 149.60629921259843 99.21259842519684 —
1620.4724409448818 3300.787401574803 239.37007874015748 99.21259842519684 Fig.
1740.1574803149606 3300.787401574803 327.5590551181102 99.21259842519684 demi

2009.4488188976377 3305.511811023622 305.51181102362204 203.1496062992126 (Salon
2222.047244094488 3305.511811023622 182.6771653543307 203.1496062992126 de
2283.464566929134 3305.511811023622 244.09448818897638 203.1496062992126 1853.)

559.0551181102362 3478.740157480315 344.88188976377955 118.11023622047244 CHAVET
800.0 3478.740157480315 448.81889763779526 118.11023622047244 (VICTOR),
1144.8818897637796 3478.740157480315 310.23622047244095 118.11023622047244 né
1352.755905511811 3478.740157480315 171.6535433070866 118.11023622047244 à
1422.0472440944882 3478.740157480315 240.9448818897638 118.11023622047244 Aix
1559.0551181102362 3478.740157480315 793.7007874015748 118.11023622047244 (Bouches-du-Rhône),
2214.1732283464567 3478.740157480315 379.5275590551181 118.11023622047244 élève

651.9685039370079 3565.3543307086616 272.4409448818898 113.38582677165354 de
833.0708661417323 3565.3543307086616 182.6771653543307 113.38582677165354 P.
924.4094488188977 3565.3543307086616 303.93700787401576 113.38582677165354 Revoil
1137.007874015748 3565.3543307086616 182.6771653543307 113.38582677165354 et
1228.3464566929133 3565.3543307086616 182.6771653543307 113.38582677165354 de
1318.1102362204724 3565.3543307086616 182.6771653543307 113.38582677165354 C.
1409.4488188976377 3565.3543307086616 425.1968503937008 113.38582677165354 Roqueplan,
1743.3070866141732 3565.3543307086616 393.7007874015748 113.38582677165354 chevalier
2045.6692913385828 3565.3543307086616 182.6771653543307 113.38582677165354 de
2137.0078740157483 3565.3543307086616 182.6771653543307 113.38582677165354 la
2198.4251968503936 3565.3543307086616 393.7007874015748 113.38582677165354 Légion

651.9685039370079 3656.6929133858266 466.1417322834646 110.23622047244095 d’Honneur
1029.9212598425197 3656.6929133858266 291.33858267716533 110.23622047244095 en
1204.724409448819 3656.6929133858266 203.1496062992126 110.23622047244095 1859.

555.9055118110236 3746.4566929133857 266.1417322834646 138.58267716535434 35.
708.6614173228346 3746.4566929133857 228.3464566929134 138.58267716535434 La
784.2519685039371 3746.4566929133857 418.8976377952756 138.58267716535434 dorreuse.

905.511811023622 3831.496062992126 170.07874015748033 125.98425196850394 H.
990.5511811023622 3831.496062992126 170.07874015748033 125.98425196850394 0,
1075.5905511811025 3831.496062992126 200.0 125.98425196850394 35.
1190.5511811023623 3831.496062992126 141.73228346456693 125.98425196850394 —
1247.244094488189 3831.496062992126 170.07874015748033 125.98425196850394 L.
1332.283464566929 3831.496062992126 170.07874015748033 125.98425196850394 0,
1417.3228346456692 3831.496062992126 228.3464566929134 125.98425196850394 26.—
1560.6299212598426 3831.496062992126 228.3464566929134 125.98425196850394 Fig.
1702.3622047244094 3831.496062992126 170.07874015748033 125.98425196850394 de
1787.4015748031495 3831.496062992126 170.07874015748033 125.98425196850394 0,
1845.6692913385828 3831.496062992126 141.73228346456693 125.98425196850394 30.

1985.8267716535433 3897.6377952755906 313.38582677165357 124.40944881889764 (Salon
2204.7244094488187 3897.6377952755906 187.4015748031496 124.40944881889764 de
2267.716535433071 3897.6377952755906 250.39370078740157 124.40944881889764 1859.)
