2779.527559055118 4918.110236220473
455.11811023622045 554.3307086614174 229.92125984251967 141.73228346456693 10

1300.7874015748032 588.9763779527559 470.86614173228344 102.36220472440945 PEINTURE.

737.007874015748 725.9842519685039 384.251968503937 116.53543307086615 passion,
1025.1968503937007 725.9842519685039 223.6220472440945 116.53543307086615 est
1152.755905511811 725.9842519685039 288.18897637795277 116.53543307086615 porté
1344.8818897637796 725.9842519685039 192.1259842519685 116.53543307086615 en
1440.9448818897638 725.9842519685039 448.81889763779526 116.53543307086615 procession
1792.1259842519685 725.9842519685039 319.68503937007875 116.53543307086615 chaque
2017.3228346456692 725.9842519685039 288.18897637795277 116.53543307086615 année
2207.8740157480315 725.9842519685039 192.1259842519685 116.53543307086615 le
2303.9370078740158 725.9842519685039 256.6929133858268 116.53543307086615 soir
2433.0708661417325 725.9842519685039 127.55905511811024 116.53543307086615 du

699.2125984251968 811.0236220472441 557.4803149606299 100.78740157480316 vendredi

877.1653543307086 861.4173228346457 173.22834645669292 111.81102362204724 H.
963.7795275590552 861.4173228346457 173.22834645669292 111.81102362204724 1,
1050.3937007874015 861.4173228346457 203.1496062992126 111.81102362204724 10.
1165.3543307086613 861.4173228346457 144.88188976377953 111.81102362204724 —
1223.6220472440946 861.4173228346457 173.22834645669292 111.81102362204724 L.
1310.236220472441 861.4173228346457 173.22834645669292 111.81102362204724 1,
1396.8503937007874 861.4173228346457 203.1496062992126 111.81102362204724 40.
1513.3858267716535 861.4173228346457 144.88188976377953 111.81102362204724 —
1571.6535433070867 861.4173228346457 231.49606299212599 111.81102362204724 Fig.
1716.5354330708662 861.4173228346457 173.22834645669292 111.81102362204724 de
1773.2283464566929 861.4173228346457 203.1496062992126 111.81102362204724 0,35.

1971.6535433070867 941.7322834645669 308.66141732283467 129.13385826771653 (Salon
2187.4015748031497 941.7322834645669 184.251968503937 129.13385826771653 de
2250.3937007874015 941.7322834645669 247.24409448818898 129.13385826771653 1861.)

525.9842519685039 1067.716535433071 340.15748031496065 111.81102362204724 COUDER
765.3543307086615 1067.716535433071 952.7559055118111 111.81102362204724 (LOUIS-CHARLES-AUGUSTE),
1615.748031496063 1067.716535433071 305.51181102362204 111.81102362204724 né
1820.4724409448818 1067.716535433071 170.07874015748033 111.81102362204724 à
1888.1889763779527 1067.716535433071 340.15748031496065 111.81102362204724 Paris,
2125.984251968504 1067.716535433071 305.51181102362204 111.81102362204724 élève
2296.0629921259842 1067.716535433071 272.4409448818898 111.81102362204724 de

617.3228346456693 1163.7795275590552 396.8503937007874 114.96062992125984 David
914.9606299212599 1163.7795275590552 198.4251968503937 114.96062992125984 et
1014.1732283464567 1163.7795275590552 198.4251968503937 114.96062992125984 de
1113.3858267716535 1163.7795275590552 429.9212598425197 114.96062992125984 Regnault,
1444.0944881889764 1163.7795275590552 429.9212598425197 114.96062992125984 chevalier
1774.8031496062993 1163.7795275590552 198.4251968503937 114.96062992125984 de
1874.015748031496 1163.7795275590552 198.4251968503937 114.96062992125984 la
1940.1574803149606 1163.7795275590552 628.3464566929134 114.96062992125984 Légion

615.7480314960629 1255.1181102362204 360.62992125984255 110.23622047244095 neur,
886.6141732283464 1255.1181102362204 300.78740157480314 110.23622047244095 membre
1096.0629921259842 1255.1181102362204 179.5275590551181 110.23622047244095 de
1185.8267716535433 1255.1181102362204 420.4724409448819 110.23622047244095 l’Institut
1516.5354330708662 1255.1181102362204 300.78740157480314 110.23622047244095 en
1725.984251968504 1255.1181102362204 270.86614173228344 110.23622047244095 1839,
1907.0866141732283 1255.1181102362204 450.3937007874016 110.23622047244095 officier
2266.1417322834645 1255.1181102362204 179.5275590551181 110.23622047244095 de
2327.5590551181103 1255.1181102362204 240.9448818897638 110.23622047244095 la

618.8976377952756 1338.5826771653544 708.6614173228346 110.23622047244095 Légion-d’Honneur
1236.2204724409448 1338.5826771653544 308.66141732283467 110.23622047244095 en
1420.4724409448818 1338.5826771653544 215.748031496063 110.23622047244095 1844.

521.2598425196851 1428.3464566929133 250.39370078740157 130.70866141732284 41.
664.5669291338583 1428.3464566929133 214.17322834645668 130.70866141732284 Le
771.6535433070866 1428.3464566929133 357.4803149606299 130.70866141732284 lévite
985.8267716535433 1428.3464566929133 428.34645669291336 130.70866141732284 d’Ephraïm.

804.7244094488188 1522.8346456692914 185.82677165354332 102.36220472440945 Un
897.6377952755905 1522.8346456692914 308.66141732283467 102.36220472440945 lévite
1113.3858267716535 1522.8346456692914 185.82677165354332 102.36220472440945 de
1206.2992125984251 1522.8346456692914 185.82677165354332 102.36220472440945 la
1299.2125984251968 1522.8346456692914 277.1653543307087 102.36220472440945 tribu
1485.0393700787401 1522.8346456692914 185.82677165354332 102.36220472440945 de
1577.9527559055118 1522.8346456692914 247.24409448818898 102.36220472440945 Juda
1732.283464566929 1522.8346456692914 340.15748031496065 102.36220472440945 s’était
1977.9527559055118 1522.8346456692914 215.748031496063 102.36220472440945 uni
2102.3622047244094 1522.8346456692914 185.82677165354332 102.36220472440945 en
2195.2755905511813 1522.8346456692914 308.66141732283467 102.36220472440945 secret
2379.527559055118 1522.8346456692914 185.82677165354332 102.36220472440945 avec

733.8582677165355 1614.1732283464567 214.17322834645668 77.16535433070867 une
855.1181102362204 1614.1732283464567 275.59055118110234 77.16535433070867 jeune
1039.3700787401574 1614.1732283464567 275.59055118110234 77.16535433070867 fille
1222.0472440944882 1614.1732283464567 182.6771653543307 77.16535433070867 de
1313.3858267716535 1614.1732283464567 396.8503937007874 77.16535433070867 Bethléem,
1618.8976377952756 1614.1732283464567 182.6771653543307 77.16535433070867 au
1710.236220472441 1614.1732283464567 305.51181102362204 77.16535433070867 mépris
1924.4094488188975 1614.1732283464567 182.6771653543307 77.16535433070867 de
2015.748031496063 1614.1732283464567 182.6771653543307 77.16535433070867 la
2107.0866141732286 1614.1732283464567 214.17322834645668 77.16535433070867 loi
2229.9212598425197 1614.1732283464567 214.17322834645668 77.16535433070867 qui
2351.181102362205 1614.1732283464567 182.6771653543307 77.16535433070867 le
2412.5984251968503 1614.1732283464567 152.75590551181102 77.16535433070867 lui

729.1338582677165 1686.6141732283465 444.09448818897636 72.44094488188976 défendait.
1077.1653543307086 1686.6141732283465 190.5511811023622 72.44094488188976 Il
1173.2283464566929 1686.6141732283465 285.03937007874015 72.44094488188976 avait
1362.2047244094488 1686.6141732283465 316.53543307086613 72.44094488188976 emmené
1584.251968503937 1686.6141732283465 190.5511811023622 72.44094488188976 sa
1680.3149606299212 1686.6141732283465 379.5275590551181 72.44094488188976 compagne
1965.3543307086613 1686.6141732283465 253.54330708661416 72.44094488188976 dans
2122.834645669291 1686.6141732283465 222.04724409448818 72.44094488188976 les
2218.8976377952754 1686.6141732283465 348.0314960629921 72.44094488188976 montagnes

729.1338582677165 1746.4566929133857 422.0472440944882 77.16535433070867 d’Ephraïm,
1059.8425196850394 1746.4566929133857 181.10236220472441 77.16535433070867 où
1151.1811023622047 1746.4566929133857 181.10236220472441 77.16535433070867 il
1240.9448818897638 1746.4566929133857 330.70866141732284 77.16535433070867 faisait
1481.8897637795276 1746.4566929133857 181.10236220472441 77.16535433070867 sa
1573.2283464566929 1746.4566929133857 422.0472440944882 77.16535433070867 résidence;
1903.9370078740158 1746.4566929133857 240.9448818897638 77.16535433070867 mais
2055.1181102362207 1746.4566929133857 362.20472440944883 77.16535433070867 celle-ci
2296.0629921259842 1746.4566929133857 270.86614173228344 77.16535433070867 l’ayant

730.7086614173228 1814.1732283464567 281.8897637795276 70.86614173228347 quitté
929.1338582677165 1814.1732283464567 226.77165354330708 70.86614173228347 pour
1069.291338582677 1814.1732283464567 366.92913385826773 70.86614173228347 retourner
1352.755905511811 1814.1732283464567 226.77165354330708 70.86614173228347 dans
1492.9133858267717 1814.1732283464567 170.07874015748033 70.86614173228347 sa
1577.9527559055118 1814.1732283464567 338.5826771653543 70.86614173228347 famille,
1833.0708661417323 1814.1732283464567 170.07874015748033 70.86614173228347 le
1916.5354330708662 1814.1732283464567 281.8897637795276 70.86614173228347 lévite
2114.9606299212596 1814.1732283464567 281.8897637795276 70.86614173228347 l’alla
2285.0393700787404 1814.1732283464567 281.8897637795276 70.86614173228347 chercher

730.7086614173228 1888.1889763779527 182.6771653543307 75.59055118110236 et
822.0472440944882 1888.1889763779527 182.6771653543307 75.59055118110236 la
913.3858267716536 1888.1889763779527 396.8503937007874 75.59055118110236 redemanda
1218.8976377952756 1888.1889763779527 152.75590551181102 75.59055118110236 à
1278.740157480315 1888.1889763779527 214.17322834645668 75.59055118110236 son
1401.5748031496064 1888.1889763779527 274.01574803149606 75.59055118110236 père,
1584.251968503937 1888.1889763779527 214.17322834645668 75.59055118110236 qui
1707.0866141732283 1888.1889763779527 214.17322834645668 75.59055118110236 lui
1828.3464566929133 1888.1889763779527 305.51181102362204 75.59055118110236 permit
2042.5196850393702 1888.1889763779527 182.6771653543307 75.59055118110236 de
2133.8582677165355 1888.1889763779527 182.6771653543307 75.59055118110236 la
2195.2755905511813 1888.1889763779527 365.3543307086614 75.59055118110236 reprendre.

727.5590551181102 1946.4566929133857 296.06299212598424 74.01574803149606 Après
924.4094488188977 1946.4566929133857 196.8503937007874 74.01574803149606 de
1023.6220472440945 1946.4566929133857 426.7716535433071 74.01574803149606 touchants
1351.1811023622047 1946.4566929133857 360.62992125984255 74.01574803149606 adieux,
1614.1732283464567 1946.4566929133857 229.92125984251967 74.01574803149606 les
1744.8818897637796 1946.4566929133857 327.5590551181102 74.01574803149606 jeunes
1974.8031496062993 1946.4566929133857 296.06299212598424 74.01574803149606 époux
2171.6535433070867 1946.4566929133857 360.62992125984255 74.01574803149606 partent
2401.5748031496064 1946.4566929133857 163.7795275590551 74.01574803149606 en-

730.7086614173228 2014.1732283464567 324.40944881889766 70.86614173228347 semble,
966.9291338582677 2014.1732283464567 176.3779527559055 70.86614173228347 et
1055.1181102362204 2014.1732283464567 412.59842519685037 70.86614173228347 s’arrêtent
1379.5275590551182 2014.1732283464567 148.03149606299212 70.86614173228347 à
1439.3700787401574 2014.1732283464567 294.48818897637796 70.86614173228347 Gabaa,
1645.6692913385828 2014.1732283464567 266.1417322834646 70.86614173228347 ville
1823.6220472440946 2014.1732283464567 176.3779527559055 70.86614173228347 de
1911.8110236220473 2014.1732283464567 176.3779527559055 70.86614173228347 la
2000.0 2014.1732283464567 266.1417322834646 70.86614173228347 tribu
2176.3779527559054 2014.1732283464567 176.3779527559055 70.86614173228347 de
2236.220472440945 2014.1732283464567 324.40944881889766 70.86614173228347 Benjamin,

724.4094488188977 2078.740157480315 330.70866141732284 78.74015748031496 ennemie
965.3543307086615 2078.740157480315 181.10236220472441 78.74015748031496 de
1055.1181102362204 2078.740157480315 181.10236220472441 78.74015748031496 la
1146.4566929133857 2078.740157480315 270.86614173228344 78.74015748031496 tribu
1325.984251968504 2078.740157480315 181.10236220472441 78.74015748031496 du
1417.3228346456692 2078.740157480315 330.70866141732284 78.74015748031496 lévite,
1658.267716535433 2078.740157480315 270.86614173228344 78.74015748031496 parce
1837.7952755905512 2078.740157480315 330.70866141732284 78.74015748031496 qu’elle
2078.740157480315 2078.740157480315 330.70866141732284 78.74015748031496 adorait
2319.685039370079 2078.740157480315 181.10236220472441 78.74015748031496 le
2379.527559055118 2078.740157480315 181.10236220472441 78.74015748031496 vrai

722.8346456692914 2141.732283464567 296.06299212598424 77.16535433070867 Dieu.
919.6850393700787 2141.732283464567 296.06299212598424 77.16535433070867 Aucun
1116.5354330708662 2141.732283464567 229.92125984251967 77.16535433070867 des
1248.8188976377953 2141.732283464567 426.7716535433071 77.16535433070867 habitants
1576.3779527559054 2141.732283464567 196.8503937007874 77.16535433070867 ne
1674.015748031496 2141.732283464567 262.99212598425197 77.16535433070867 veut
1839.3700787401574 2141.732283464567 262.99212598425197 77.16535433070867 leur
2003.1496062992126 2141.732283464567 327.5590551181102 77.16535433070867 donner
2233.0708661417325 2141.732283464567 196.8503937007874 77.16535433070867 un
2297.6377952755906 2141.732283464567 262.99212598425197 77.16535433070867 asile;

727.5590551181102 2214.1732283464567 398.4251968503937 81.88976377952756 cependant
1033.0708661417323 2214.1732283464567 184.251968503937 81.88976377952756 un
1124.4094488188975 2214.1732283464567 398.4251968503937 81.88976377952756 vieillard
1431.4960629921259 2214.1732283464567 214.17322834645668 81.88976377952756 les
1552.755905511811 2214.1732283464567 305.51181102362204 81.88976377952756 reçoit
1768.5039370078741 2214.1732283464567 245.66929133858267 81.88976377952756 dans
1921.259842519685 2214.1732283464567 184.251968503937 81.88976377952756 sa
2012.5984251968505 2214.1732283464567 337.00787401574803 81.88976377952756 maison;
2258.267716535433 2214.1732283464567 214.17322834645668 81.88976377952756 ils
2349.6062992125985 2214.1732283464567 214.17322834645668 81.88976377952756 comp-

730.7086614173228 2278.740157480315 300.78740157480314 78.74015748031496 taient
940.1574803149606 2278.740157480315 149.60629921259843 78.74015748031496 y
1001.5748031496063 2278.740157480315 300.78740157480314 78.74015748031496 passer
1211.023622047244 2278.740157480315 179.5275590551181 78.74015748031496 la
1300.7874015748032 2278.740157480315 270.86614173228344 78.74015748031496 nuit,
1481.8897637795276 2278.740157480315 420.4724409448819 78.74015748031496 lorsqu’une
1811.023622047244 2278.740157480315 300.78740157480314 78.74015748031496 troupe
2022.0472440944882 2278.740157480315 179.5275590551181 78.74015748031496 de
2111.8110236220473 2278.740157480315 360.62992125984255 78.74015748031496 forcenés
2352.755905511811 2278.740157480315 209.4488188976378 78.74015748031496 vien-

730.7086614173228 2340.1574803149606 244.09448818897638 67.71653543307086 nent
881.8897637795276 2340.1574803149606 365.3543307086614 67.71653543307086 demander
1157.4803149606298 2340.1574803149606 152.75590551181102 67.71653543307086 à
1218.8976377952756 2340.1574803149606 305.51181102362204 67.71653543307086 grands
1431.4960629921259 2340.1574803149606 244.09448818897638 67.71653543307086 cris
1584.251968503937 2340.1574803149606 274.01574803149606 67.71653543307086 qu’on
1766.9291338582677 2340.1574803149606 244.09448818897638 67.71653543307086 leur
1919.6850393700788 2340.1574803149606 274.01574803149606 67.71653543307086 livre
2102.3622047244094 2340.1574803149606 182.6771653543307 67.71653543307086 le
2195.2755905511813 2340.1574803149606 335.43307086614175 67.71653543307086 lévite.
2407.8740157480315 2340.1574803149606 152.75590551181102 67.71653543307086 Son

727.5590551181102 2404.7244094488187 289.76377952755905 72.44094488188976 hôte,
919.6850393700787 2404.7244094488187 256.6929133858268 72.44094488188976 pour
1080.3149606299212 2404.7244094488187 321.25984251968504 72.44094488188976 sauver
1305.5118110236222 2404.7244094488187 192.1259842519685 72.44094488188976 le
1401.5748031496064 2404.7244094488187 385.8267716535433 72.44094488188976 ministre
1691.3385826771653 2404.7244094488187 192.1259842519685 72.44094488188976 du
1787.4015748031495 2404.7244094488187 417.3228346456693 72.44094488188976 Seigneur,
2108.6614173228345 2404.7244094488187 289.76377952755905 72.44094488188976 offre
2302.3622047244094 2404.7244094488187 192.1259842519685 72.44094488188976 de
2366.9291338582675 2404.7244094488187 192.1259842519685 72.44094488188976 leur

729.1338582677165 2475.5905511811025 294.48818897637796 78.74015748031496 amener
935.4330708661417 2475.5905511811025 176.3779527559055 78.74015748031496 sa
1025.1968503937007 2475.5905511811025 294.48818897637796 78.74015748031496 fille.
1231.4960629921259 2475.5905511811025 176.3779527559055 78.74015748031496 Sa
1319.6850393700788 2475.5905511811025 442.5196850393701 78.74015748031496 proposition
1674.015748031496 2475.5905511811025 266.1417322834646 78.74015748031496 n’est
1850.3937007874015 2475.5905511811025 266.1417322834646 78.74015748031496 point
2028.3464566929133 2475.5905511811025 354.3307086614173 78.74015748031496 écoutée;
2292.9133858267714 2475.5905511811025 266.1417322834646 78.74015748031496 alors
2440.9448818897636 2475.5905511811025 118.11023622047244 78.74015748031496 le

724.4094488188977 2532.283464566929 327.5590551181102 86.61417322834646 lévite
954.3307086614174 2532.283464566929 294.48818897637796 86.61417322834646 livre
1149.6062992125985 2532.283464566929 163.7795275590551 86.61417322834646 à
1215.748031496063 2532.283464566929 228.3464566929134 86.61417322834646 ces
1346.4566929133857 2532.283464566929 392.12598425196853 86.61417322834646 brigands
1640.9448818897638 2532.283464566929 196.8503937007874 86.61417322834646 sa
1738.5826771653544 2532.283464566929 392.12598425196853 86.61417322834646 compagne
2033.0708661417323 2532.283464566929 261.4173228346457 86.61417322834646 bien
2196.850393700787 2532.283464566929 327.5590551181102 86.61417322834646 aimée,
2393.700787401575 2532.283464566929 163.7795275590551 86.61417322834646 qui

725.9842519685039 2595.2755905511813 365.3543307086614 85.03937007874016 succombe
1000.0 2595.2755905511813 335.43307086614175 85.03937007874016 bientôt
1244.0944881889764 2595.2755905511813 335.43307086614175 85.03937007874016 victime
1488.1889763779527 2595.2755905511813 182.6771653543307 85.03937007874016 de
1579.5275590551182 2595.2755905511813 244.09448818897638 85.03937007874016 leur
1732.283464566929 2595.2755905511813 244.09448818897638 85.03937007874016 rage
1885.0393700787401 2595.2755905511813 182.6771653543307 85.03937007874016 et
1976.3779527559054 2595.2755905511813 182.6771653543307 85.03937007874016 de
2067.716535433071 2595.2755905511813 244.09448818897638 85.03937007874016 leur
2190.551181102362 2595.2755905511813 365.3543307086614 85.03937007874016 brutalité.

725.9842519685039 2674.015748031496 214.17322834645668 72.44094488188976 Les
847.2440944881889 2674.015748031496 396.8503937007874 72.44094488188976 approches
1152.755905511811 2674.015748031496 182.6771653543307 72.44094488188976 du
1245.6692913385828 2674.015748031496 244.09448818897638 72.44094488188976 jour
1398.4251968503936 2674.015748031496 275.59055118110234 72.44094488188976 ayant
1581.1023622047244 2674.015748031496 366.92913385826773 72.44094488188976 dispersé
1856.6929133858268 2674.015748031496 214.17322834645668 72.44094488188976 ces
1977.9527559055118 2674.015748031496 396.8503937007874 72.44094488188976 barbares,
2253.5433070866143 2674.015748031496 305.51181102362204 72.44094488188976 l’infor-

727.5590551181102 2735.433070866142 269.29133858267716 77.16535433070867 tunée
907.0866141732283 2735.433070866142 179.5275590551181 77.16535433070867 se
996.8503937007874 2735.433070866142 299.21259842519686 77.16535433070867 traîne
1206.2992125984251 2735.433070866142 359.0551181102362 77.16535433070867 jusqu’au
1475.5905511811025 2735.433070866142 269.29133858267716 77.16535433070867 logis
1655.1181102362204 2735.433070866142 179.5275590551181 77.16535433070867 du
1743.3070866141732 2735.433070866142 418.8976377952756 77.16535433070867 vieillard;
2072.4409448818897 2735.433070866142 239.37007874015748 77.16535433070867 elle
2222.047244094488 2735.433070866142 269.29133858267716 77.16535433070867 tombe
2401.5748031496064 2735.433070866142 149.60629921259843 77.16535433070867 à
2431.496062992126 2735.433070866142 119.68503937007874 77.16535433070867 la

724.4094488188977 2812.5984251968503 294.48818897637796 67.71653543307086 porte,
930.7086614173228 2812.5984251968503 176.3779527559055 67.71653543307086 la
1020.4724409448819 2812.5984251968503 236.2204724409449 67.71653543307086 face
1166.9291338582677 2812.5984251968503 294.48818897637796 67.71653543307086 contre
1373.2283464566929 2812.5984251968503 266.1417322834646 67.71653543307086 terre
1551.1811023622047 2812.5984251968503 176.3779527559055 67.71653543307086 et
1639.3700787401574 2812.5984251968503 206.29921259842519 67.71653543307086 les
1757.4803149606298 2812.5984251968503 236.2204724409449 67.71653543307086 bras
1905.5118110236222 2812.5984251968503 324.40944881889766 67.71653543307086 étendus
2141.732283464567 2812.5984251968503 206.29921259842519 67.71653543307086 sur
2259.8425196850394 2812.5984251968503 176.3779527559055 67.71653543307086 le
2318.1102362204724 2812.5984251968503 236.2204724409449 67.71653543307086 seuil,

722.8346456692914 2859.8425196850394 340.15748031496065 78.74015748031496 lorsque
971.6535433070866 2859.8425196850394 185.82677165354332 78.74015748031496 le
1064.5669291338584 2859.8425196850394 340.15748031496065 78.74015748031496 lévite,
1311.8110236220473 2859.8425196850394 247.24409448818898 78.74015748031496 prêt
1466.1417322834645 2859.8425196850394 154.33070866141733 78.74015748031496 à
1529.1338582677165 2859.8425196850394 340.15748031496065 78.74015748031496 sortir,
1776.3779527559054 2859.8425196850394 310.23622047244095 78.74015748031496 trouve
1993.7007874015749 2859.8425196850394 247.24409448818898 78.74015748031496 dans
2148.031496062992 2859.8425196850394 217.3228346456693 78.74015748031496 cet
2272.4409448818897 2859.8425196850394 247.24409448818898 78.74015748031496 état
2396.850393700787 2859.8425196850394 154.33070866141733 78.74015748031496 une

722.8346456692914 2937.0078740157483 310.23622047244095 80.31496062992126 épouse
940.1574803149606 2937.0078740157483 278.74015748031496 80.31496062992126 qu’il
1125.984251968504 2937.0078740157483 154.33070866141733 80.31496062992126 a
1188.976377952756 2937.0078740157483 341.73228346456693 80.31496062992126 pleurée
1436.2204724409448 2937.0078740157483 278.74015748031496 80.31496062992126 toute
1622.0472440944882 2937.0078740157483 185.82677165354332 80.31496062992126 la
1714.9606299212599 2937.0078740157483 278.74015748031496 80.31496062992126 nuit.
1902.3622047244094 2937.0078740157483 217.3228346456693 80.31496062992126 Les
2025.1968503937007 2937.0078740157483 248.8188976377953 80.31496062992126 cris
2181.1023622047246 2937.0078740157483 278.74015748031496 80.31496062992126 qu’il
2335.433070866142 2937.0078740157483 217.3228346456693 80.31496062992126 élève

718.1102362204724 2996.850393700787 373.2283464566929 85.03937007874016 jusqu’au
998.4251968503937 2996.850393700787 248.8188976377953 85.03937007874016 ciel
1154.3307086614172 2996.850393700787 404.7244094488189 85.03937007874016 annoncent
1464.5669291338584 2996.850393700787 217.3228346456693 85.03937007874016 son
1588.976377952756 2996.850393700787 434.6456692913386 85.03937007874016 désespoir.
1930.708661417323 2996.850393700787 404.7244094488189 85.03937007874016 Cependant
2242.51968503937 2996.850393700787 185.82677165354332 85.03937007874016 il
2303.9370078740158 2996.850393700787 248.8188976377953 85.03937007874016 engage

719.6850393700787 3066.1417322834645 283.46456692913387 74.01574803149606 cette
908.6614173228346 3066.1417322834645 474.01574803149606 74.01574803149606 malheureuse
1288.1889763779527 3066.1417322834645 157.48031496062993 74.01574803149606 à
1351.1811023622047 3066.1417322834645 188.9763779527559 74.01574803149606 se
1445.6692913385828 3066.1417322834645 316.53543307086613 74.01574803149606 lever,
1667.716535433071 3066.1417322834645 251.96850393700788 74.01574803149606 elle
1825.1968503937007 3066.1417322834645 188.9763779527559 74.01574803149606 ne
1919.6850393700788 3066.1417322834645 316.53543307086613 74.01574803149606 répond
2140.1574803149606 3066.1417322834645 316.53543307086613 74.01574803149606 point;
2362.2047244094488 3066.1417322834645 188.9763779527559 74.01574803149606 il
2425.196850393701 3066.1417322834645 125.98425196850394 74.01574803149606 la

721.2598425196851 3135.433070866142 365.3543307086614 91.33858267716535 regarde,
995.2755905511812 3135.433070866142 182.6771653543307 91.33858267716535 la
1086.6141732283465 3135.433070866142 335.43307086614175 91.33858267716535 touche;
1330.708661417323 3135.433070866142 244.09448818897638 91.33858267716535 elle
1483.4645669291338 3135.433070866142 335.43307086614175 91.33858267716535 n’était
1725.984251968504 3135.433070866142 274.01574803149606 91.33858267716535 plus.
1910.236220472441 3135.433070866142 274.01574803149606 91.33858267716535 Alors
2092.9133858267714 3135.433070866142 182.6771653543307 91.33858267716535 il
2184.251968503937 3135.433070866142 335.43307086614175 91.33858267716535 emporte
2396.850393700787 3135.433070866142 152.75590551181102 91.33858267716535 son

718.1102362204724 3195.2755905511813 289.76377952755905 72.44094488188976 corps
910.2362204724409 3195.2755905511813 258.26771653543307 72.44094488188976 dans
1070.8661417322835 3195.2755905511813 193.70078740157481 72.44094488188976 sa
1168.5039370078741 3195.2755905511813 354.3307086614173 72.44094488188976 maison,
1425.1968503937007 3195.2755905511813 193.70078740157481 72.44094488188976 le
1522.8346456692914 3195.2755905511813 289.76377952755905 72.44094488188976 coupe
1714.9606299212599 3195.2755905511813 193.70078740157481 72.44094488188976 en
1812.5984251968505 3195.2755905511813 418.8976377952756 72.44094488188976 morceaux,
2133.8582677165355 3195.2755905511813 289.76377952755905 72.44094488188976 qu’il
2294.488188976378 3195.2755905511813 258.26771653543307 72.44094488188976 envoie

722.8346456692914 3256.6929133858266 212.5984251968504 97.63779527559055 aux
844.0944881889764 3256.6929133858266 274.01574803149606 97.63779527559055 douze
1026.7716535433071 3256.6929133858266 335.43307086614175 97.63779527559055 tribus.
1269.291338582677 3256.6929133858266 244.09448818897638 97.63779527559055 Tout
1422.0472440944882 3256.6929133858266 303.93700787401576 97.63779527559055 Israël
1634.6456692913387 3256.6929133858266 456.6929133858268 97.63779527559055 s’assemble,
2000.0 3256.6929133858266 182.6771653543307 97.63779527559055 le
2091.3385826771655 3256.6929133858266 303.93700787401576 97.63779527559055 lévite
2274.015748031496 3256.6929133858266 274.01574803149606 97.63779527559055 demande

716.5354330708661 3322.834645669291 458.26771653543307 74.01574803149606 vengeance,
1077.1653543307086 3322.834645669291 196.8503937007874 74.01574803149606 et
1174.8031496062993 3322.834645669291 228.3464566929134 74.01574803149606 une
1305.5118110236222 3322.834645669291 294.48818897637796 74.01574803149606 armée
1502.3622047244094 3322.834645669291 327.5590551181102 74.01574803149606 marche
1730.708661417323 3322.834645669291 327.5590551181102 74.01574803149606 contre
1960.6299212598426 3322.834645669291 228.3464566929134 74.01574803149606 les
2058.267716535433 3322.834645669291 491.33858267716533 74.01574803149606 Benjaminites,

725.9842519685039 3388.9763779527557 338.5826771653543 86.61417322834646 auteurs
973.2283464566929 3388.9763779527557 184.251968503937 86.61417322834646 de
1066.1417322834645 3388.9763779527557 184.251968503937 86.61417322834646 ce
1157.4803149606298 3388.9763779527557 370.0787401574803 86.61417322834646 forfait.
1436.2204724409448 3388.9763779527557 215.748031496063 86.61417322834646 Ils
1559.0551181102362 3388.9763779527557 247.24409448818898 86.61417322834646 sont
1713.3858267716535 3388.9763779527557 370.0787401574803 86.61417322834646 vaincus;
1990.5511811023623 3388.9763779527557 184.251968503937 86.61417322834646 la
2081.8897637795276 3388.9763779527557 277.1653543307087 86.61417322834646 ville
2267.716535433071 3388.9763779527557 184.251968503937 86.61417322834646 de
2329.1338582677167 3388.9763779527557 215.748031496063 86.61417322834646 Gabaa

724.4094488188977 3453.5433070866143 341.73228346456693 89.76377952755905 devient
973.2283464566929 3453.5433070866143 185.82677165354332 89.76377952755905 la
1066.1417322834645 3453.5433070866143 278.74015748031496 89.76377952755905 proie
1251.9685039370079 3453.5433070866143 217.3228346456693 89.76377952755905 des
1376.3779527559054 3453.5433070866143 341.73228346456693 89.76377952755905 flammes
1623.6220472440946 3453.5433070866143 185.82677165354332 89.76377952755905 et
1716.5354330708662 3453.5433070866143 185.82677165354332 89.76377952755905 la
1809.4488188976377 3453.5433070866143 278.74015748031496 89.76377952755905 tribu
1996.8503937007874 3453.5433070866143 185.82677165354332 89.76377952755905 de
2089.763779527559 3453.5433070866143 371.65354330708664 89.76377952755905 Benjamin
2337.0078740157483 3453.5433070866143 217.3228346456693 89.76377952755905 périt

719.6850393700787 3516.535433070866 229.92125984251967 92.91338582677166 sous
862.992125984252 3516.535433070866 286.61417322834643 92.91338582677166 l’épée
1034.6456692913387 3516.535433070866 316.53543307086613 92.91338582677166 d’Israël.

784.2519685039371 3568.503937007874 188.9763779527559 107.08661417322834 Le
878.7401574803149 3568.503937007874 344.88188976377955 107.08661417322834 peintre
1129.1338582677165 3568.503937007874 157.48031496062993 107.08661417322834 a
1192.1259842519685 3568.503937007874 313.38582677165357 107.08661417322834 choisi
1412.5984251968505 3568.503937007874 188.9763779527559 107.08661417322834 le
1507.0866141732283 3568.503937007874 313.38582677165357 107.08661417322834 moment
1725.984251968504 3568.503937007874 188.9763779527559 107.08661417322834 où
1820.4724409448818 3568.503937007874 188.9763779527559 107.08661417322834 le
1914.9606299212599 3568.503937007874 313.38582677165357 107.08661417322834 lévite
2135.433070866142 3568.503937007874 376.37795275590554 107.08661417322834 retrouve
2385.8267716535433 3568.503937007874 157.48031496062993 107.08661417322834 son

718.1102362204724 3650.3937007874015 303.93700787401576 88.18897637795276 épouse
930.7086614173228 3650.3937007874015 426.7716535433071 88.18897637795276 expirante;
1266.1417322834645 3650.3937007874015 182.6771653543307 88.18897637795276 le
1357.4803149606298 3650.3937007874015 244.09448818897638 88.18897637795276 jour
1508.6614173228347 3650.3937007874015 365.3543307086614 88.18897637795276 commence
1784.251968503937 3650.3937007874015 152.75590551181102 88.18897637795276 à
1844.0944881889764 3650.3937007874015 395.2755905511811 88.18897637795276 paraître;
2149.6062992125985 3650.3937007874015 182.6771653543307 88.18897637795276 on
2209.448818897638 3650.3937007874015 335.43307086614175 88.18897637795276 aperçoit,

718.1102362204724 3727.5590551181103 247.24409448818898 92.91338582677166 dans
872.4409448818898 3727.5590551181103 185.82677165354332 92.91338582677166 le
965.3543307086615 3727.5590551181103 247.24409448818898 92.91338582677166 fond
1119.6850393700788 3727.5590551181103 185.82677165354332 92.91338582677166 du
1212.5984251968505 3727.5590551181103 370.0787401574803 92.91338582677166 tableau,
1491.3385826771653 3727.5590551181103 215.748031496063 92.91338582677166 les
1614.1732283464567 3727.5590551181103 401.5748031496063 92.91338582677166 coupables
1924.4094488188975 3727.5590551181103 494.48818897637796 92.91338582677166 Benjaminites
2325.984251968504 3727.5590551181103 215.748031496063 92.91338582677166 qui
2418.8976377952754 3727.5590551181103 122.83464566929133 92.91338582677166 se

685.0393700787401 3784.251968503937 321.25984251968504 91.33858267716535 retirent.

855.1181102362204 3864.566929133858 168.50393700787401 81.88976377952756 Ce
940.1574803149606 3864.566929133858 338.5826771653543 81.88976377952756 tableau,
1193.7007874015749 3864.566929133858 281.8897637795276 81.88976377952756 exposé
1390.5511811023623 3864.566929133858 168.50393700787401 81.88976377952756 au
1475.5905511811025 3864.566929133858 253.54330708661416 81.88976377952756 salon
1644.0944881889764 3864.566929133858 168.50393700787401 81.88976377952756 de
1727.5590551181103 3864.566929133858 253.54330708661416 81.88976377952756 1817,
1897.6377952755906 3864.566929133858 140.15748031496062 81.88976377952756 a
1952.755905511811 3864.566929133858 310.23622047244095 81.88976377952756 partagé
2179.527559055118 3864.566929133858 168.50393700787401 81.88976377952756 le
2262.9921259842517 3864.566929133858 225.1968503937008 81.88976377952756 prix
2376.3779527559054 3864.566929133858 168.50393700787401 81.88976377952756 avec

798.4251968503937 3916.535433070866 165.35433070866142 103.93700787401575 le
881.8897637795276 3916.535433070866 248.8188976377953 103.93700787401575 saint
1047.244094488189 3916.535433070866 303.93700787401576 103.93700787401575 Etienne
1269.291338582677 3916.535433070866 165.35433070866142 103.93700787401575 de
1351.1811023622047 3916.535433070866 165.35433070866142 103.93700787401575 M.
1434.6456692913387 3916.535433070866 220.4724409448819 103.93700787401575 Abel
1573.2283464566929 3916.535433070866 165.35433070866142 103.93700787401575 de
1628.3464566929133 3916.535433070866 220.4724409448819 103.93700787401575 Pujol.

858.2677165354331 3977.952755905512 159.0551181102362 127.55905511811024 H.
938.5826771653543 3977.952755905512 159.0551181102362 127.55905511811024 3,
1017.3228346456693 3977.952755905512 185.82677165354332 127.55905511811024 60.
1124.4094488188975 3977.952755905512 132.28346456692913 127.55905511811024 —
1177.9527559055118 3977.952755905512 159.0551181102362 127.55905511811024 L.
1256.6929133858268 3977.952755905512 159.0551181102362 127.55905511811024 2,
1337.007874015748 3977.952755905512 185.82677165354332 127.55905511811024 95.
1444.0944881889764 3977.952755905512 132.28346456692913 127.55905511811024 —
1497.6377952755906 3977.952755905512 212.5984251968504 127.55905511811024 Fig.
1629.9212598425197 3977.952755905512 212.5984251968504 127.55905511811024 plus
1762.2047244094488 3977.952755905512 185.82677165354332 127.55905511811024 gr.
1869.291338582677 3977.952755905512 185.82677165354332 127.55905511811024 que
1949.6062992125985 3977.952755905512 159.0551181102362 127.55905511811024 nat.
