<?xml version="1.0" encoding="UTF-8"?>
<alto xmlns:xsi="http://www.w3.org/2001/XMLSchema-instance"
      xmlns="http://www.loc.gov/standards/alto/ns-v2#"
      xmlns:page="http://schema.primaresearch.org/PAGE/gts/pagecontent/2013-07-15"
      xsi:schemaLocation="http://www.loc.gov/standards/alto/ns-v2# http://www.loc.gov/standards/alto/alto.xsd">
   <Description>
      <MeasurementUnit>pixel</MeasurementUnit>
      <OCRProcessing ID="IdOcr">
         <ocrProcessingStep>
            <processingDateTime>2020-06-24T12:01:57.307+02:00</processingDateTime>
            <processingSoftware>
               <softwareCreator>READ COOP</softwareCreator>
               <softwareName>Transkribus</softwareName>
            </processingSoftware>
         </ocrProcessingStep>
      </OCRProcessing>
   </Description>
   <Tags/>
   <Layout>
      <Page ID="Page1" PHYSICAL_IMG_NR="1" HEIGHT="3123" WIDTH="1765">
         <TopMargin HEIGHT="44" WIDTH="1765" VPOS="0" HPOS="0"/>
         <LeftMargin HEIGHT="2892" WIDTH="24" VPOS="44" HPOS="0"/>
         <RightMargin HEIGHT="2892" WIDTH="133" VPOS="44" HPOS="1632"/>
         <BottomMargin HEIGHT="187" WIDTH="1765" VPOS="2936" HPOS="0"/>
         <PrintSpace HEIGHT="2892" WIDTH="1608" VPOS="44" HPOS="24">
            <TextBlock ID="r_1_1" HEIGHT="43" WIDTH="57" VPOS="379" HPOS="370">
               <Shape>
                  <Polygon POINTS="370,379 427,379 427,422 370,422"/>
               </Shape>
               <TextLine ID="tl_1"
                         BASELINE="442"
                         HEIGHT="90"
                         WIDTH="73"
                         VPOS="352"
                         HPOS="362">
                  <String HEIGHT="90" WIDTH="146" VPOS="352" HPOS="289" CONTENT="10"/>
               </TextLine>
            </TextBlock>
            <TextBlock ID="r_2_1" HEIGHT="33" WIDTH="230" VPOS="393" HPOS="887">
               <Shape>
                  <Polygon POINTS="887,393 1117,393 1117,426 887,426"/>
               </Shape>
               <TextLine ID="tl_2"
                         BASELINE="439"
                         HEIGHT="65"
                         WIDTH="245"
                         VPOS="374"
                         HPOS="880">
                  <String HEIGHT="65"
                          WIDTH="299"
                          VPOS="374"
                          HPOS="826"
                          CONTENT="PEINTURE."/>
               </TextLine>
            </TextBlock>
            <TextBlock ID="r_3_1" HEIGHT="77" WIDTH="1127" VPOS="480" HPOS="493">
               <Shape>
                  <Polygon POINTS="493,480 1620,480 1620,557 493,557"/>
               </Shape>
               <TextLine ID="tl_3"
                         BASELINE="535"
                         HEIGHT="74"
                         WIDTH="1138"
                         VPOS="461"
                         HPOS="488">
                  <String HEIGHT="74"
                          WIDTH="244"
                          VPOS="461"
                          HPOS="468"
                          CONTENT="passion,"/>
                  <SP HEIGHT="74" WIDTH="20" VPOS="461" HPOS="712"/>
                  <String HEIGHT="74" WIDTH="142" VPOS="461" HPOS="651" CONTENT="est"/>
                  <SP HEIGHT="74" WIDTH="20" VPOS="461" HPOS="793"/>
                  <String HEIGHT="74"
                          WIDTH="183"
                          VPOS="461"
                          HPOS="732"
                          CONTENT="porté"/>
                  <SP HEIGHT="74" WIDTH="20" VPOS="461" HPOS="915"/>
                  <String HEIGHT="74" WIDTH="122" VPOS="461" HPOS="854" CONTENT="en"/>
                  <SP HEIGHT="74" WIDTH="20" VPOS="461" HPOS="976"/>
                  <String HEIGHT="74"
                          WIDTH="285"
                          VPOS="461"
                          HPOS="915"
                          CONTENT="procession"/>
                  <SP HEIGHT="74" WIDTH="20" VPOS="461" HPOS="1199"/>
                  <String HEIGHT="74"
                          WIDTH="203"
                          VPOS="461"
                          HPOS="1138"
                          CONTENT="chaque"/>
                  <SP HEIGHT="74" WIDTH="20" VPOS="461" HPOS="1341"/>
                  <String HEIGHT="74"
                          WIDTH="183"
                          VPOS="461"
                          HPOS="1281"
                          CONTENT="année"/>
                  <SP HEIGHT="74" WIDTH="20" VPOS="461" HPOS="1463"/>
                  <String HEIGHT="74" WIDTH="122" VPOS="461" HPOS="1402" CONTENT="le"/>
                  <SP HEIGHT="74" WIDTH="20" VPOS="461" HPOS="1524"/>
                  <String HEIGHT="74"
                          WIDTH="163"
                          VPOS="461"
                          HPOS="1463"
                          CONTENT="soir"/>
                  <SP HEIGHT="74" WIDTH="20" VPOS="461" HPOS="1626"/>
                  <String HEIGHT="74" WIDTH="81" VPOS="461" HPOS="1545" CONTENT="du"/>
               </TextLine>
               <TextLine ID="tl_4"
                         BASELINE="579"
                         HEIGHT="64"
                         WIDTH="312"
                         VPOS="515"
                         HPOS="486">
                  <String HEIGHT="64"
                          WIDTH="354"
                          VPOS="515"
                          HPOS="444"
                          CONTENT="vendredi"/>
               </TextLine>
            </TextBlock>
            <TextBlock ID="r_3_2" HEIGHT="39" WIDTH="665" VPOS="576" HPOS="583">
               <Shape>
                  <Polygon POINTS="583,576 1248,576 1248,615 583,615"/>
               </Shape>
               <TextLine ID="tl_5"
                         BASELINE="618"
                         HEIGHT="71"
                         WIDTH="680"
                         VPOS="547"
                         HPOS="575">
                  <String HEIGHT="71" WIDTH="110" VPOS="547" HPOS="557" CONTENT="H."/>
                  <SP HEIGHT="71" WIDTH="18" VPOS="547" HPOS="667"/>
                  <String HEIGHT="71" WIDTH="110" VPOS="547" HPOS="612" CONTENT="1,"/>
                  <SP HEIGHT="71" WIDTH="18" VPOS="547" HPOS="722"/>
                  <String HEIGHT="71" WIDTH="129" VPOS="547" HPOS="667" CONTENT="10."/>
                  <SP HEIGHT="71" WIDTH="18" VPOS="547" HPOS="796"/>
                  <String HEIGHT="71" WIDTH="92" VPOS="547" HPOS="740" CONTENT="—"/>
                  <SP HEIGHT="71" WIDTH="18" VPOS="547" HPOS="832"/>
                  <String HEIGHT="71" WIDTH="110" VPOS="547" HPOS="777" CONTENT="L."/>
                  <SP HEIGHT="71" WIDTH="18" VPOS="547" HPOS="887"/>
                  <String HEIGHT="71" WIDTH="110" VPOS="547" HPOS="832" CONTENT="1,"/>
                  <SP HEIGHT="71" WIDTH="18" VPOS="547" HPOS="943"/>
                  <String HEIGHT="71" WIDTH="129" VPOS="547" HPOS="887" CONTENT="40."/>
                  <SP HEIGHT="71" WIDTH="18" VPOS="547" HPOS="1016"/>
                  <String HEIGHT="71" WIDTH="92" VPOS="547" HPOS="961" CONTENT="—"/>
                  <SP HEIGHT="71" WIDTH="18" VPOS="547" HPOS="1053"/>
                  <String HEIGHT="71"
                          WIDTH="147"
                          VPOS="547"
                          HPOS="998"
                          CONTENT="Fig."/>
                  <SP HEIGHT="71" WIDTH="18" VPOS="547" HPOS="1145"/>
                  <String HEIGHT="71" WIDTH="110" VPOS="547" HPOS="1090" CONTENT="de"/>
                  <SP HEIGHT="71" WIDTH="18" VPOS="547" HPOS="1200"/>
                  <String HEIGHT="71"
                          WIDTH="129"
                          VPOS="547"
                          HPOS="1126"
                          CONTENT="0,35."/>
               </TextLine>
            </TextBlock>
            <TextBlock ID="r_3_3" HEIGHT="46" WIDTH="298" VPOS="613" HPOS="1279">
               <Shape>
                  <Polygon POINTS="1279,613 1577,613 1577,659 1279,659"/>
               </Shape>
               <TextLine ID="tl_6"
                         BASELINE="680"
                         HEIGHT="82"
                         WIDTH="313"
                         VPOS="598"
                         HPOS="1272">
                  <String HEIGHT="82"
                          WIDTH="196"
                          VPOS="598"
                          HPOS="1252"
                          CONTENT="(Salon"/>
                  <SP HEIGHT="82" WIDTH="20" VPOS="598" HPOS="1448"/>
                  <String HEIGHT="82" WIDTH="117" VPOS="598" HPOS="1389" CONTENT="de"/>
                  <SP HEIGHT="82" WIDTH="20" VPOS="598" HPOS="1507"/>
                  <String HEIGHT="82"
                          WIDTH="157"
                          VPOS="598"
                          HPOS="1429"
                          CONTENT="1861.)"/>
               </TextLine>
            </TextBlock>
            <TextBlock ID="r_3_4" HEIGHT="215" WIDTH="1262" VPOS="695" HPOS="363">
               <Shape>
                  <Polygon POINTS="363,695 1625,695 1625,910 363,910"/>
               </Shape>
               <TextLine ID="tl_7"
                         BASELINE="749"
                         HEIGHT="71"
                         WIDTH="1275"
                         VPOS="678"
                         HPOS="356">
                  <String HEIGHT="71"
                          WIDTH="216"
                          VPOS="678"
                          HPOS="334"
                          CONTENT="COUDER"/>
                  <SP HEIGHT="71" WIDTH="22" VPOS="678" HPOS="550"/>
                  <String HEIGHT="71"
                          WIDTH="605"
                          VPOS="678"
                          HPOS="486"
                          CONTENT="(LOUIS-CHARLES-AUGUSTE),"/>
                  <SP HEIGHT="71" WIDTH="22" VPOS="678" HPOS="1091"/>
                  <String HEIGHT="71"
                          WIDTH="194"
                          VPOS="678"
                          HPOS="1026"
                          CONTENT="&lt;i&gt;né"/>
                  <SP HEIGHT="71" WIDTH="22" VPOS="678" HPOS="1220"/>
                  <String HEIGHT="71" WIDTH="108" VPOS="678" HPOS="1156" CONTENT="à"/>
                  <SP HEIGHT="71" WIDTH="22" VPOS="678" HPOS="1264"/>
                  <String HEIGHT="71"
                          WIDTH="216"
                          VPOS="678"
                          HPOS="1199"
                          CONTENT="Paris,"/>
                  <SP HEIGHT="71" WIDTH="22" VPOS="678" HPOS="1415"/>
                  <String HEIGHT="71"
                          WIDTH="194"
                          VPOS="678"
                          HPOS="1350"
                          CONTENT="élève"/>
                  <SP HEIGHT="71" WIDTH="22" VPOS="678" HPOS="1545"/>
                  <String HEIGHT="71"
                          WIDTH="173"
                          VPOS="678"
                          HPOS="1458"
                          CONTENT="de&lt;/i&gt;"/>
               </TextLine>
               <TextLine ID="tl_8"
                         BASELINE="812"
                         HEIGHT="73"
                         WIDTH="1218"
                         VPOS="739"
                         HPOS="413">
                  <String HEIGHT="73"
                          WIDTH="252"
                          VPOS="739"
                          HPOS="392"
                          CONTENT="&lt;i&gt;David"/>
                  <SP HEIGHT="73" WIDTH="21" VPOS="739" HPOS="644"/>
                  <String HEIGHT="73" WIDTH="126" VPOS="739" HPOS="581" CONTENT="et"/>
                  <SP HEIGHT="73" WIDTH="21" VPOS="739" HPOS="707"/>
                  <String HEIGHT="73" WIDTH="126" VPOS="739" HPOS="644" CONTENT="de"/>
                  <SP HEIGHT="73" WIDTH="21" VPOS="739" HPOS="770"/>
                  <String HEIGHT="73"
                          WIDTH="273"
                          VPOS="739"
                          HPOS="707"
                          CONTENT="Regnault,"/>
                  <SP HEIGHT="73" WIDTH="21" VPOS="739" HPOS="980"/>
                  <String HEIGHT="73"
                          WIDTH="273"
                          VPOS="739"
                          HPOS="917"
                          CONTENT="chevalier"/>
                  <SP HEIGHT="73" WIDTH="21" VPOS="739" HPOS="1190"/>
                  <String HEIGHT="73" WIDTH="126" VPOS="739" HPOS="1127" CONTENT="de"/>
                  <SP HEIGHT="73" WIDTH="21" VPOS="739" HPOS="1253"/>
                  <String HEIGHT="73" WIDTH="126" VPOS="739" HPOS="1190" CONTENT="la"/>
                  <SP HEIGHT="73" WIDTH="21" VPOS="739" HPOS="1316"/>
                  <String HEIGHT="73"
                          WIDTH="399"
                          VPOS="739"
                          HPOS="1232"
                          CONTENT="Légion"/>
               </TextLine>
               <TextLine ID="tl_9"
                         BASELINE="867"
                         HEIGHT="70"
                         WIDTH="1220"
                         VPOS="797"
                         HPOS="410">
                  <String HEIGHT="70"
                          WIDTH="229"
                          VPOS="797"
                          HPOS="391"
                          CONTENT="&lt;i&gt;neur,"/>
                  <SP HEIGHT="70" WIDTH="19" VPOS="797" HPOS="620"/>
                  <String HEIGHT="70"
                          WIDTH="191"
                          VPOS="797"
                          HPOS="563"
                          CONTENT="membre"/>
                  <SP HEIGHT="70" WIDTH="19" VPOS="797" HPOS="753"/>
                  <String HEIGHT="70" WIDTH="114" VPOS="797" HPOS="696" CONTENT="de"/>
                  <SP HEIGHT="70" WIDTH="19" VPOS="797" HPOS="810"/>
                  <String HEIGHT="70"
                          WIDTH="267"
                          VPOS="797"
                          HPOS="753"
                          CONTENT="l’Institut"/>
                  <SP HEIGHT="70" WIDTH="19" VPOS="797" HPOS="1020"/>
                  <String HEIGHT="70"
                          WIDTH="191"
                          VPOS="797"
                          HPOS="963"
                          CONTENT="en&lt;/i&gt;"/>
                  <SP HEIGHT="70" WIDTH="19" VPOS="797" HPOS="1153"/>
                  <String HEIGHT="70"
                          WIDTH="172"
                          VPOS="797"
                          HPOS="1096"
                          CONTENT="1839,"/>
                  <SP HEIGHT="70" WIDTH="19" VPOS="797" HPOS="1268"/>
                  <String HEIGHT="70"
                          WIDTH="286"
                          VPOS="797"
                          HPOS="1211"
                          CONTENT="&lt;i&gt;officier"/>
                  <SP HEIGHT="70" WIDTH="19" VPOS="797" HPOS="1497"/>
                  <String HEIGHT="70" WIDTH="114" VPOS="797" HPOS="1439" CONTENT="de"/>
                  <SP HEIGHT="70" WIDTH="19" VPOS="797" HPOS="1554"/>
                  <String HEIGHT="70"
                          WIDTH="153"
                          VPOS="797"
                          HPOS="1478"
                          CONTENT="la&lt;/i&gt;"/>
               </TextLine>
               <TextLine ID="tl_10"
                         BASELINE="920"
                         HEIGHT="70"
                         WIDTH="626"
                         VPOS="850"
                         HPOS="413">
                  <String HEIGHT="70"
                          WIDTH="450"
                          VPOS="850"
                          HPOS="393"
                          CONTENT="&lt;i&gt;Légion-d’Honneur"/>
                  <SP HEIGHT="70" WIDTH="20" VPOS="850" HPOS="843"/>
                  <String HEIGHT="70"
                          WIDTH="196"
                          VPOS="850"
                          HPOS="785"
                          CONTENT="en&lt;/i&gt;"/>
                  <SP HEIGHT="70" WIDTH="20" VPOS="850" HPOS="980"/>
                  <String HEIGHT="70"
                          WIDTH="137"
                          VPOS="850"
                          HPOS="902"
                          CONTENT="1844."/>
               </TextLine>
            </TextBlock>
            <TextBlock ID="r_3_5" HEIGHT="49" WIDTH="531" VPOS="923" HPOS="361">
               <Shape>
                  <Polygon POINTS="361,923 892,923 892,972 361,972"/>
               </Shape>
               <TextLine ID="tl_11"
                         BASELINE="990"
                         HEIGHT="83"
                         WIDTH="544"
                         VPOS="907"
                         HPOS="354">
                  <String HEIGHT="83" WIDTH="159" VPOS="907" HPOS="331" CONTENT="41."/>
                  <SP HEIGHT="83" WIDTH="23" VPOS="907" HPOS="490"/>
                  <String HEIGHT="83" WIDTH="136" VPOS="907" HPOS="422" CONTENT="Le"/>
                  <SP HEIGHT="83" WIDTH="23" VPOS="907" HPOS="558"/>
                  <String HEIGHT="83"
                          WIDTH="227"
                          VPOS="907"
                          HPOS="490"
                          CONTENT="lévite"/>
                  <SP HEIGHT="83" WIDTH="23" VPOS="907" HPOS="717"/>
                  <String HEIGHT="83"
                          WIDTH="272"
                          VPOS="907"
                          HPOS="626"
                          CONTENT="d’Ephraïm."/>
               </TextLine>
            </TextBlock>
            <TextBlock ID="r_3_6" HEIGHT="1298" WIDTH="1141" VPOS="988" HPOS="482">
               <Shape>
                  <Polygon POINTS="482,988 1623,988 1623,2286 482,2286"/>
               </Shape>
               <TextLine ID="tl_12"
                         BASELINE="1032"
                         HEIGHT="65"
                         WIDTH="1098"
                         VPOS="967"
                         HPOS="531">
                  <String HEIGHT="65" WIDTH="118" VPOS="967" HPOS="511" CONTENT="Un"/>
                  <SP HEIGHT="65" WIDTH="20" VPOS="967" HPOS="629"/>
                  <String HEIGHT="65"
                          WIDTH="196"
                          VPOS="967"
                          HPOS="570"
                          CONTENT="lévite"/>
                  <SP HEIGHT="65" WIDTH="20" VPOS="967" HPOS="766"/>
                  <String HEIGHT="65" WIDTH="118" VPOS="967" HPOS="707" CONTENT="de"/>
                  <SP HEIGHT="65" WIDTH="20" VPOS="967" HPOS="825"/>
                  <String HEIGHT="65" WIDTH="118" VPOS="967" HPOS="766" CONTENT="la"/>
                  <SP HEIGHT="65" WIDTH="20" VPOS="967" HPOS="884"/>
                  <String HEIGHT="65"
                          WIDTH="176"
                          VPOS="967"
                          HPOS="825"
                          CONTENT="tribu"/>
                  <SP HEIGHT="65" WIDTH="20" VPOS="967" HPOS="1002"/>
                  <String HEIGHT="65" WIDTH="118" VPOS="967" HPOS="943" CONTENT="de"/>
                  <SP HEIGHT="65" WIDTH="20" VPOS="967" HPOS="1060"/>
                  <String HEIGHT="65"
                          WIDTH="157"
                          VPOS="967"
                          HPOS="1002"
                          CONTENT="Juda"/>
                  <SP HEIGHT="65" WIDTH="20" VPOS="967" HPOS="1158"/>
                  <String HEIGHT="65"
                          WIDTH="216"
                          VPOS="967"
                          HPOS="1100"
                          CONTENT="s’était"/>
                  <SP HEIGHT="65" WIDTH="20" VPOS="967" HPOS="1315"/>
                  <String HEIGHT="65"
                          WIDTH="137"
                          VPOS="967"
                          HPOS="1256"
                          CONTENT="uni"/>
                  <SP HEIGHT="65" WIDTH="20" VPOS="967" HPOS="1394"/>
                  <String HEIGHT="65" WIDTH="118" VPOS="967" HPOS="1335" CONTENT="en"/>
                  <SP HEIGHT="65" WIDTH="20" VPOS="967" HPOS="1453"/>
                  <String HEIGHT="65"
                          WIDTH="196"
                          VPOS="967"
                          HPOS="1394"
                          CONTENT="secret"/>
                  <SP HEIGHT="65" WIDTH="20" VPOS="967" HPOS="1590"/>
                  <String HEIGHT="65"
                          WIDTH="118"
                          VPOS="967"
                          HPOS="1511"
                          CONTENT="avec"/>
               </TextLine>
               <TextLine ID="tl_13"
                         BASELINE="1074"
                         HEIGHT="49"
                         WIDTH="1144"
                         VPOS="1025"
                         HPOS="485">
                  <String HEIGHT="49"
                          WIDTH="136"
                          VPOS="1025"
                          HPOS="466"
                          CONTENT="une"/>
                  <SP HEIGHT="49" WIDTH="19" VPOS="1025" HPOS="601"/>
                  <String HEIGHT="49"
                          WIDTH="175"
                          VPOS="1025"
                          HPOS="543"
                          CONTENT="jeune"/>
                  <SP HEIGHT="49" WIDTH="19" VPOS="1025" HPOS="718"/>
                  <String HEIGHT="49"
                          WIDTH="175"
                          VPOS="1025"
                          HPOS="660"
                          CONTENT="fille"/>
                  <SP HEIGHT="49" WIDTH="19" VPOS="1025" HPOS="834"/>
                  <String HEIGHT="49" WIDTH="116" VPOS="1025" HPOS="776" CONTENT="de"/>
                  <SP HEIGHT="49" WIDTH="19" VPOS="1025" HPOS="892"/>
                  <String HEIGHT="49"
                          WIDTH="252"
                          VPOS="1025"
                          HPOS="834"
                          CONTENT="Bethléem,"/>
                  <SP HEIGHT="49" WIDTH="19" VPOS="1025" HPOS="1086"/>
                  <String HEIGHT="49"
                          WIDTH="116"
                          VPOS="1025"
                          HPOS="1028"
                          CONTENT="au"/>
                  <SP HEIGHT="49" WIDTH="19" VPOS="1025" HPOS="1144"/>
                  <String HEIGHT="49"
                          WIDTH="194"
                          VPOS="1025"
                          HPOS="1086"
                          CONTENT="mépris"/>
                  <SP HEIGHT="49" WIDTH="19" VPOS="1025" HPOS="1280"/>
                  <String HEIGHT="49"
                          WIDTH="116"
                          VPOS="1025"
                          HPOS="1222"
                          CONTENT="de"/>
                  <SP HEIGHT="49" WIDTH="19" VPOS="1025" HPOS="1338"/>
                  <String HEIGHT="49"
                          WIDTH="116"
                          VPOS="1025"
                          HPOS="1280"
                          CONTENT="la"/>
                  <SP HEIGHT="49" WIDTH="19" VPOS="1025" HPOS="1396"/>
                  <String HEIGHT="49"
                          WIDTH="136"
                          VPOS="1025"
                          HPOS="1338"
                          CONTENT="loi"/>
                  <SP HEIGHT="49" WIDTH="19" VPOS="1025" HPOS="1474"/>
                  <String HEIGHT="49"
                          WIDTH="136"
                          VPOS="1025"
                          HPOS="1416"
                          CONTENT="qui"/>
                  <SP HEIGHT="49" WIDTH="19" VPOS="1025" HPOS="1551"/>
                  <String HEIGHT="49"
                          WIDTH="116"
                          VPOS="1025"
                          HPOS="1493"
                          CONTENT="le"/>
                  <SP HEIGHT="49" WIDTH="19" VPOS="1025" HPOS="1610"/>
                  <String HEIGHT="49"
                          WIDTH="97"
                          VPOS="1025"
                          HPOS="1532"
                          CONTENT="lui"/>
               </TextLine>
               <TextLine ID="tl_14"
                         BASELINE="1117"
                         HEIGHT="46"
                         WIDTH="1147"
                         VPOS="1071"
                         HPOS="483">
                  <String HEIGHT="46"
                          WIDTH="282"
                          VPOS="1071"
                          HPOS="463"
                          CONTENT="défendait."/>
                  <SP HEIGHT="46" WIDTH="20" VPOS="1071" HPOS="745"/>
                  <String HEIGHT="46" WIDTH="121" VPOS="1071" HPOS="684" CONTENT="Il"/>
                  <SP HEIGHT="46" WIDTH="20" VPOS="1071" HPOS="805"/>
                  <String HEIGHT="46"
                          WIDTH="181"
                          VPOS="1071"
                          HPOS="745"
                          CONTENT="avait"/>
                  <SP HEIGHT="46" WIDTH="20" VPOS="1071" HPOS="926"/>
                  <String HEIGHT="46"
                          WIDTH="201"
                          VPOS="1071"
                          HPOS="865"
                          CONTENT="emmené"/>
                  <SP HEIGHT="46" WIDTH="20" VPOS="1071" HPOS="1067"/>
                  <String HEIGHT="46"
                          WIDTH="121"
                          VPOS="1071"
                          HPOS="1006"
                          CONTENT="sa"/>
                  <SP HEIGHT="46" WIDTH="20" VPOS="1071" HPOS="1127"/>
                  <String HEIGHT="46"
                          WIDTH="241"
                          VPOS="1071"
                          HPOS="1067"
                          CONTENT="compagne"/>
                  <SP HEIGHT="46" WIDTH="20" VPOS="1071" HPOS="1308"/>
                  <String HEIGHT="46"
                          WIDTH="161"
                          VPOS="1071"
                          HPOS="1248"
                          CONTENT="dans"/>
                  <SP HEIGHT="46" WIDTH="20" VPOS="1071" HPOS="1409"/>
                  <String HEIGHT="46"
                          WIDTH="141"
                          VPOS="1071"
                          HPOS="1348"
                          CONTENT="les"/>
                  <SP HEIGHT="46" WIDTH="20" VPOS="1071" HPOS="1489"/>
                  <String HEIGHT="46"
                          WIDTH="221"
                          VPOS="1071"
                          HPOS="1409"
                          CONTENT="montagnes"/>
               </TextLine>
               <TextLine ID="tl_15"
                         BASELINE="1158"
                         HEIGHT="49"
                         WIDTH="1148"
                         VPOS="1109"
                         HPOS="482">
                  <String HEIGHT="49"
                          WIDTH="268"
                          VPOS="1109"
                          HPOS="463"
                          CONTENT="d’Ephraïm,"/>
                  <SP HEIGHT="49" WIDTH="19" VPOS="1109" HPOS="731"/>
                  <String HEIGHT="49" WIDTH="115" VPOS="1109" HPOS="673" CONTENT="où"/>
                  <SP HEIGHT="49" WIDTH="19" VPOS="1109" HPOS="788"/>
                  <String HEIGHT="49" WIDTH="115" VPOS="1109" HPOS="731" CONTENT="il"/>
                  <SP HEIGHT="49" WIDTH="19" VPOS="1109" HPOS="846"/>
                  <String HEIGHT="49"
                          WIDTH="210"
                          VPOS="1109"
                          HPOS="788"
                          CONTENT="faisait"/>
                  <SP HEIGHT="49" WIDTH="19" VPOS="1109" HPOS="999"/>
                  <String HEIGHT="49" WIDTH="115" VPOS="1109" HPOS="941" CONTENT="sa"/>
                  <SP HEIGHT="49" WIDTH="19" VPOS="1109" HPOS="1056"/>
                  <String HEIGHT="49"
                          WIDTH="268"
                          VPOS="1109"
                          HPOS="999"
                          CONTENT="résidence;"/>
                  <SP HEIGHT="49" WIDTH="19" VPOS="1109" HPOS="1266"/>
                  <String HEIGHT="49"
                          WIDTH="153"
                          VPOS="1109"
                          HPOS="1209"
                          CONTENT="mais"/>
                  <SP HEIGHT="49" WIDTH="19" VPOS="1109" HPOS="1362"/>
                  <String HEIGHT="49"
                          WIDTH="230"
                          VPOS="1109"
                          HPOS="1305"
                          CONTENT="celle-ci"/>
                  <SP HEIGHT="49" WIDTH="19" VPOS="1109" HPOS="1534"/>
                  <String HEIGHT="49"
                          WIDTH="172"
                          VPOS="1109"
                          HPOS="1458"
                          CONTENT="l’ayant"/>
               </TextLine>
               <TextLine ID="tl_16"
                         BASELINE="1197"
                         HEIGHT="45"
                         WIDTH="1148"
                         VPOS="1152"
                         HPOS="482">
                  <String HEIGHT="45"
                          WIDTH="179"
                          VPOS="1152"
                          HPOS="464"
                          CONTENT="quitté"/>
                  <SP HEIGHT="45" WIDTH="18" VPOS="1152" HPOS="643"/>
                  <String HEIGHT="45"
                          WIDTH="144"
                          VPOS="1152"
                          HPOS="590"
                          CONTENT="pour"/>
                  <SP HEIGHT="45" WIDTH="18" VPOS="1152" HPOS="733"/>
                  <String HEIGHT="45"
                          WIDTH="233"
                          VPOS="1152"
                          HPOS="679"
                          CONTENT="retourner"/>
                  <SP HEIGHT="45" WIDTH="18" VPOS="1152" HPOS="913"/>
                  <String HEIGHT="45"
                          WIDTH="144"
                          VPOS="1152"
                          HPOS="859"
                          CONTENT="dans"/>
                  <SP HEIGHT="45" WIDTH="18" VPOS="1152" HPOS="1002"/>
                  <String HEIGHT="45" WIDTH="108" VPOS="1152" HPOS="948" CONTENT="sa"/>
                  <SP HEIGHT="45" WIDTH="18" VPOS="1152" HPOS="1056"/>
                  <String HEIGHT="45"
                          WIDTH="215"
                          VPOS="1152"
                          HPOS="1002"
                          CONTENT="famille,"/>
                  <SP HEIGHT="45" WIDTH="18" VPOS="1152" HPOS="1217"/>
                  <String HEIGHT="45"
                          WIDTH="108"
                          VPOS="1152"
                          HPOS="1164"
                          CONTENT="le"/>
                  <SP HEIGHT="45" WIDTH="18" VPOS="1152" HPOS="1271"/>
                  <String HEIGHT="45"
                          WIDTH="179"
                          VPOS="1152"
                          HPOS="1217"
                          CONTENT="lévite"/>
                  <SP HEIGHT="45" WIDTH="18" VPOS="1152" HPOS="1397"/>
                  <String HEIGHT="45"
                          WIDTH="179"
                          VPOS="1152"
                          HPOS="1343"
                          CONTENT="l’alla"/>
                  <SP HEIGHT="45" WIDTH="18" VPOS="1152" HPOS="1522"/>
                  <String HEIGHT="45"
                          WIDTH="179"
                          VPOS="1152"
                          HPOS="1451"
                          CONTENT="chercher"/>
               </TextLine>
               <TextLine ID="tl_17"
                         BASELINE="1247"
                         HEIGHT="48"
                         WIDTH="1143"
                         VPOS="1199"
                         HPOS="483">
                  <String HEIGHT="48" WIDTH="116" VPOS="1199" HPOS="464" CONTENT="et"/>
                  <SP HEIGHT="48" WIDTH="19" VPOS="1199" HPOS="580"/>
                  <String HEIGHT="48" WIDTH="116" VPOS="1199" HPOS="522" CONTENT="la"/>
                  <SP HEIGHT="48" WIDTH="19" VPOS="1199" HPOS="638"/>
                  <String HEIGHT="48"
                          WIDTH="252"
                          VPOS="1199"
                          HPOS="580"
                          CONTENT="redemanda"/>
                  <SP HEIGHT="48" WIDTH="19" VPOS="1199" HPOS="832"/>
                  <String HEIGHT="48" WIDTH="97" VPOS="1199" HPOS="774" CONTENT="à"/>
                  <SP HEIGHT="48" WIDTH="19" VPOS="1199" HPOS="870"/>
                  <String HEIGHT="48"
                          WIDTH="136"
                          VPOS="1199"
                          HPOS="812"
                          CONTENT="son"/>
                  <SP HEIGHT="48" WIDTH="19" VPOS="1199" HPOS="948"/>
                  <String HEIGHT="48"
                          WIDTH="174"
                          VPOS="1199"
                          HPOS="890"
                          CONTENT="père,"/>
                  <SP HEIGHT="48" WIDTH="19" VPOS="1199" HPOS="1064"/>
                  <String HEIGHT="48"
                          WIDTH="136"
                          VPOS="1199"
                          HPOS="1006"
                          CONTENT="qui"/>
                  <SP HEIGHT="48" WIDTH="19" VPOS="1199" HPOS="1142"/>
                  <String HEIGHT="48"
                          WIDTH="136"
                          VPOS="1199"
                          HPOS="1084"
                          CONTENT="lui"/>
                  <SP HEIGHT="48" WIDTH="19" VPOS="1199" HPOS="1219"/>
                  <String HEIGHT="48"
                          WIDTH="194"
                          VPOS="1199"
                          HPOS="1161"
                          CONTENT="permit"/>
                  <SP HEIGHT="48" WIDTH="19" VPOS="1199" HPOS="1355"/>
                  <String HEIGHT="48"
                          WIDTH="116"
                          VPOS="1199"
                          HPOS="1297"
                          CONTENT="de"/>
                  <SP HEIGHT="48" WIDTH="19" VPOS="1199" HPOS="1413"/>
                  <String HEIGHT="48"
                          WIDTH="116"
                          VPOS="1199"
                          HPOS="1355"
                          CONTENT="la"/>
                  <SP HEIGHT="48" WIDTH="19" VPOS="1199" HPOS="1471"/>
                  <String HEIGHT="48"
                          WIDTH="232"
                          VPOS="1199"
                          HPOS="1394"
                          CONTENT="reprendre."/>
               </TextLine>
               <TextLine ID="tl_18"
                         BASELINE="1283"
                         HEIGHT="47"
                         WIDTH="1146"
                         VPOS="1236"
                         HPOS="483">
                  <String HEIGHT="47"
                          WIDTH="188"
                          VPOS="1236"
                          HPOS="462"
                          CONTENT="Après"/>
                  <SP HEIGHT="47" WIDTH="21" VPOS="1236" HPOS="650"/>
                  <String HEIGHT="47" WIDTH="125" VPOS="1236" HPOS="587" CONTENT="de"/>
                  <SP HEIGHT="47" WIDTH="21" VPOS="1236" HPOS="712"/>
                  <String HEIGHT="47"
                          WIDTH="271"
                          VPOS="1236"
                          HPOS="650"
                          CONTENT="touchants"/>
                  <SP HEIGHT="47" WIDTH="21" VPOS="1236" HPOS="921"/>
                  <String HEIGHT="47"
                          WIDTH="229"
                          VPOS="1236"
                          HPOS="858"
                          CONTENT="adieux,"/>
                  <SP HEIGHT="47" WIDTH="21" VPOS="1236" HPOS="1087"/>
                  <String HEIGHT="47"
                          WIDTH="146"
                          VPOS="1236"
                          HPOS="1025"
                          CONTENT="les"/>
                  <SP HEIGHT="47" WIDTH="21" VPOS="1236" HPOS="1171"/>
                  <String HEIGHT="47"
                          WIDTH="208"
                          VPOS="1236"
                          HPOS="1108"
                          CONTENT="jeunes"/>
                  <SP HEIGHT="47" WIDTH="21" VPOS="1236" HPOS="1316"/>
                  <String HEIGHT="47"
                          WIDTH="188"
                          VPOS="1236"
                          HPOS="1254"
                          CONTENT="époux"/>
                  <SP HEIGHT="47" WIDTH="21" VPOS="1236" HPOS="1441"/>
                  <String HEIGHT="47"
                          WIDTH="229"
                          VPOS="1236"
                          HPOS="1379"
                          CONTENT="partent"/>
                  <SP HEIGHT="47" WIDTH="21" VPOS="1236" HPOS="1608"/>
                  <String HEIGHT="47"
                          WIDTH="104"
                          VPOS="1236"
                          HPOS="1525"
                          CONTENT="en"
                          SUBS_TYPE="HypPart1"
                          SUBS_CONTENT="ensemble,"/>
                  <HYP CONTENT="-"/>
               </TextLine>
               <TextLine ID="tl_19"
                         BASELINE="1324"
                         HEIGHT="45"
                         WIDTH="1143"
                         VPOS="1279"
                         HPOS="483">
                  <String HEIGHT="45"
                          WIDTH="206"
                          VPOS="1279"
                          HPOS="464"
                          CONTENT="semble,"
                          SUBS_TYPE="HypPart2"
                          SUBS_CONTENT="ensemble,"/>
                  <SP HEIGHT="45" WIDTH="19" VPOS="1279" HPOS="670"/>
                  <String HEIGHT="45" WIDTH="112" VPOS="1279" HPOS="614" CONTENT="et"/>
                  <SP HEIGHT="45" WIDTH="19" VPOS="1279" HPOS="727"/>
                  <String HEIGHT="45"
                          WIDTH="262"
                          VPOS="1279"
                          HPOS="670"
                          CONTENT="s’arrêtent"/>
                  <SP HEIGHT="45" WIDTH="19" VPOS="1279" HPOS="933"/>
                  <String HEIGHT="45" WIDTH="94" VPOS="1279" HPOS="876" CONTENT="à"/>
                  <SP HEIGHT="45" WIDTH="19" VPOS="1279" HPOS="970"/>
                  <String HEIGHT="45"
                          WIDTH="187"
                          VPOS="1279"
                          HPOS="914"
                          CONTENT="Gabaa,"/>
                  <SP HEIGHT="45" WIDTH="19" VPOS="1279" HPOS="1101"/>
                  <String HEIGHT="45"
                          WIDTH="169"
                          VPOS="1279"
                          HPOS="1045"
                          CONTENT="ville"/>
                  <SP HEIGHT="45" WIDTH="19" VPOS="1279" HPOS="1214"/>
                  <String HEIGHT="45"
                          WIDTH="112"
                          VPOS="1279"
                          HPOS="1158"
                          CONTENT="de"/>
                  <SP HEIGHT="45" WIDTH="19" VPOS="1279" HPOS="1270"/>
                  <String HEIGHT="45"
                          WIDTH="112"
                          VPOS="1279"
                          HPOS="1214"
                          CONTENT="la"/>
                  <SP HEIGHT="45" WIDTH="19" VPOS="1279" HPOS="1326"/>
                  <String HEIGHT="45"
                          WIDTH="169"
                          VPOS="1279"
                          HPOS="1270"
                          CONTENT="tribu"/>
                  <SP HEIGHT="45" WIDTH="19" VPOS="1279" HPOS="1439"/>
                  <String HEIGHT="45"
                          WIDTH="112"
                          VPOS="1279"
                          HPOS="1382"
                          CONTENT="de"/>
                  <SP HEIGHT="45" WIDTH="19" VPOS="1279" HPOS="1495"/>
                  <String HEIGHT="45"
                          WIDTH="206"
                          VPOS="1279"
                          HPOS="1420"
                          CONTENT="Benjamin,"/>
               </TextLine>
               <TextLine ID="tl_20"
                         BASELINE="1370"
                         HEIGHT="50"
                         WIDTH="1147"
                         VPOS="1320"
                         HPOS="479">
                  <String HEIGHT="50"
                          WIDTH="210"
                          VPOS="1320"
                          HPOS="460"
                          CONTENT="ennemie"/>
                  <SP HEIGHT="50" WIDTH="19" VPOS="1320" HPOS="670"/>
                  <String HEIGHT="50" WIDTH="115" VPOS="1320" HPOS="613" CONTENT="de"/>
                  <SP HEIGHT="50" WIDTH="19" VPOS="1320" HPOS="728"/>
                  <String HEIGHT="50" WIDTH="115" VPOS="1320" HPOS="670" CONTENT="la"/>
                  <SP HEIGHT="50" WIDTH="19" VPOS="1320" HPOS="785"/>
                  <String HEIGHT="50"
                          WIDTH="172"
                          VPOS="1320"
                          HPOS="728"
                          CONTENT="tribu"/>
                  <SP HEIGHT="50" WIDTH="19" VPOS="1320" HPOS="900"/>
                  <String HEIGHT="50" WIDTH="115" VPOS="1320" HPOS="842" CONTENT="du"/>
                  <SP HEIGHT="50" WIDTH="19" VPOS="1320" HPOS="957"/>
                  <String HEIGHT="50"
                          WIDTH="210"
                          VPOS="1320"
                          HPOS="900"
                          CONTENT="lévite,"/>
                  <SP HEIGHT="50" WIDTH="19" VPOS="1320" HPOS="1110"/>
                  <String HEIGHT="50"
                          WIDTH="172"
                          VPOS="1320"
                          HPOS="1053"
                          CONTENT="parce"/>
                  <SP HEIGHT="50" WIDTH="19" VPOS="1320" HPOS="1225"/>
                  <String HEIGHT="50"
                          WIDTH="210"
                          VPOS="1320"
                          HPOS="1167"
                          CONTENT="qu’elle"/>
                  <SP HEIGHT="50" WIDTH="19" VPOS="1320" HPOS="1377"/>
                  <String HEIGHT="50"
                          WIDTH="210"
                          VPOS="1320"
                          HPOS="1320"
                          CONTENT="adorait"/>
                  <SP HEIGHT="50" WIDTH="19" VPOS="1320" HPOS="1530"/>
                  <String HEIGHT="50"
                          WIDTH="115"
                          VPOS="1320"
                          HPOS="1473"
                          CONTENT="le"/>
                  <SP HEIGHT="50" WIDTH="19" VPOS="1320" HPOS="1588"/>
                  <String HEIGHT="50"
                          WIDTH="115"
                          VPOS="1320"
                          HPOS="1511"
                          CONTENT="vrai"/>
               </TextLine>
               <TextLine ID="tl_21"
                         BASELINE="1409"
                         HEIGHT="49"
                         WIDTH="1146"
                         VPOS="1360"
                         HPOS="480">
                  <String HEIGHT="49"
                          WIDTH="188"
                          VPOS="1360"
                          HPOS="459"
                          CONTENT="Dieu."/>
                  <SP HEIGHT="49" WIDTH="21" VPOS="1360" HPOS="647"/>
                  <String HEIGHT="49"
                          WIDTH="188"
                          VPOS="1360"
                          HPOS="584"
                          CONTENT="Aucun"/>
                  <SP HEIGHT="49" WIDTH="21" VPOS="1360" HPOS="772"/>
                  <String HEIGHT="49"
                          WIDTH="146"
                          VPOS="1360"
                          HPOS="709"
                          CONTENT="des"/>
                  <SP HEIGHT="49" WIDTH="21" VPOS="1360" HPOS="855"/>
                  <String HEIGHT="49"
                          WIDTH="271"
                          VPOS="1360"
                          HPOS="793"
                          CONTENT="habitants"/>
                  <SP HEIGHT="49" WIDTH="21" VPOS="1360" HPOS="1063"/>
                  <String HEIGHT="49"
                          WIDTH="125"
                          VPOS="1360"
                          HPOS="1001"
                          CONTENT="ne"/>
                  <SP HEIGHT="49" WIDTH="21" VPOS="1360" HPOS="1126"/>
                  <String HEIGHT="49"
                          WIDTH="167"
                          VPOS="1360"
                          HPOS="1063"
                          CONTENT="veut"/>
                  <SP HEIGHT="49" WIDTH="21" VPOS="1360" HPOS="1230"/>
                  <String HEIGHT="49"
                          WIDTH="167"
                          VPOS="1360"
                          HPOS="1168"
                          CONTENT="leur"/>
                  <SP HEIGHT="49" WIDTH="21" VPOS="1360" HPOS="1334"/>
                  <String HEIGHT="49"
                          WIDTH="208"
                          VPOS="1360"
                          HPOS="1272"
                          CONTENT="donner"/>
                  <SP HEIGHT="49" WIDTH="21" VPOS="1360" HPOS="1480"/>
                  <String HEIGHT="49"
                          WIDTH="125"
                          VPOS="1360"
                          HPOS="1418"
                          CONTENT="un"/>
                  <SP HEIGHT="49" WIDTH="21" VPOS="1360" HPOS="1543"/>
                  <String HEIGHT="49"
                          WIDTH="167"
                          VPOS="1360"
                          HPOS="1459"
                          CONTENT="asile;"/>
               </TextLine>
               <TextLine ID="tl_22"
                         BASELINE="1458"
                         HEIGHT="52"
                         WIDTH="1147"
                         VPOS="1406"
                         HPOS="481">
                  <String HEIGHT="52"
                          WIDTH="253"
                          VPOS="1406"
                          HPOS="462"
                          CONTENT="cependant"/>
                  <SP HEIGHT="52" WIDTH="19" VPOS="1406" HPOS="714"/>
                  <String HEIGHT="52" WIDTH="117" VPOS="1406" HPOS="656" CONTENT="un"/>
                  <SP HEIGHT="52" WIDTH="19" VPOS="1406" HPOS="773"/>
                  <String HEIGHT="52"
                          WIDTH="253"
                          VPOS="1406"
                          HPOS="714"
                          CONTENT="vieillard"/>
                  <SP HEIGHT="52" WIDTH="19" VPOS="1406" HPOS="967"/>
                  <String HEIGHT="52"
                          WIDTH="136"
                          VPOS="1406"
                          HPOS="909"
                          CONTENT="les"/>
                  <SP HEIGHT="52" WIDTH="19" VPOS="1406" HPOS="1045"/>
                  <String HEIGHT="52"
                          WIDTH="194"
                          VPOS="1406"
                          HPOS="986"
                          CONTENT="reçoit"/>
                  <SP HEIGHT="52" WIDTH="19" VPOS="1406" HPOS="1181"/>
                  <String HEIGHT="52"
                          WIDTH="156"
                          VPOS="1406"
                          HPOS="1123"
                          CONTENT="dans"/>
                  <SP HEIGHT="52" WIDTH="19" VPOS="1406" HPOS="1278"/>
                  <String HEIGHT="52"
                          WIDTH="117"
                          VPOS="1406"
                          HPOS="1220"
                          CONTENT="sa"/>
                  <SP HEIGHT="52" WIDTH="19" VPOS="1406" HPOS="1336"/>
                  <String HEIGHT="52"
                          WIDTH="214"
                          VPOS="1406"
                          HPOS="1278"
                          CONTENT="maison;"/>
                  <SP HEIGHT="52" WIDTH="19" VPOS="1406" HPOS="1492"/>
                  <String HEIGHT="52"
                          WIDTH="136"
                          VPOS="1406"
                          HPOS="1434"
                          CONTENT="ils"/>
                  <SP HEIGHT="52" WIDTH="19" VPOS="1406" HPOS="1570"/>
                  <String HEIGHT="52"
                          WIDTH="136"
                          VPOS="1406"
                          HPOS="1492"
                          CONTENT="comp"
                          SUBS_TYPE="HypPart1"
                          SUBS_CONTENT="comptaient"/>
                  <HYP CONTENT="-"/>
               </TextLine>
               <TextLine ID="tl_23"
                         BASELINE="1497"
                         HEIGHT="50"
                         WIDTH="1144"
                         VPOS="1447"
                         HPOS="483">
                  <String HEIGHT="50"
                          WIDTH="191"
                          VPOS="1447"
                          HPOS="464"
                          CONTENT="taient"
                          SUBS_TYPE="HypPart2"
                          SUBS_CONTENT="comptaient"/>
                  <SP HEIGHT="50" WIDTH="19" VPOS="1447" HPOS="655"/>
                  <String HEIGHT="50" WIDTH="95" VPOS="1447" HPOS="597" CONTENT="y"/>
                  <SP HEIGHT="50" WIDTH="19" VPOS="1447" HPOS="693"/>
                  <String HEIGHT="50"
                          WIDTH="191"
                          VPOS="1447"
                          HPOS="636"
                          CONTENT="passer"/>
                  <SP HEIGHT="50" WIDTH="19" VPOS="1447" HPOS="826"/>
                  <String HEIGHT="50" WIDTH="114" VPOS="1447" HPOS="769" CONTENT="la"/>
                  <SP HEIGHT="50" WIDTH="19" VPOS="1447" HPOS="883"/>
                  <String HEIGHT="50"
                          WIDTH="172"
                          VPOS="1447"
                          HPOS="826"
                          CONTENT="nuit,"/>
                  <SP HEIGHT="50" WIDTH="19" VPOS="1447" HPOS="998"/>
                  <String HEIGHT="50"
                          WIDTH="267"
                          VPOS="1447"
                          HPOS="941"
                          CONTENT="lorsqu’une"/>
                  <SP HEIGHT="50" WIDTH="19" VPOS="1447" HPOS="1208"/>
                  <String HEIGHT="50"
                          WIDTH="191"
                          VPOS="1447"
                          HPOS="1150"
                          CONTENT="troupe"/>
                  <SP HEIGHT="50" WIDTH="19" VPOS="1447" HPOS="1341"/>
                  <String HEIGHT="50"
                          WIDTH="114"
                          VPOS="1447"
                          HPOS="1284"
                          CONTENT="de"/>
                  <SP HEIGHT="50" WIDTH="19" VPOS="1447" HPOS="1398"/>
                  <String HEIGHT="50"
                          WIDTH="229"
                          VPOS="1447"
                          HPOS="1341"
                          CONTENT="forcenés"/>
                  <SP HEIGHT="50" WIDTH="19" VPOS="1447" HPOS="1570"/>
                  <String HEIGHT="50"
                          WIDTH="133"
                          VPOS="1447"
                          HPOS="1494"
                          CONTENT="vien"
                          SUBS_TYPE="HypPart1"
                          SUBS_CONTENT="viennent"/>
                  <HYP CONTENT="-"/>
               </TextLine>
               <TextLine ID="tl_24"
                         BASELINE="1529"
                         HEIGHT="43"
                         WIDTH="1143"
                         VPOS="1486"
                         HPOS="483">
                  <String HEIGHT="43"
                          WIDTH="155"
                          VPOS="1486"
                          HPOS="464"
                          CONTENT="nent"
                          SUBS_TYPE="HypPart2"
                          SUBS_CONTENT="viennent"/>
                  <SP HEIGHT="43" WIDTH="19" VPOS="1486" HPOS="619"/>
                  <String HEIGHT="43"
                          WIDTH="232"
                          VPOS="1486"
                          HPOS="560"
                          CONTENT="demander"/>
                  <SP HEIGHT="43" WIDTH="19" VPOS="1486" HPOS="793"/>
                  <String HEIGHT="43" WIDTH="97" VPOS="1486" HPOS="735" CONTENT="à"/>
                  <SP HEIGHT="43" WIDTH="19" VPOS="1486" HPOS="832"/>
                  <String HEIGHT="43"
                          WIDTH="194"
                          VPOS="1486"
                          HPOS="774"
                          CONTENT="grands"/>
                  <SP HEIGHT="43" WIDTH="19" VPOS="1486" HPOS="967"/>
                  <String HEIGHT="43"
                          WIDTH="155"
                          VPOS="1486"
                          HPOS="909"
                          CONTENT="cris"/>
                  <SP HEIGHT="43" WIDTH="19" VPOS="1486" HPOS="1064"/>
                  <String HEIGHT="43"
                          WIDTH="174"
                          VPOS="1486"
                          HPOS="1006"
                          CONTENT="qu’on"/>
                  <SP HEIGHT="43" WIDTH="19" VPOS="1486" HPOS="1180"/>
                  <String HEIGHT="43"
                          WIDTH="155"
                          VPOS="1486"
                          HPOS="1122"
                          CONTENT="leur"/>
                  <SP HEIGHT="43" WIDTH="19" VPOS="1486" HPOS="1277"/>
                  <String HEIGHT="43"
                          WIDTH="174"
                          VPOS="1486"
                          HPOS="1219"
                          CONTENT="livre"/>
                  <SP HEIGHT="43" WIDTH="19" VPOS="1486" HPOS="1394"/>
                  <String HEIGHT="43"
                          WIDTH="116"
                          VPOS="1486"
                          HPOS="1335"
                          CONTENT="le"/>
                  <SP HEIGHT="43" WIDTH="19" VPOS="1486" HPOS="1452"/>
                  <String HEIGHT="43"
                          WIDTH="213"
                          VPOS="1486"
                          HPOS="1394"
                          CONTENT="lévite."/>
                  <SP HEIGHT="43" WIDTH="19" VPOS="1486" HPOS="1607"/>
                  <String HEIGHT="43"
                          WIDTH="97"
                          VPOS="1486"
                          HPOS="1529"
                          CONTENT="Son"/>
               </TextLine>
               <TextLine ID="tl_25"
                         BASELINE="1573"
                         HEIGHT="46"
                         WIDTH="1143"
                         VPOS="1527"
                         HPOS="482">
                  <String HEIGHT="46"
                          WIDTH="184"
                          VPOS="1527"
                          HPOS="462"
                          CONTENT="hôte,"/>
                  <SP HEIGHT="46" WIDTH="20" VPOS="1527" HPOS="645"/>
                  <String HEIGHT="46"
                          WIDTH="163"
                          VPOS="1527"
                          HPOS="584"
                          CONTENT="pour"/>
                  <SP HEIGHT="46" WIDTH="20" VPOS="1527" HPOS="747"/>
                  <String HEIGHT="46"
                          WIDTH="204"
                          VPOS="1527"
                          HPOS="686"
                          CONTENT="sauver"/>
                  <SP HEIGHT="46" WIDTH="20" VPOS="1527" HPOS="890"/>
                  <String HEIGHT="46" WIDTH="122" VPOS="1527" HPOS="829" CONTENT="le"/>
                  <SP HEIGHT="46" WIDTH="20" VPOS="1527" HPOS="951"/>
                  <String HEIGHT="46"
                          WIDTH="245"
                          VPOS="1527"
                          HPOS="890"
                          CONTENT="ministre"/>
                  <SP HEIGHT="46" WIDTH="20" VPOS="1527" HPOS="1135"/>
                  <String HEIGHT="46"
                          WIDTH="122"
                          VPOS="1527"
                          HPOS="1074"
                          CONTENT="du"/>
                  <SP HEIGHT="46" WIDTH="20" VPOS="1527" HPOS="1196"/>
                  <String HEIGHT="46"
                          WIDTH="265"
                          VPOS="1527"
                          HPOS="1135"
                          CONTENT="Seigneur,"/>
                  <SP HEIGHT="46" WIDTH="20" VPOS="1527" HPOS="1400"/>
                  <String HEIGHT="46"
                          WIDTH="184"
                          VPOS="1527"
                          HPOS="1339"
                          CONTENT="offre"/>
                  <SP HEIGHT="46" WIDTH="20" VPOS="1527" HPOS="1523"/>
                  <String HEIGHT="46"
                          WIDTH="122"
                          VPOS="1527"
                          HPOS="1462"
                          CONTENT="de"/>
                  <SP HEIGHT="46" WIDTH="20" VPOS="1527" HPOS="1584"/>
                  <String HEIGHT="46"
                          WIDTH="122"
                          VPOS="1527"
                          HPOS="1503"
                          CONTENT="leur"/>
               </TextLine>
               <TextLine ID="tl_26"
                         BASELINE="1622"
                         HEIGHT="50"
                         WIDTH="1143"
                         VPOS="1572"
                         HPOS="482">
                  <String HEIGHT="50"
                          WIDTH="187"
                          VPOS="1572"
                          HPOS="463"
                          CONTENT="amener"/>
                  <SP HEIGHT="50" WIDTH="19" VPOS="1572" HPOS="651"/>
                  <String HEIGHT="50" WIDTH="112" VPOS="1572" HPOS="594" CONTENT="sa"/>
                  <SP HEIGHT="50" WIDTH="19" VPOS="1572" HPOS="707"/>
                  <String HEIGHT="50"
                          WIDTH="187"
                          VPOS="1572"
                          HPOS="651"
                          CONTENT="fille."/>
                  <SP HEIGHT="50" WIDTH="19" VPOS="1572" HPOS="838"/>
                  <String HEIGHT="50" WIDTH="112" VPOS="1572" HPOS="782" CONTENT="Sa"/>
                  <SP HEIGHT="50" WIDTH="19" VPOS="1572" HPOS="894"/>
                  <String HEIGHT="50"
                          WIDTH="281"
                          VPOS="1572"
                          HPOS="838"
                          CONTENT="proposition"/>
                  <SP HEIGHT="50" WIDTH="19" VPOS="1572" HPOS="1119"/>
                  <String HEIGHT="50"
                          WIDTH="169"
                          VPOS="1572"
                          HPOS="1063"
                          CONTENT="n’est"/>
                  <SP HEIGHT="50" WIDTH="19" VPOS="1572" HPOS="1232"/>
                  <String HEIGHT="50"
                          WIDTH="169"
                          VPOS="1572"
                          HPOS="1175"
                          CONTENT="point"/>
                  <SP HEIGHT="50" WIDTH="19" VPOS="1572" HPOS="1344"/>
                  <String HEIGHT="50"
                          WIDTH="225"
                          VPOS="1572"
                          HPOS="1288"
                          CONTENT="écoutée;"/>
                  <SP HEIGHT="50" WIDTH="19" VPOS="1572" HPOS="1513"/>
                  <String HEIGHT="50"
                          WIDTH="169"
                          VPOS="1572"
                          HPOS="1456"
                          CONTENT="alors"/>
                  <SP HEIGHT="50" WIDTH="19" VPOS="1572" HPOS="1625"/>
                  <String HEIGHT="50" WIDTH="75" VPOS="1572" HPOS="1550" CONTENT="le"/>
               </TextLine>
               <TextLine ID="tl_27"
                         BASELINE="1663"
                         HEIGHT="55"
                         WIDTH="1143"
                         VPOS="1608"
                         HPOS="481">
                  <String HEIGHT="55"
                          WIDTH="208"
                          VPOS="1608"
                          HPOS="460"
                          CONTENT="lévite"/>
                  <SP HEIGHT="55" WIDTH="21" VPOS="1608" HPOS="668"/>
                  <String HEIGHT="55"
                          WIDTH="187"
                          VPOS="1608"
                          HPOS="606"
                          CONTENT="livre"/>
                  <SP HEIGHT="55" WIDTH="21" VPOS="1608" HPOS="793"/>
                  <String HEIGHT="55" WIDTH="104" VPOS="1608" HPOS="730" CONTENT="à"/>
                  <SP HEIGHT="55" WIDTH="21" VPOS="1608" HPOS="834"/>
                  <String HEIGHT="55"
                          WIDTH="145"
                          VPOS="1608"
                          HPOS="772"
                          CONTENT="ces"/>
                  <SP HEIGHT="55" WIDTH="21" VPOS="1608" HPOS="917"/>
                  <String HEIGHT="55"
                          WIDTH="249"
                          VPOS="1608"
                          HPOS="855"
                          CONTENT="brigands"/>
                  <SP HEIGHT="55" WIDTH="21" VPOS="1608" HPOS="1104"/>
                  <String HEIGHT="55"
                          WIDTH="125"
                          VPOS="1608"
                          HPOS="1042"
                          CONTENT="sa"/>
                  <SP HEIGHT="55" WIDTH="21" VPOS="1608" HPOS="1167"/>
                  <String HEIGHT="55"
                          WIDTH="249"
                          VPOS="1608"
                          HPOS="1104"
                          CONTENT="compagne"/>
                  <SP HEIGHT="55" WIDTH="21" VPOS="1608" HPOS="1354"/>
                  <String HEIGHT="55"
                          WIDTH="166"
                          VPOS="1608"
                          HPOS="1291"
                          CONTENT="bien"/>
                  <SP HEIGHT="55" WIDTH="21" VPOS="1608" HPOS="1458"/>
                  <String HEIGHT="55"
                          WIDTH="208"
                          VPOS="1608"
                          HPOS="1395"
                          CONTENT="aimée,"/>
                  <SP HEIGHT="55" WIDTH="21" VPOS="1608" HPOS="1603"/>
                  <String HEIGHT="55"
                          WIDTH="104"
                          VPOS="1608"
                          HPOS="1520"
                          CONTENT="qui"/>
               </TextLine>
               <TextLine ID="tl_28"
                         BASELINE="1702"
                         HEIGHT="54"
                         WIDTH="1143"
                         VPOS="1648"
                         HPOS="480">
                  <String HEIGHT="54"
                          WIDTH="232"
                          VPOS="1648"
                          HPOS="461"
                          CONTENT="succombe"/>
                  <SP HEIGHT="54" WIDTH="19" VPOS="1648" HPOS="693"/>
                  <String HEIGHT="54"
                          WIDTH="213"
                          VPOS="1648"
                          HPOS="635"
                          CONTENT="bientôt"/>
                  <SP HEIGHT="54" WIDTH="19" VPOS="1648" HPOS="848"/>
                  <String HEIGHT="54"
                          WIDTH="213"
                          VPOS="1648"
                          HPOS="790"
                          CONTENT="victime"/>
                  <SP HEIGHT="54" WIDTH="19" VPOS="1648" HPOS="1003"/>
                  <String HEIGHT="54" WIDTH="116" VPOS="1648" HPOS="945" CONTENT="de"/>
                  <SP HEIGHT="54" WIDTH="19" VPOS="1648" HPOS="1061"/>
                  <String HEIGHT="54"
                          WIDTH="155"
                          VPOS="1648"
                          HPOS="1003"
                          CONTENT="leur"/>
                  <SP HEIGHT="54" WIDTH="19" VPOS="1648" HPOS="1158"/>
                  <String HEIGHT="54"
                          WIDTH="155"
                          VPOS="1648"
                          HPOS="1100"
                          CONTENT="rage"/>
                  <SP HEIGHT="54" WIDTH="19" VPOS="1648" HPOS="1255"/>
                  <String HEIGHT="54"
                          WIDTH="116"
                          VPOS="1648"
                          HPOS="1197"
                          CONTENT="et"/>
                  <SP HEIGHT="54" WIDTH="19" VPOS="1648" HPOS="1313"/>
                  <String HEIGHT="54"
                          WIDTH="116"
                          VPOS="1648"
                          HPOS="1255"
                          CONTENT="de"/>
                  <SP HEIGHT="54" WIDTH="19" VPOS="1648" HPOS="1371"/>
                  <String HEIGHT="54"
                          WIDTH="155"
                          VPOS="1648"
                          HPOS="1313"
                          CONTENT="leur"/>
                  <SP HEIGHT="54" WIDTH="19" VPOS="1648" HPOS="1468"/>
                  <String HEIGHT="54"
                          WIDTH="232"
                          VPOS="1648"
                          HPOS="1391"
                          CONTENT="brutalité."/>
               </TextLine>
               <TextLine ID="tl_29"
                         BASELINE="1744"
                         HEIGHT="46"
                         WIDTH="1145"
                         VPOS="1698"
                         HPOS="480">
                  <String HEIGHT="46"
                          WIDTH="136"
                          VPOS="1698"
                          HPOS="461"
                          CONTENT="Les"/>
                  <SP HEIGHT="46" WIDTH="19" VPOS="1698" HPOS="596"/>
                  <String HEIGHT="46"
                          WIDTH="252"
                          VPOS="1698"
                          HPOS="538"
                          CONTENT="approches"/>
                  <SP HEIGHT="46" WIDTH="19" VPOS="1698" HPOS="791"/>
                  <String HEIGHT="46" WIDTH="116" VPOS="1698" HPOS="732" CONTENT="du"/>
                  <SP HEIGHT="46" WIDTH="19" VPOS="1698" HPOS="849"/>
                  <String HEIGHT="46"
                          WIDTH="155"
                          VPOS="1698"
                          HPOS="791"
                          CONTENT="jour"/>
                  <SP HEIGHT="46" WIDTH="19" VPOS="1698" HPOS="946"/>
                  <String HEIGHT="46"
                          WIDTH="175"
                          VPOS="1698"
                          HPOS="888"
                          CONTENT="ayant"/>
                  <SP HEIGHT="46" WIDTH="19" VPOS="1698" HPOS="1062"/>
                  <String HEIGHT="46"
                          WIDTH="233"
                          VPOS="1698"
                          HPOS="1004"
                          CONTENT="dispersé"/>
                  <SP HEIGHT="46" WIDTH="19" VPOS="1698" HPOS="1237"/>
                  <String HEIGHT="46"
                          WIDTH="136"
                          VPOS="1698"
                          HPOS="1179"
                          CONTENT="ces"/>
                  <SP HEIGHT="46" WIDTH="19" VPOS="1698" HPOS="1314"/>
                  <String HEIGHT="46"
                          WIDTH="252"
                          VPOS="1698"
                          HPOS="1256"
                          CONTENT="barbares,"/>
                  <SP HEIGHT="46" WIDTH="19" VPOS="1698" HPOS="1509"/>
                  <String HEIGHT="46"
                          WIDTH="194"
                          VPOS="1698"
                          HPOS="1431"
                          CONTENT="l’infor"
                          SUBS_TYPE="HypPart1"
                          SUBS_CONTENT="l’infortunée"/>
                  <HYP CONTENT="-"/>
               </TextLine>
               <TextLine ID="tl_30"
                         BASELINE="1786"
                         HEIGHT="49"
                         WIDTH="1139"
                         VPOS="1737"
                         HPOS="481">
                  <String HEIGHT="49"
                          WIDTH="171"
                          VPOS="1737"
                          HPOS="462"
                          CONTENT="tunée"
                          SUBS_TYPE="HypPart2"
                          SUBS_CONTENT="l’infortunée"/>
                  <SP HEIGHT="49" WIDTH="19" VPOS="1737" HPOS="633"/>
                  <String HEIGHT="49" WIDTH="114" VPOS="1737" HPOS="576" CONTENT="se"/>
                  <SP HEIGHT="49" WIDTH="19" VPOS="1737" HPOS="690"/>
                  <String HEIGHT="49"
                          WIDTH="190"
                          VPOS="1737"
                          HPOS="633"
                          CONTENT="traîne"/>
                  <SP HEIGHT="49" WIDTH="19" VPOS="1737" HPOS="823"/>
                  <String HEIGHT="49"
                          WIDTH="228"
                          VPOS="1737"
                          HPOS="766"
                          CONTENT="jusqu’au"/>
                  <SP HEIGHT="49" WIDTH="19" VPOS="1737" HPOS="994"/>
                  <String HEIGHT="49"
                          WIDTH="171"
                          VPOS="1737"
                          HPOS="937"
                          CONTENT="logis"/>
                  <SP HEIGHT="49" WIDTH="19" VPOS="1737" HPOS="1107"/>
                  <String HEIGHT="49"
                          WIDTH="114"
                          VPOS="1737"
                          HPOS="1051"
                          CONTENT="du"/>
                  <SP HEIGHT="49" WIDTH="19" VPOS="1737" HPOS="1164"/>
                  <String HEIGHT="49"
                          WIDTH="266"
                          VPOS="1737"
                          HPOS="1107"
                          CONTENT="vieillard;"/>
                  <SP HEIGHT="49" WIDTH="19" VPOS="1737" HPOS="1373"/>
                  <String HEIGHT="49"
                          WIDTH="152"
                          VPOS="1737"
                          HPOS="1316"
                          CONTENT="elle"/>
                  <SP HEIGHT="49" WIDTH="19" VPOS="1737" HPOS="1468"/>
                  <String HEIGHT="49"
                          WIDTH="171"
                          VPOS="1737"
                          HPOS="1411"
                          CONTENT="tombe"/>
                  <SP HEIGHT="49" WIDTH="19" VPOS="1737" HPOS="1582"/>
                  <String HEIGHT="49" WIDTH="95" VPOS="1737" HPOS="1525" CONTENT="à"/>
                  <SP HEIGHT="49" WIDTH="19" VPOS="1737" HPOS="1620"/>
                  <String HEIGHT="49" WIDTH="76" VPOS="1737" HPOS="1544" CONTENT="la"/>
               </TextLine>
               <TextLine ID="tl_31"
                         BASELINE="1829"
                         HEIGHT="43"
                         WIDTH="1143"
                         VPOS="1786"
                         HPOS="479">
                  <String HEIGHT="43"
                          WIDTH="187"
                          VPOS="1786"
                          HPOS="460"
                          CONTENT="porte,"/>
                  <SP HEIGHT="43" WIDTH="19" VPOS="1786" HPOS="648"/>
                  <String HEIGHT="43" WIDTH="112" VPOS="1786" HPOS="591" CONTENT="la"/>
                  <SP HEIGHT="43" WIDTH="19" VPOS="1786" HPOS="704"/>
                  <String HEIGHT="43"
                          WIDTH="150"
                          VPOS="1786"
                          HPOS="648"
                          CONTENT="face"/>
                  <SP HEIGHT="43" WIDTH="19" VPOS="1786" HPOS="798"/>
                  <String HEIGHT="43"
                          WIDTH="187"
                          VPOS="1786"
                          HPOS="741"
                          CONTENT="contre"/>
                  <SP HEIGHT="43" WIDTH="19" VPOS="1786" HPOS="929"/>
                  <String HEIGHT="43"
                          WIDTH="169"
                          VPOS="1786"
                          HPOS="872"
                          CONTENT="terre"/>
                  <SP HEIGHT="43" WIDTH="19" VPOS="1786" HPOS="1041"/>
                  <String HEIGHT="43" WIDTH="112" VPOS="1786" HPOS="985" CONTENT="et"/>
                  <SP HEIGHT="43" WIDTH="19" VPOS="1786" HPOS="1097"/>
                  <String HEIGHT="43"
                          WIDTH="131"
                          VPOS="1786"
                          HPOS="1041"
                          CONTENT="les"/>
                  <SP HEIGHT="43" WIDTH="19" VPOS="1786" HPOS="1172"/>
                  <String HEIGHT="43"
                          WIDTH="150"
                          VPOS="1786"
                          HPOS="1116"
                          CONTENT="bras"/>
                  <SP HEIGHT="43" WIDTH="19" VPOS="1786" HPOS="1266"/>
                  <String HEIGHT="43"
                          WIDTH="206"
                          VPOS="1786"
                          HPOS="1210"
                          CONTENT="étendus"/>
                  <SP HEIGHT="43" WIDTH="19" VPOS="1786" HPOS="1416"/>
                  <String HEIGHT="43"
                          WIDTH="131"
                          VPOS="1786"
                          HPOS="1360"
                          CONTENT="sur"/>
                  <SP HEIGHT="43" WIDTH="19" VPOS="1786" HPOS="1491"/>
                  <String HEIGHT="43"
                          WIDTH="112"
                          VPOS="1786"
                          HPOS="1435"
                          CONTENT="le"/>
                  <SP HEIGHT="43" WIDTH="19" VPOS="1786" HPOS="1547"/>
                  <String HEIGHT="43"
                          WIDTH="150"
                          VPOS="1786"
                          HPOS="1472"
                          CONTENT="seuil,"/>
               </TextLine>
               <TextLine ID="tl_32"
                         BASELINE="1866"
                         HEIGHT="50"
                         WIDTH="1141"
                         VPOS="1816"
                         HPOS="479">
                  <String HEIGHT="50"
                          WIDTH="216"
                          VPOS="1816"
                          HPOS="459"
                          CONTENT="lorsque"/>
                  <SP HEIGHT="50" WIDTH="20" VPOS="1816" HPOS="676"/>
                  <String HEIGHT="50" WIDTH="118" VPOS="1816" HPOS="617" CONTENT="le"/>
                  <SP HEIGHT="50" WIDTH="20" VPOS="1816" HPOS="735"/>
                  <String HEIGHT="50"
                          WIDTH="216"
                          VPOS="1816"
                          HPOS="676"
                          CONTENT="lévite,"/>
                  <SP HEIGHT="50" WIDTH="20" VPOS="1816" HPOS="892"/>
                  <String HEIGHT="50"
                          WIDTH="157"
                          VPOS="1816"
                          HPOS="833"
                          CONTENT="prêt"/>
                  <SP HEIGHT="50" WIDTH="20" VPOS="1816" HPOS="990"/>
                  <String HEIGHT="50" WIDTH="98" VPOS="1816" HPOS="931" CONTENT="à"/>
                  <SP HEIGHT="50" WIDTH="20" VPOS="1816" HPOS="1030"/>
                  <String HEIGHT="50"
                          WIDTH="216"
                          VPOS="1816"
                          HPOS="971"
                          CONTENT="sortir,"/>
                  <SP HEIGHT="50" WIDTH="20" VPOS="1816" HPOS="1187"/>
                  <String HEIGHT="50"
                          WIDTH="197"
                          VPOS="1816"
                          HPOS="1128"
                          CONTENT="trouve"/>
                  <SP HEIGHT="50" WIDTH="20" VPOS="1816" HPOS="1325"/>
                  <String HEIGHT="50"
                          WIDTH="157"
                          VPOS="1816"
                          HPOS="1266"
                          CONTENT="dans"/>
                  <SP HEIGHT="50" WIDTH="20" VPOS="1816" HPOS="1423"/>
                  <String HEIGHT="50"
                          WIDTH="138"
                          VPOS="1816"
                          HPOS="1364"
                          CONTENT="cet"/>
                  <SP HEIGHT="50" WIDTH="20" VPOS="1816" HPOS="1502"/>
                  <String HEIGHT="50"
                          WIDTH="157"
                          VPOS="1816"
                          HPOS="1443"
                          CONTENT="état"/>
                  <SP HEIGHT="50" WIDTH="20" VPOS="1816" HPOS="1600"/>
                  <String HEIGHT="50"
                          WIDTH="98"
                          VPOS="1816"
                          HPOS="1522"
                          CONTENT="une"/>
               </TextLine>
               <TextLine ID="tl_33"
                         BASELINE="1916"
                         HEIGHT="51"
                         WIDTH="1142"
                         VPOS="1865"
                         HPOS="479">
                  <String HEIGHT="51"
                          WIDTH="197"
                          VPOS="1865"
                          HPOS="459"
                          CONTENT="épouse"/>
                  <SP HEIGHT="51" WIDTH="20" VPOS="1865" HPOS="656"/>
                  <String HEIGHT="51"
                          WIDTH="177"
                          VPOS="1865"
                          HPOS="597"
                          CONTENT="qu’il"/>
                  <SP HEIGHT="51" WIDTH="20" VPOS="1865" HPOS="774"/>
                  <String HEIGHT="51" WIDTH="98" VPOS="1865" HPOS="715" CONTENT="a"/>
                  <SP HEIGHT="51" WIDTH="20" VPOS="1865" HPOS="814"/>
                  <String HEIGHT="51"
                          WIDTH="217"
                          VPOS="1865"
                          HPOS="755"
                          CONTENT="pleurée"/>
                  <SP HEIGHT="51" WIDTH="20" VPOS="1865" HPOS="971"/>
                  <String HEIGHT="51"
                          WIDTH="177"
                          VPOS="1865"
                          HPOS="912"
                          CONTENT="toute"/>
                  <SP HEIGHT="51" WIDTH="20" VPOS="1865" HPOS="1089"/>
                  <String HEIGHT="51"
                          WIDTH="118"
                          VPOS="1865"
                          HPOS="1030"
                          CONTENT="la"/>
                  <SP HEIGHT="51" WIDTH="20" VPOS="1865" HPOS="1148"/>
                  <String HEIGHT="51"
                          WIDTH="177"
                          VPOS="1865"
                          HPOS="1089"
                          CONTENT="nuit."/>
                  <SP HEIGHT="51" WIDTH="20" VPOS="1865" HPOS="1267"/>
                  <String HEIGHT="51"
                          WIDTH="138"
                          VPOS="1865"
                          HPOS="1208"
                          CONTENT="Les"/>
                  <SP HEIGHT="51" WIDTH="20" VPOS="1865" HPOS="1345"/>
                  <String HEIGHT="51"
                          WIDTH="158"
                          VPOS="1865"
                          HPOS="1286"
                          CONTENT="cris"/>
                  <SP HEIGHT="51" WIDTH="20" VPOS="1865" HPOS="1444"/>
                  <String HEIGHT="51"
                          WIDTH="177"
                          VPOS="1865"
                          HPOS="1385"
                          CONTENT="qu’il"/>
                  <SP HEIGHT="51" WIDTH="20" VPOS="1865" HPOS="1562"/>
                  <String HEIGHT="51"
                          WIDTH="138"
                          VPOS="1865"
                          HPOS="1483"
                          CONTENT="élève"/>
               </TextLine>
               <TextLine ID="tl_34"
                         BASELINE="1957"
                         HEIGHT="54"
                         WIDTH="1145"
                         VPOS="1903"
                         HPOS="476">
                  <String HEIGHT="54"
                          WIDTH="237"
                          VPOS="1903"
                          HPOS="456"
                          CONTENT="jusqu’au"/>
                  <SP HEIGHT="54" WIDTH="20" VPOS="1903" HPOS="693"/>
                  <String HEIGHT="54"
                          WIDTH="158"
                          VPOS="1903"
                          HPOS="634"
                          CONTENT="ciel"/>
                  <SP HEIGHT="54" WIDTH="20" VPOS="1903" HPOS="792"/>
                  <String HEIGHT="54"
                          WIDTH="257"
                          VPOS="1903"
                          HPOS="733"
                          CONTENT="annoncent"/>
                  <SP HEIGHT="54" WIDTH="20" VPOS="1903" HPOS="989"/>
                  <String HEIGHT="54"
                          WIDTH="138"
                          VPOS="1903"
                          HPOS="930"
                          CONTENT="son"/>
                  <SP HEIGHT="54" WIDTH="20" VPOS="1903" HPOS="1068"/>
                  <String HEIGHT="54"
                          WIDTH="276"
                          VPOS="1903"
                          HPOS="1009"
                          CONTENT="désespoir."/>
                  <SP HEIGHT="54" WIDTH="20" VPOS="1903" HPOS="1285"/>
                  <String HEIGHT="54"
                          WIDTH="257"
                          VPOS="1903"
                          HPOS="1226"
                          CONTENT="Cependant"/>
                  <SP HEIGHT="54" WIDTH="20" VPOS="1903" HPOS="1483"/>
                  <String HEIGHT="54"
                          WIDTH="118"
                          VPOS="1903"
                          HPOS="1424"
                          CONTENT="il"/>
                  <SP HEIGHT="54" WIDTH="20" VPOS="1903" HPOS="1542"/>
                  <String HEIGHT="54"
                          WIDTH="158"
                          VPOS="1903"
                          HPOS="1463"
                          CONTENT="engage"/>
               </TextLine>
               <TextLine ID="tl_35"
                         BASELINE="1994"
                         HEIGHT="47"
                         WIDTH="1143"
                         VPOS="1947"
                         HPOS="477">
                  <String HEIGHT="47"
                          WIDTH="180"
                          VPOS="1947"
                          HPOS="457"
                          CONTENT="cette"/>
                  <SP HEIGHT="47" WIDTH="20" VPOS="1947" HPOS="637"/>
                  <String HEIGHT="47"
                          WIDTH="301"
                          VPOS="1947"
                          HPOS="577"
                          CONTENT="malheureuse"/>
                  <SP HEIGHT="47" WIDTH="20" VPOS="1947" HPOS="878"/>
                  <String HEIGHT="47" WIDTH="100" VPOS="1947" HPOS="818" CONTENT="à"/>
                  <SP HEIGHT="47" WIDTH="20" VPOS="1947" HPOS="918"/>
                  <String HEIGHT="47" WIDTH="120" VPOS="1947" HPOS="858" CONTENT="se"/>
                  <SP HEIGHT="47" WIDTH="20" VPOS="1947" HPOS="978"/>
                  <String HEIGHT="47"
                          WIDTH="201"
                          VPOS="1947"
                          HPOS="918"
                          CONTENT="lever,"/>
                  <SP HEIGHT="47" WIDTH="20" VPOS="1947" HPOS="1119"/>
                  <String HEIGHT="47"
                          WIDTH="160"
                          VPOS="1947"
                          HPOS="1059"
                          CONTENT="elle"/>
                  <SP HEIGHT="47" WIDTH="20" VPOS="1947" HPOS="1219"/>
                  <String HEIGHT="47"
                          WIDTH="120"
                          VPOS="1947"
                          HPOS="1159"
                          CONTENT="ne"/>
                  <SP HEIGHT="47" WIDTH="20" VPOS="1947" HPOS="1279"/>
                  <String HEIGHT="47"
                          WIDTH="201"
                          VPOS="1947"
                          HPOS="1219"
                          CONTENT="répond"/>
                  <SP HEIGHT="47" WIDTH="20" VPOS="1947" HPOS="1419"/>
                  <String HEIGHT="47"
                          WIDTH="201"
                          VPOS="1947"
                          HPOS="1359"
                          CONTENT="point;"/>
                  <SP HEIGHT="47" WIDTH="20" VPOS="1947" HPOS="1560"/>
                  <String HEIGHT="47"
                          WIDTH="120"
                          VPOS="1947"
                          HPOS="1500"
                          CONTENT="il"/>
                  <SP HEIGHT="47" WIDTH="20" VPOS="1947" HPOS="1620"/>
                  <String HEIGHT="47" WIDTH="80" VPOS="1947" HPOS="1540" CONTENT="la"/>
               </TextLine>
               <TextLine ID="tl_36"
                         BASELINE="2049"
                         HEIGHT="58"
                         WIDTH="1142"
                         VPOS="1991"
                         HPOS="477">
                  <String HEIGHT="58"
                          WIDTH="232"
                          VPOS="1991"
                          HPOS="458"
                          CONTENT="regarde,"/>
                  <SP HEIGHT="58" WIDTH="19" VPOS="1991" HPOS="690"/>
                  <String HEIGHT="58" WIDTH="116" VPOS="1991" HPOS="632" CONTENT="la"/>
                  <SP HEIGHT="58" WIDTH="19" VPOS="1991" HPOS="748"/>
                  <String HEIGHT="58"
                          WIDTH="213"
                          VPOS="1991"
                          HPOS="690"
                          CONTENT="touche;"/>
                  <SP HEIGHT="58" WIDTH="19" VPOS="1991" HPOS="903"/>
                  <String HEIGHT="58"
                          WIDTH="155"
                          VPOS="1991"
                          HPOS="845"
                          CONTENT="elle"/>
                  <SP HEIGHT="58" WIDTH="19" VPOS="1991" HPOS="1000"/>
                  <String HEIGHT="58"
                          WIDTH="213"
                          VPOS="1991"
                          HPOS="942"
                          CONTENT="n’était"/>
                  <SP HEIGHT="58" WIDTH="19" VPOS="1991" HPOS="1154"/>
                  <String HEIGHT="58"
                          WIDTH="174"
                          VPOS="1991"
                          HPOS="1096"
                          CONTENT="plus."/>
                  <SP HEIGHT="58" WIDTH="19" VPOS="1991" HPOS="1271"/>
                  <String HEIGHT="58"
                          WIDTH="174"
                          VPOS="1991"
                          HPOS="1213"
                          CONTENT="Alors"/>
                  <SP HEIGHT="58" WIDTH="19" VPOS="1991" HPOS="1387"/>
                  <String HEIGHT="58"
                          WIDTH="116"
                          VPOS="1991"
                          HPOS="1329"
                          CONTENT="il"/>
                  <SP HEIGHT="58" WIDTH="19" VPOS="1991" HPOS="1445"/>
                  <String HEIGHT="58"
                          WIDTH="213"
                          VPOS="1991"
                          HPOS="1387"
                          CONTENT="emporte"/>
                  <SP HEIGHT="58" WIDTH="19" VPOS="1991" HPOS="1600"/>
                  <String HEIGHT="58"
                          WIDTH="97"
                          VPOS="1991"
                          HPOS="1522"
                          CONTENT="son"/>
               </TextLine>
               <TextLine ID="tl_37"
                         BASELINE="2075"
                         HEIGHT="46"
                         WIDTH="1145"
                         VPOS="2029"
                         HPOS="476">
                  <String HEIGHT="46"
                          WIDTH="184"
                          VPOS="2029"
                          HPOS="456"
                          CONTENT="corps"/>
                  <SP HEIGHT="46" WIDTH="20" VPOS="2029" HPOS="640"/>
                  <String HEIGHT="46"
                          WIDTH="164"
                          VPOS="2029"
                          HPOS="578"
                          CONTENT="dans"/>
                  <SP HEIGHT="46" WIDTH="20" VPOS="2029" HPOS="742"/>
                  <String HEIGHT="46" WIDTH="123" VPOS="2029" HPOS="680" CONTENT="sa"/>
                  <SP HEIGHT="46" WIDTH="20" VPOS="2029" HPOS="803"/>
                  <String HEIGHT="46"
                          WIDTH="225"
                          VPOS="2029"
                          HPOS="742"
                          CONTENT="maison,"/>
                  <SP HEIGHT="46" WIDTH="20" VPOS="2029" HPOS="967"/>
                  <String HEIGHT="46" WIDTH="123" VPOS="2029" HPOS="905" CONTENT="le"/>
                  <SP HEIGHT="46" WIDTH="20" VPOS="2029" HPOS="1028"/>
                  <String HEIGHT="46"
                          WIDTH="184"
                          VPOS="2029"
                          HPOS="967"
                          CONTENT="coupe"/>
                  <SP HEIGHT="46" WIDTH="20" VPOS="2029" HPOS="1151"/>
                  <String HEIGHT="46"
                          WIDTH="123"
                          VPOS="2029"
                          HPOS="1089"
                          CONTENT="en"/>
                  <SP HEIGHT="46" WIDTH="20" VPOS="2029" HPOS="1212"/>
                  <String HEIGHT="46"
                          WIDTH="266"
                          VPOS="2029"
                          HPOS="1151"
                          CONTENT="morceaux,"/>
                  <SP HEIGHT="46" WIDTH="20" VPOS="2029" HPOS="1417"/>
                  <String HEIGHT="46"
                          WIDTH="184"
                          VPOS="2029"
                          HPOS="1355"
                          CONTENT="qu’il"/>
                  <SP HEIGHT="46" WIDTH="20" VPOS="2029" HPOS="1539"/>
                  <String HEIGHT="46"
                          WIDTH="164"
                          VPOS="2029"
                          HPOS="1457"
                          CONTENT="envoie"/>
               </TextLine>
               <TextLine ID="tl_38"
                         BASELINE="2130"
                         HEIGHT="62"
                         WIDTH="1140"
                         VPOS="2068"
                         HPOS="478">
                  <String HEIGHT="62"
                          WIDTH="135"
                          VPOS="2068"
                          HPOS="459"
                          CONTENT="aux"/>
                  <SP HEIGHT="62" WIDTH="19" VPOS="2068" HPOS="594"/>
                  <String HEIGHT="62"
                          WIDTH="174"
                          VPOS="2068"
                          HPOS="536"
                          CONTENT="douze"/>
                  <SP HEIGHT="62" WIDTH="19" VPOS="2068" HPOS="710"/>
                  <String HEIGHT="62"
                          WIDTH="213"
                          VPOS="2068"
                          HPOS="652"
                          CONTENT="tribus."/>
                  <SP HEIGHT="62" WIDTH="19" VPOS="2068" HPOS="864"/>
                  <String HEIGHT="62"
                          WIDTH="155"
                          VPOS="2068"
                          HPOS="806"
                          CONTENT="Tout"/>
                  <SP HEIGHT="62" WIDTH="19" VPOS="2068" HPOS="961"/>
                  <String HEIGHT="62"
                          WIDTH="193"
                          VPOS="2068"
                          HPOS="903"
                          CONTENT="Israël"/>
                  <SP HEIGHT="62" WIDTH="19" VPOS="2068" HPOS="1096"/>
                  <String HEIGHT="62"
                          WIDTH="290"
                          VPOS="2068"
                          HPOS="1038"
                          CONTENT="s’assemble,"/>
                  <SP HEIGHT="62" WIDTH="19" VPOS="2068" HPOS="1328"/>
                  <String HEIGHT="62"
                          WIDTH="116"
                          VPOS="2068"
                          HPOS="1270"
                          CONTENT="le"/>
                  <SP HEIGHT="62" WIDTH="19" VPOS="2068" HPOS="1386"/>
                  <String HEIGHT="62"
                          WIDTH="193"
                          VPOS="2068"
                          HPOS="1328"
                          CONTENT="lévite"/>
                  <SP HEIGHT="62" WIDTH="19" VPOS="2068" HPOS="1521"/>
                  <String HEIGHT="62"
                          WIDTH="174"
                          VPOS="2068"
                          HPOS="1444"
                          CONTENT="demande"/>
               </TextLine>
               <TextLine ID="tl_39"
                         BASELINE="2157"
                         HEIGHT="47"
                         WIDTH="1143"
                         VPOS="2110"
                         HPOS="476">
                  <String HEIGHT="47"
                          WIDTH="291"
                          VPOS="2110"
                          HPOS="455"
                          CONTENT="vengeance,"/>
                  <SP HEIGHT="47" WIDTH="21" VPOS="2110" HPOS="746"/>
                  <String HEIGHT="47" WIDTH="125" VPOS="2110" HPOS="684" CONTENT="et"/>
                  <SP HEIGHT="47" WIDTH="21" VPOS="2110" HPOS="809"/>
                  <String HEIGHT="47"
                          WIDTH="145"
                          VPOS="2110"
                          HPOS="746"
                          CONTENT="une"/>
                  <SP HEIGHT="47" WIDTH="21" VPOS="2110" HPOS="892"/>
                  <String HEIGHT="47"
                          WIDTH="187"
                          VPOS="2110"
                          HPOS="829"
                          CONTENT="armée"/>
                  <SP HEIGHT="47" WIDTH="21" VPOS="2110" HPOS="1016"/>
                  <String HEIGHT="47"
                          WIDTH="208"
                          VPOS="2110"
                          HPOS="954"
                          CONTENT="marche"/>
                  <SP HEIGHT="47" WIDTH="21" VPOS="2110" HPOS="1162"/>
                  <String HEIGHT="47"
                          WIDTH="208"
                          VPOS="2110"
                          HPOS="1099"
                          CONTENT="contre"/>
                  <SP HEIGHT="47" WIDTH="21" VPOS="2110" HPOS="1307"/>
                  <String HEIGHT="47"
                          WIDTH="145"
                          VPOS="2110"
                          HPOS="1245"
                          CONTENT="les"/>
                  <SP HEIGHT="47" WIDTH="21" VPOS="2110" HPOS="1390"/>
                  <String HEIGHT="47"
                          WIDTH="312"
                          VPOS="2110"
                          HPOS="1307"
                          CONTENT="Benjaminites,"/>
               </TextLine>
               <TextLine ID="tl_40"
                         BASELINE="2207"
                         HEIGHT="55"
                         WIDTH="1135"
                         VPOS="2152"
                         HPOS="481">
                  <String HEIGHT="55"
                          WIDTH="215"
                          VPOS="2152"
                          HPOS="461"
                          CONTENT="auteurs"/>
                  <SP HEIGHT="55" WIDTH="20" VPOS="2152" HPOS="677"/>
                  <String HEIGHT="55" WIDTH="117" VPOS="2152" HPOS="618" CONTENT="de"/>
                  <SP HEIGHT="55" WIDTH="20" VPOS="2152" HPOS="735"/>
                  <String HEIGHT="55" WIDTH="117" VPOS="2152" HPOS="677" CONTENT="ce"/>
                  <SP HEIGHT="55" WIDTH="20" VPOS="2152" HPOS="794"/>
                  <String HEIGHT="55"
                          WIDTH="235"
                          VPOS="2152"
                          HPOS="735"
                          CONTENT="forfait."/>
                  <SP HEIGHT="55" WIDTH="20" VPOS="2152" HPOS="970"/>
                  <String HEIGHT="55"
                          WIDTH="137"
                          VPOS="2152"
                          HPOS="912"
                          CONTENT="Ils"/>
                  <SP HEIGHT="55" WIDTH="20" VPOS="2152" HPOS="1049"/>
                  <String HEIGHT="55"
                          WIDTH="157"
                          VPOS="2152"
                          HPOS="990"
                          CONTENT="sont"/>
                  <SP HEIGHT="55" WIDTH="20" VPOS="2152" HPOS="1146"/>
                  <String HEIGHT="55"
                          WIDTH="235"
                          VPOS="2152"
                          HPOS="1088"
                          CONTENT="vaincus;"/>
                  <SP HEIGHT="55" WIDTH="20" VPOS="2152" HPOS="1322"/>
                  <String HEIGHT="55"
                          WIDTH="117"
                          VPOS="2152"
                          HPOS="1264"
                          CONTENT="la"/>
                  <SP HEIGHT="55" WIDTH="20" VPOS="2152" HPOS="1381"/>
                  <String HEIGHT="55"
                          WIDTH="176"
                          VPOS="2152"
                          HPOS="1322"
                          CONTENT="ville"/>
                  <SP HEIGHT="55" WIDTH="20" VPOS="2152" HPOS="1499"/>
                  <String HEIGHT="55"
                          WIDTH="117"
                          VPOS="2152"
                          HPOS="1440"
                          CONTENT="de"/>
                  <SP HEIGHT="55" WIDTH="20" VPOS="2152" HPOS="1557"/>
                  <String HEIGHT="55"
                          WIDTH="137"
                          VPOS="2152"
                          HPOS="1479"
                          CONTENT="Gabaa"/>
               </TextLine>
               <TextLine ID="tl_41"
                         BASELINE="2250"
                         HEIGHT="57"
                         WIDTH="1142"
                         VPOS="2193"
                         HPOS="480">
                  <String HEIGHT="57"
                          WIDTH="217"
                          VPOS="2193"
                          HPOS="460"
                          CONTENT="devient"/>
                  <SP HEIGHT="57" WIDTH="20" VPOS="2193" HPOS="677"/>
                  <String HEIGHT="57" WIDTH="118" VPOS="2193" HPOS="618" CONTENT="la"/>
                  <SP HEIGHT="57" WIDTH="20" VPOS="2193" HPOS="736"/>
                  <String HEIGHT="57"
                          WIDTH="177"
                          VPOS="2193"
                          HPOS="677"
                          CONTENT="proie"/>
                  <SP HEIGHT="57" WIDTH="20" VPOS="2193" HPOS="854"/>
                  <String HEIGHT="57"
                          WIDTH="138"
                          VPOS="2193"
                          HPOS="795"
                          CONTENT="des"/>
                  <SP HEIGHT="57" WIDTH="20" VPOS="2193" HPOS="933"/>
                  <String HEIGHT="57"
                          WIDTH="217"
                          VPOS="2193"
                          HPOS="874"
                          CONTENT="flammes"/>
                  <SP HEIGHT="57" WIDTH="20" VPOS="2193" HPOS="1090"/>
                  <String HEIGHT="57"
                          WIDTH="118"
                          VPOS="2193"
                          HPOS="1031"
                          CONTENT="et"/>
                  <SP HEIGHT="57" WIDTH="20" VPOS="2193" HPOS="1149"/>
                  <String HEIGHT="57"
                          WIDTH="118"
                          VPOS="2193"
                          HPOS="1090"
                          CONTENT="la"/>
                  <SP HEIGHT="57" WIDTH="20" VPOS="2193" HPOS="1209"/>
                  <String HEIGHT="57"
                          WIDTH="177"
                          VPOS="2193"
                          HPOS="1149"
                          CONTENT="tribu"/>
                  <SP HEIGHT="57" WIDTH="20" VPOS="2193" HPOS="1327"/>
                  <String HEIGHT="57"
                          WIDTH="118"
                          VPOS="2193"
                          HPOS="1268"
                          CONTENT="de"/>
                  <SP HEIGHT="57" WIDTH="20" VPOS="2193" HPOS="1386"/>
                  <String HEIGHT="57"
                          WIDTH="236"
                          VPOS="2193"
                          HPOS="1327"
                          CONTENT="Benjamin"/>
                  <SP HEIGHT="57" WIDTH="20" VPOS="2193" HPOS="1563"/>
                  <String HEIGHT="57"
                          WIDTH="138"
                          VPOS="2193"
                          HPOS="1484"
                          CONTENT="périt"/>
               </TextLine>
               <TextLine ID="tl_42"
                         BASELINE="2292"
                         HEIGHT="59"
                         WIDTH="383"
                         VPOS="2233"
                         HPOS="475">
                  <String HEIGHT="59"
                          WIDTH="146"
                          VPOS="2233"
                          HPOS="457"
                          CONTENT="sous"/>
                  <SP HEIGHT="59" WIDTH="18" VPOS="2233" HPOS="603"/>
                  <String HEIGHT="59"
                          WIDTH="182"
                          VPOS="2233"
                          HPOS="548"
                          CONTENT="l’épée"/>
                  <SP HEIGHT="59" WIDTH="18" VPOS="2233" HPOS="730"/>
                  <String HEIGHT="59"
                          WIDTH="201"
                          VPOS="2233"
                          HPOS="657"
                          CONTENT="d’Israël."/>
               </TextLine>
            </TextBlock>
            <TextBlock ID="r_3_7" HEIGHT="167" WIDTH="1129" VPOS="2280" HPOS="480">
               <Shape>
                  <Polygon POINTS="480,2280 1609,2280 1609,2447 480,2447"/>
               </Shape>
               <TextLine ID="tl_43"
                         BASELINE="2334"
                         HEIGHT="68"
                         WIDTH="1097"
                         VPOS="2266"
                         HPOS="518">
                  <String HEIGHT="68" WIDTH="120" VPOS="2266" HPOS="498" CONTENT="Le"/>
                  <SP HEIGHT="68" WIDTH="20" VPOS="2266" HPOS="618"/>
                  <String HEIGHT="68"
                          WIDTH="219"
                          VPOS="2266"
                          HPOS="558"
                          CONTENT="peintre"/>
                  <SP HEIGHT="68" WIDTH="20" VPOS="2266" HPOS="777"/>
                  <String HEIGHT="68" WIDTH="100" VPOS="2266" HPOS="717" CONTENT="a"/>
                  <SP HEIGHT="68" WIDTH="20" VPOS="2266" HPOS="817"/>
                  <String HEIGHT="68"
                          WIDTH="199"
                          VPOS="2266"
                          HPOS="757"
                          CONTENT="choisi"/>
                  <SP HEIGHT="68" WIDTH="20" VPOS="2266" HPOS="957"/>
                  <String HEIGHT="68" WIDTH="120" VPOS="2266" HPOS="897" CONTENT="le"/>
                  <SP HEIGHT="68" WIDTH="20" VPOS="2266" HPOS="1017"/>
                  <String HEIGHT="68"
                          WIDTH="199"
                          VPOS="2266"
                          HPOS="957"
                          CONTENT="moment"/>
                  <SP HEIGHT="68" WIDTH="20" VPOS="2266" HPOS="1156"/>
                  <String HEIGHT="68"
                          WIDTH="120"
                          VPOS="2266"
                          HPOS="1096"
                          CONTENT="où"/>
                  <SP HEIGHT="68" WIDTH="20" VPOS="2266" HPOS="1216"/>
                  <String HEIGHT="68"
                          WIDTH="120"
                          VPOS="2266"
                          HPOS="1156"
                          CONTENT="le"/>
                  <SP HEIGHT="68" WIDTH="20" VPOS="2266" HPOS="1276"/>
                  <String HEIGHT="68"
                          WIDTH="199"
                          VPOS="2266"
                          HPOS="1216"
                          CONTENT="lévite"/>
                  <SP HEIGHT="68" WIDTH="20" VPOS="2266" HPOS="1416"/>
                  <String HEIGHT="68"
                          WIDTH="239"
                          VPOS="2266"
                          HPOS="1356"
                          CONTENT="retrouve"/>
                  <SP HEIGHT="68" WIDTH="20" VPOS="2266" HPOS="1595"/>
                  <String HEIGHT="68"
                          WIDTH="100"
                          VPOS="2266"
                          HPOS="1515"
                          CONTENT="son"/>
               </TextLine>
               <TextLine ID="tl_44"
                         BASELINE="2374"
                         HEIGHT="56"
                         WIDTH="1141"
                         VPOS="2318"
                         HPOS="475">
                  <String HEIGHT="56"
                          WIDTH="193"
                          VPOS="2318"
                          HPOS="456"
                          CONTENT="épouse"/>
                  <SP HEIGHT="56" WIDTH="19" VPOS="2318" HPOS="649"/>
                  <String HEIGHT="56"
                          WIDTH="271"
                          VPOS="2318"
                          HPOS="591"
                          CONTENT="expirante;"/>
                  <SP HEIGHT="56" WIDTH="19" VPOS="2318" HPOS="862"/>
                  <String HEIGHT="56" WIDTH="116" VPOS="2318" HPOS="804" CONTENT="le"/>
                  <SP HEIGHT="56" WIDTH="19" VPOS="2318" HPOS="920"/>
                  <String HEIGHT="56"
                          WIDTH="155"
                          VPOS="2318"
                          HPOS="862"
                          CONTENT="jour"/>
                  <SP HEIGHT="56" WIDTH="19" VPOS="2318" HPOS="1016"/>
                  <String HEIGHT="56"
                          WIDTH="232"
                          VPOS="2318"
                          HPOS="958"
                          CONTENT="commence"/>
                  <SP HEIGHT="56" WIDTH="19" VPOS="2318" HPOS="1191"/>
                  <String HEIGHT="56" WIDTH="97" VPOS="2318" HPOS="1133" CONTENT="à"/>
                  <SP HEIGHT="56" WIDTH="19" VPOS="2318" HPOS="1229"/>
                  <String HEIGHT="56"
                          WIDTH="251"
                          VPOS="2318"
                          HPOS="1171"
                          CONTENT="paraître;"/>
                  <SP HEIGHT="56" WIDTH="19" VPOS="2318" HPOS="1423"/>
                  <String HEIGHT="56"
                          WIDTH="116"
                          VPOS="2318"
                          HPOS="1365"
                          CONTENT="on"/>
                  <SP HEIGHT="56" WIDTH="19" VPOS="2318" HPOS="1481"/>
                  <String HEIGHT="56"
                          WIDTH="213"
                          VPOS="2318"
                          HPOS="1403"
                          CONTENT="aperçoit,"/>
               </TextLine>
               <TextLine ID="tl_45"
                         BASELINE="2426"
                         HEIGHT="59"
                         WIDTH="1138"
                         VPOS="2367"
                         HPOS="476">
                  <String HEIGHT="59"
                          WIDTH="157"
                          VPOS="2367"
                          HPOS="456"
                          CONTENT="dans"/>
                  <SP HEIGHT="59" WIDTH="20" VPOS="2367" HPOS="613"/>
                  <String HEIGHT="59" WIDTH="118" VPOS="2367" HPOS="554" CONTENT="le"/>
                  <SP HEIGHT="59" WIDTH="20" VPOS="2367" HPOS="672"/>
                  <String HEIGHT="59"
                          WIDTH="157"
                          VPOS="2367"
                          HPOS="613"
                          CONTENT="fond"/>
                  <SP HEIGHT="59" WIDTH="20" VPOS="2367" HPOS="770"/>
                  <String HEIGHT="59" WIDTH="118" VPOS="2367" HPOS="711" CONTENT="du"/>
                  <SP HEIGHT="59" WIDTH="20" VPOS="2367" HPOS="829"/>
                  <String HEIGHT="59"
                          WIDTH="235"
                          VPOS="2367"
                          HPOS="770"
                          CONTENT="tableau,"/>
                  <SP HEIGHT="59" WIDTH="20" VPOS="2367" HPOS="1006"/>
                  <String HEIGHT="59"
                          WIDTH="137"
                          VPOS="2367"
                          HPOS="947"
                          CONTENT="les"/>
                  <SP HEIGHT="59" WIDTH="20" VPOS="2367" HPOS="1084"/>
                  <String HEIGHT="59"
                          WIDTH="255"
                          VPOS="2367"
                          HPOS="1025"
                          CONTENT="coupables"/>
                  <SP HEIGHT="59" WIDTH="20" VPOS="2367" HPOS="1280"/>
                  <String HEIGHT="59"
                          WIDTH="314"
                          VPOS="2367"
                          HPOS="1222"
                          CONTENT="Benjaminites"/>
                  <SP HEIGHT="59" WIDTH="20" VPOS="2367" HPOS="1536"/>
                  <String HEIGHT="59"
                          WIDTH="137"
                          VPOS="2367"
                          HPOS="1477"
                          CONTENT="qui"/>
                  <SP HEIGHT="59" WIDTH="20" VPOS="2367" HPOS="1614"/>
                  <String HEIGHT="59" WIDTH="78" VPOS="2367" HPOS="1536" CONTENT="se"/>
               </TextLine>
               <TextLine ID="tl_46"
                         BASELINE="2461"
                         HEIGHT="58"
                         WIDTH="167"
                         VPOS="2403"
                         HPOS="472">
                  <String HEIGHT="58"
                          WIDTH="204"
                          VPOS="2403"
                          HPOS="435"
                          CONTENT="retirent."/>
               </TextLine>
            </TextBlock>
            <TextBlock ID="r_3_8" HEIGHT="73" WIDTH="1076" VPOS="2458" HPOS="533">
               <Shape>
                  <Polygon POINTS="533,2458 1609,2458 1609,2531 533,2531"/>
               </Shape>
               <TextLine ID="tl_47"
                         BASELINE="2506"
                         HEIGHT="52"
                         WIDTH="1055"
                         VPOS="2454"
                         HPOS="561">
                  <String HEIGHT="52" WIDTH="107" VPOS="2454" HPOS="543" CONTENT="Ce"/>
                  <SP HEIGHT="52" WIDTH="18" VPOS="2454" HPOS="650"/>
                  <String HEIGHT="52"
                          WIDTH="215"
                          VPOS="2454"
                          HPOS="597"
                          CONTENT="tableau,"/>
                  <SP HEIGHT="52" WIDTH="18" VPOS="2454" HPOS="811"/>
                  <String HEIGHT="52"
                          WIDTH="179"
                          VPOS="2454"
                          HPOS="758"
                          CONTENT="exposé"/>
                  <SP HEIGHT="52" WIDTH="18" VPOS="2454" HPOS="937"/>
                  <String HEIGHT="52" WIDTH="107" VPOS="2454" HPOS="883" CONTENT="au"/>
                  <SP HEIGHT="52" WIDTH="18" VPOS="2454" HPOS="990"/>
                  <String HEIGHT="52"
                          WIDTH="161"
                          VPOS="2454"
                          HPOS="937"
                          CONTENT="salon"/>
                  <SP HEIGHT="52" WIDTH="18" VPOS="2454" HPOS="1097"/>
                  <String HEIGHT="52"
                          WIDTH="107"
                          VPOS="2454"
                          HPOS="1044"
                          CONTENT="de"/>
                  <SP HEIGHT="52" WIDTH="18" VPOS="2454" HPOS="1151"/>
                  <String HEIGHT="52"
                          WIDTH="161"
                          VPOS="2454"
                          HPOS="1097"
                          CONTENT="1817,"/>
                  <SP HEIGHT="52" WIDTH="18" VPOS="2454" HPOS="1258"/>
                  <String HEIGHT="52" WIDTH="89" VPOS="2454" HPOS="1205" CONTENT="a"/>
                  <SP HEIGHT="52" WIDTH="18" VPOS="2454" HPOS="1294"/>
                  <String HEIGHT="52"
                          WIDTH="197"
                          VPOS="2454"
                          HPOS="1240"
                          CONTENT="partagé"/>
                  <SP HEIGHT="52" WIDTH="18" VPOS="2454" HPOS="1437"/>
                  <String HEIGHT="52"
                          WIDTH="107"
                          VPOS="2454"
                          HPOS="1384"
                          CONTENT="le"/>
                  <SP HEIGHT="52" WIDTH="18" VPOS="2454" HPOS="1491"/>
                  <String HEIGHT="52"
                          WIDTH="143"
                          VPOS="2454"
                          HPOS="1437"
                          CONTENT="prix"/>
                  <SP HEIGHT="52" WIDTH="18" VPOS="2454" HPOS="1580"/>
                  <String HEIGHT="52"
                          WIDTH="107"
                          VPOS="2454"
                          HPOS="1509"
                          CONTENT="avec"/>
               </TextLine>
               <TextLine ID="tl_48"
                         BASELINE="2553"
                         HEIGHT="66"
                         WIDTH="649"
                         VPOS="2487"
                         HPOS="525">
                  <String HEIGHT="66" WIDTH="105" VPOS="2487" HPOS="507" CONTENT="le"/>
                  <SP HEIGHT="66" WIDTH="18" VPOS="2487" HPOS="613"/>
                  <String HEIGHT="66"
                          WIDTH="158"
                          VPOS="2487"
                          HPOS="560"
                          CONTENT="saint"/>
                  <SP HEIGHT="66" WIDTH="18" VPOS="2487" HPOS="718"/>
                  <String HEIGHT="66"
                          WIDTH="193"
                          VPOS="2487"
                          HPOS="665"
                          CONTENT="Etienne"/>
                  <SP HEIGHT="66" WIDTH="18" VPOS="2487" HPOS="858"/>
                  <String HEIGHT="66" WIDTH="105" VPOS="2487" HPOS="806" CONTENT="de"/>
                  <SP HEIGHT="66" WIDTH="18" VPOS="2487" HPOS="911"/>
                  <String HEIGHT="66" WIDTH="105" VPOS="2487" HPOS="858" CONTENT="M."/>
                  <SP HEIGHT="66" WIDTH="18" VPOS="2487" HPOS="964"/>
                  <String HEIGHT="66"
                          WIDTH="140"
                          VPOS="2487"
                          HPOS="911"
                          CONTENT="Abel"/>
                  <SP HEIGHT="66" WIDTH="18" VPOS="2487" HPOS="1051"/>
                  <String HEIGHT="66" WIDTH="105" VPOS="2487" HPOS="999" CONTENT="de"/>
                  <SP HEIGHT="66" WIDTH="18" VPOS="2487" HPOS="1104"/>
                  <String HEIGHT="66"
                          WIDTH="140"
                          VPOS="2487"
                          HPOS="1034"
                          CONTENT="Pujol."/>
               </TextLine>
            </TextBlock>
            <TextBlock ID="r_3_9" HEIGHT="39" WIDTH="764" VPOS="2543" HPOS="569">
               <Shape>
                  <Polygon POINTS="569,2543 1333,2543 1333,2582 569,2582"/>
               </Shape>
               <TextLine ID="tl_49"
                         BASELINE="2607"
                         HEIGHT="81"
                         WIDTH="777"
                         VPOS="2526"
                         HPOS="562">
                  <String HEIGHT="81" WIDTH="101" VPOS="2526" HPOS="545" CONTENT="H."/>
                  <SP HEIGHT="81" WIDTH="17" VPOS="2526" HPOS="646"/>
                  <String HEIGHT="81" WIDTH="101" VPOS="2526" HPOS="596" CONTENT="3,"/>
                  <SP HEIGHT="81" WIDTH="17" VPOS="2526" HPOS="697"/>
                  <String HEIGHT="81"
                          WIDTH="118"
                          VPOS="2526"
                          HPOS="646"
                          CONTENT="60."/>
                  <SP HEIGHT="81" WIDTH="17" VPOS="2526" HPOS="765"/>
                  <String HEIGHT="81" WIDTH="84" VPOS="2526" HPOS="714" CONTENT="—"/>
                  <SP HEIGHT="81" WIDTH="17" VPOS="2526" HPOS="798"/>
                  <String HEIGHT="81" WIDTH="101" VPOS="2526" HPOS="748" CONTENT="L."/>
                  <SP HEIGHT="81" WIDTH="17" VPOS="2526" HPOS="849"/>
                  <String HEIGHT="81" WIDTH="101" VPOS="2526" HPOS="798" CONTENT="2,"/>
                  <SP HEIGHT="81" WIDTH="17" VPOS="2526" HPOS="900"/>
                  <String HEIGHT="81"
                          WIDTH="118"
                          VPOS="2526"
                          HPOS="849"
                          CONTENT="95."/>
                  <SP HEIGHT="81" WIDTH="17" VPOS="2526" HPOS="967"/>
                  <String HEIGHT="81" WIDTH="84" VPOS="2526" HPOS="917" CONTENT="—"/>
                  <SP HEIGHT="81" WIDTH="17" VPOS="2526" HPOS="1001"/>
                  <String HEIGHT="81"
                          WIDTH="135"
                          VPOS="2526"
                          HPOS="951"
                          CONTENT="Fig."/>
                  <SP HEIGHT="81" WIDTH="17" VPOS="2526" HPOS="1086"/>
                  <String HEIGHT="81"
                          WIDTH="135"
                          VPOS="2526"
                          HPOS="1035"
                          CONTENT="plus"/>
                  <SP HEIGHT="81" WIDTH="17" VPOS="2526" HPOS="1170"/>
                  <String HEIGHT="81"
                          WIDTH="118"
                          VPOS="2526"
                          HPOS="1119"
                          CONTENT="gr."/>
                  <SP HEIGHT="81" WIDTH="17" VPOS="2526" HPOS="1238"/>
                  <String HEIGHT="81"
                          WIDTH="118"
                          VPOS="2526"
                          HPOS="1187"
                          CONTENT="que"/>
                  <SP HEIGHT="81" WIDTH="17" VPOS="2526" HPOS="1305"/>
                  <String HEIGHT="81"
                          WIDTH="101"
                          VPOS="2526"
                          HPOS="1238"
                          CONTENT="nat."/>
               </TextLine>
            </TextBlock>
            <GraphicalElement ID="r_4" HEIGHT="5" WIDTH="158" VPOS="44" HPOS="85"/>
            <GraphicalElement ID="r_5" HEIGHT="381" WIDTH="15" VPOS="2283" HPOS="24"/>
            <GraphicalElement ID="r_6" HEIGHT="132" WIDTH="4" VPOS="2058" HPOS="27"/>
            <GraphicalElement ID="r_7" HEIGHT="802" WIDTH="19" VPOS="59" HPOS="35"/>
            <GraphicalElement ID="r_8" HEIGHT="82" WIDTH="5" VPOS="2854" HPOS="30"/>
         </PrintSpace>
      </Page>
   </Layout>
</alto>
