2880.314960629921 4940.157480314961
1017.3228346456693 516.5354330708661 456.6929133858268 107.08661417322834 PEINTURE.

2088.1889763779527 508.66141732283467 211.0236220472441 129.13385826771653 11

275.59055118110234 669.2913385826772 299.21259842519686 105.51181102362204 COURT
475.59055118110234 669.2913385826772 664.5669291338583 105.51181102362204 (JOSEPH-DÉSIRÉ),
1040.9448818897638 669.2913385826772 299.21259842519686 105.51181102362204 né
1239.3700787401574 669.2913385826772 166.9291338582677 105.51181102362204 à
1307.0866141732283 669.2913385826772 299.21259842519686 105.51181102362204 Rouen
1472.4409448818897 669.2913385826772 831.496062992126 105.51181102362204 (Seine

360.62992125984255 779.5275590551181 338.5826771653543 78.74015748031496 élève
615.7480314960629 779.5275590551181 170.07874015748033 78.74015748031496 de
699.2125984251968 779.5275590551181 253.54330708661416 78.74015748031496 Gros,
869.2913385826772 779.5275590551181 253.54330708661416 78.74015748031496 grand
1039.3700787401574 779.5275590551181 226.77165354330708 78.74015748031496 prix
1179.5275590551182 779.5275590551181 170.07874015748033 78.74015748031496 de
1264.5669291338584 779.5275590551181 226.77165354330708 78.74015748031496 Rome
1406.2992125984251 779.5275590551181 281.8897637795276 78.74015748031496 en
1603.1496062992126 779.5275590551181 253.54330708661416 78.74015748031496 1821,
1744.8818897637796 779.5275590551181 565.3543307086615 78.74015748031496 chevalie</r

359.0551181102362 834.6456692913385 262.99212598425197 102.36220472440945 de
535.4330708661417 834.6456692913385 174.8031496062992 102.36220472440945 la
622.0472440944882 834.6456692913385 584.2519685039371 102.36220472440945 Légion-d’Honneur
1119.6850393700788 834.6456692913385 292.9133858267717 102.36220472440945 en
1324.4094488188975 834.6456692913385 262.99212598425197 102.36220472440945 1838;
1499.2125984251968 834.6456692913385 321.25984251968504 102.36220472440945 mort
1733.8582677165355 834.6456692913385 292.9133858267717 102.36220472440945 en
1908.6614173228347 834.6456692913385 204.7244094488189 102.36220472440945 1865.

262.99212598425197 955.9055118110236 261.4173228346457 107.08661417322834 42.
412.59842519685037 955.9055118110236 225.1968503937008 107.08661417322834 La
525.9842519685039 955.9055118110236 299.21259842519686 107.08661417322834 mort
711.8110236220473 955.9055118110236 225.1968503937008 107.08661417322834 de
787.4015748031496 955.9055118110236 299.21259842519686 107.08661417322834 César.

530.7086614173228 1055.1181102362204 508.66141732283467 114.96062992125984 Marc-Antoine
944.8818897637796 1055.1181102362204 255.11811023622047 114.96062992125984 fait
1103.9370078740158 1055.1181102362204 382.6771653543307 114.96062992125984 apporter
1390.5511811023623 1055.1181102362204 223.6220472440945 114.96062992125984 sur
1518.1102362204724 1055.1181102362204 190.5511811023622 114.96062992125984 la
1612.5984251968505 1055.1181102362204 349.6062992125984 114.96062992125984 tribune
1867.716535433071 1055.1181102362204 223.6220472440945 114.96062992125984 aux
1963.7795275590552 1055.1181102362204 349.6062992125984 114.96062992125984 harangues

470.86614173228344 1154.3307086614172 174.8031496062992 78.74015748031496 le
557.4803149606299 1154.3307086614172 262.99212598425197 78.74015748031496 corps
732.2834645669292 1154.3307086614172 174.8031496062992 78.74015748031496 de
820.4724409448819 1154.3307086614172 262.99212598425197 78.74015748031496 César
995.2755905511812 1154.3307086614172 379.5275590551181 78.74015748031496 assassiné
1286.6141732283465 1154.3307086614172 233.0708661417323 78.74015748031496 dans
1431.4960629921259 1154.3307086614172 174.8031496062992 78.74015748031496 le
1519.6850393700788 1154.3307086614172 291.33858267716533 78.74015748031496 Sénat,
1722.8346456692914 1154.3307086614172 174.8031496062992 78.74015748031496 et
1811.023622047244 1154.3307086614172 291.33858267716533 78.74015748031496 excite
2014.1732283464567 1154.3307086614172 174.8031496062992 78.74015748031496 le
2072.4409448818897 1154.3307086614172 233.0708661417323 78.74015748031496 peuple

466.1417322834646 1220.4724409448818 329.13385826771656 75.59055118110236 romain
696.0629921259842 1220.4724409448818 329.13385826771656 75.59055118110236 contre
925.9842519685039 1220.4724409448818 229.92125984251967 75.59055118110236 les
1058.267716535433 1220.4724409448818 459.84251968503935 75.59055118110236 meurtriers
1418.8976377952756 1220.4724409448818 196.8503937007874 75.59055118110236 en
1518.1102362204724 1220.4724409448818 229.92125984251967 75.59055118110236 lui
1650.3937007874015 1220.4724409448818 393.7007874015748 75.59055118110236 montrant
1944.8818897637796 1220.4724409448818 196.8503937007874 75.59055118110236 la
2011.023622047244 1220.4724409448818 296.06299212598424 75.59055118110236 tunique

464.56692913385825 1286.6141732283465 533.8582677165355 77.16535433070867 ensanglantée
897.6377952755905 1286.6141732283465 200.0 77.16535433070867 du
998.4251968503937 1286.6141732283465 467.7165354330709 77.16535433070867 dictateur.
1365.3543307086613 1286.6141732283465 200.0 77.16535433070867 On
1464.5669291338584 1286.6141732283465 433.07086614173227 77.16535433070867 remarque,
1798.4251968503936 1286.6141732283465 233.0708661417323 77.16535433070867 sur
1932.283464566929 1286.6141732283465 200.0 77.16535433070867 le
1998.4251968503936 1286.6141732283465 300.78740157480314 77.16535433070867 devant,

467.7165354330709 1352.755905511811 303.93700787401576 110.23622047244095 Brutus
680.3149606299213 1352.755905511811 182.6771653543307 110.23622047244095 et
740.1574803149606 1352.755905511811 303.93700787401576 110.23622047244095 Cassius.

609.4488188976378 1425.1968503937007 159.0551181102362 154.33070866141733 H.
689.7637795275591 1425.1968503937007 159.0551181102362 154.33070866141733 4,
768.503937007874 1425.1968503937007 184.251968503937 154.33070866141733 30.
874.0157480314961 1425.1968503937007 132.28346456692913 154.33070866141733 —
927.5590551181102 1425.1968503937007 159.0551181102362 154.33070866141733 L.
1006.2992125984252 1425.1968503937007 159.0551181102362 154.33070866141733 5,
1085.0393700787401 1425.1968503937007 184.251968503937 154.33070866141733 22.
1190.5511811023623 1425.1968503937007 132.28346456692913 154.33070866141733 —
1244.0944881889764 1425.1968503937007 211.0236220472441 154.33070866141733 Fig.
1376.3779527559054 1425.1968503937007 211.0236220472441 154.33070866141733 plus
1508.6614173228347 1425.1968503937007 184.251968503937 154.33070866141733 gr.
1614.1732283464567 1425.1968503937007 184.251968503937 154.33070866141733 que
1692.9133858267717 1425.1968503937007 159.0551181102362 154.33070866141733 nat.

1696.0629921259842 1533.8582677165355 332.2834645669291 116.53543307086615 .(Salon
1937.007874015748 1533.8582677165355 181.10236220472441 116.53543307086615 de
1998.4251968503936 1533.8582677165355 240.9448818897638 116.53543307086615 1827.)

269.29133858267716 1686.6141732283465 379.5275590551181 121.25984251968504 COUTURE
544.8818897637796 1686.6141732283465 448.81889763779526 121.25984251968504 (THOMAS),
889.7637795275591 1686.6141732283465 310.23622047244095 121.25984251968504 né
1097.6377952755906 1686.6141732283465 171.6535433070866 121.25984251968504 à
1165.3543307086613 1686.6141732283465 344.88188976377955 121.25984251968504 Senlis
1407.8740157480315 1686.6141732283465 379.5275590551181 121.25984251968504 (Oise),
1683.4645669291338 1686.6141732283465 310.23622047244095 121.25984251968504 élève
1889.763779527559 1686.6141732283465 206.29921259842519 121.25984251968504 de
1993.7007874015749 1686.6141732283465 275.59055118110234 121.25984251968504 Gros
2132.283464566929 1686.6141732283465 171.6535433070866 121.25984251968504 et>

351.18110236220474 1811.023622047244 292.9133858267717 86.61417322834646 de
546.4566929133858 1811.023622047244 195.2755905511811 86.61417322834646 P.
644.0944881889764 1811.023622047244 455.11811023622045 86.61417322834646 Delaroche,
1003.1496062992126 1811.023622047244 423.62204724409446 86.61417322834646 chevalier
1327.5590551181103 1811.023622047244 195.2755905511811 86.61417322834646 de
1425.1968503937007 1811.023622047244 195.2755905511811 86.61417322834646 la
1522.8346456692914 1811.023622047244 650.3937007874016 86.61417322834646 Légion-d’Honneur
2044.0944881889764 1811.023622047244 259.84251968503935 86.61417322834646 en

303.93700787401576 1892.9133858267717 292.9133858267717 114.96062992125984 1848.

261.4173228346457 1996.8503937007874 250.39370078740157 151.1811023622047 43.
404.7244094488189 1996.8503937007874 250.39370078740157 151.1811023622047 Les
548.0314960629921 1996.8503937007874 393.7007874015748 151.1811023622047 Romains
834.6456692913385 1996.8503937007874 214.17322834645668 151.1811023622047 de
941.7322834645669 1996.8503937007874 214.17322834645668 151.1811023622047 la
1012.5984251968504 1996.8503937007874 429.9212598425197 151.1811023622047 décadence.

472.4409448818898 2121.259842519685 529.1338582677165 102.36220472440945 «.
737.007874015748 2121.259842519685 880.3149606299213 102.36220472440945 Sævior
1266.1417322834645 2121.259842519685 705.511811023622 102.36220472440945 armis,

530.7086614173228 2211.0236220472443 392.12598425196853 81.88976377952756 «Luxuria
825.1968503937007 2211.0236220472443 425.1968503937008 81.88976377952756 incubuit,
1152.755905511811 2211.0236220472443 425.1968503937008 81.88976377952756 victumque
1478.740157480315 2211.0236220472443 458.26771653543307 81.88976377952756 ulciscitur
1806.2992125984251 2211.0236220472443 294.48818897637796 81.88976377952756 orbem.»

1206.2992125984251 2275.5905511811025 415.748031496063 137.00787401574803 (JUVÉNAL,
1525.984251968504 2275.5905511811025 319.68503937007875 137.00787401574803 satire
1718.1102362204724 2275.5905511811025 192.1259842519685 137.00787401574803 VI.)

511.81102362204723 2406.299212598425 533.8582677165355 94.48818897637796 «..Plus
900.7874015748032 2406.299212598425 437.79527559055117 94.48818897637796 cruel
1192.1259842519685 2406.299212598425 340.15748031496065 94.48818897637796 que
1385.8267716535433 2406.299212598425 291.33858267716533 94.48818897637796 la
1532.283464566929 2406.299212598425 533.8582677165355 94.48818897637796 guerre,
1919.6850393700788 2406.299212598425 291.33858267716533 94.48818897637796 le
2017.3228346456692 2406.299212598425 291.33858267716533 94.48818897637796 vice

462.99212598425197 2444.0944881889764 288.18897637795277 125.98425196850394 s’est
655.1181102362204 2444.0944881889764 319.68503937007875 125.98425196850394 abattu
878.7401574803149 2444.0944881889764 223.6220472440945 125.98425196850394 sur
1006.2992125984252 2444.0944881889764 288.18897637795277 125.98425196850394 Rome,
1198.4251968503936 2444.0944881889764 192.1259842519685 125.98425196850394 et
1294.4881889763778 2444.0944881889764 288.18897637795277 125.98425196850394 venge
1486.6141732283465 2444.0944881889764 415.748031496063 125.98425196850394 l’univers
1774.8031496062993 2444.0944881889764 319.68503937007875 125.98425196850394 vaincu.»

607.8740157480315 2552.755905511811 160.62992125984252 110.23622047244095 H.
688.1889763779527 2552.755905511811 160.62992125984252 110.23622047244095 4,
768.503937007874 2552.755905511811 185.82677165354332 110.23622047244095 60.
874.0157480314961 2552.755905511811 133.85826771653544 110.23622047244095 —
927.5590551181102 2552.755905511811 160.62992125984252 110.23622047244095 L.
1007.8740157480315 2552.755905511811 160.62992125984252 110.23622047244095 7,
1088.1889763779527 2552.755905511811 185.82677165354332 110.23622047244095 70.
1193.7007874015749 2552.755905511811 133.85826771653544 110.23622047244095 —
1247.244094488189 2552.755905511811 212.5984251968504 110.23622047244095 Fig.
1381.1023622047244 2552.755905511811 185.82677165354332 110.23622047244095 gr.
1459.8425196850394 2552.755905511811 160.62992125984252 110.23622047244095 nat.

1735.4330708661416 2656.6929133858266 297.6377952755906 144.88188976377953 (Salon
1944.8818897637796 2656.6929133858266 179.5275590551181 144.88188976377953 de
2004.724409448819 2656.6929133858266 239.37007874015748 144.88188976377953 1847.)

267.7165354330709 2800.0 329.13385826771656 129.13385826771653 CURZON
497.6377952755906 2800.0 525.9842519685039 129.13385826771653 (PAUL-ALFRED
924.4094488188977 2800.0 262.99212598425197 129.13385826771653 DE),
1088.1889763779527 2800.0 296.06299212598424 129.13385826771653 né
1286.6141732283465 2800.0 163.7795275590551 129.13385826771653 à
1351.1811023622047 2800.0 393.7007874015748 129.13385826771653 Poitiers
1647.244094488189 2800.0 426.7716535433071 129.13385826771653 (Vienne),
1943.3070866141732 2800.0 360.62992125984255 129.13385826771653 élève

357.4803149606299 2907.0866141732286 256.6929133858268 118.11023622047244 de
527.5590551181102 2907.0866141732286 370.0787401574803 118.11023622047244 <Drolling
812.5984251968504 2907.0866141732286 170.07874015748033 118.11023622047244 et
897.6377952755905 2907.0866141732286 170.07874015748033 118.11023622047244 de
982.6771653543307 2907.0866141732286 170.07874015748033 118.11023622047244 M.
1039.3700787401574 2907.0866141732286 341.73228346456693 118.11023622047244 Cabat

274.01574803149606 3022.047244094488 245.66929133858267 110.23622047244095 44.
414.1732283464567 3022.047244094488 316.53543307086613 110.23622047244095 Dante
625.1968503937007 3022.047244094488 211.0236220472441 110.23622047244095 et
730.7086614173228 3022.047244094488 422.0472440944882 110.23622047244095 Virgile,
1045.6692913385828 3022.047244094488 245.66929133858267 110.23622047244095 sur
1185.8267716535433 3022.047244094488 211.0236220472441 110.23622047244095 le
1291.3385826771653 3022.047244094488 351.18110236220474 110.23622047244095 rivage
1537.007874015748 3022.047244094488 211.0236220472441 110.23622047244095 du
1642.5196850393702 3022.047244094488 525.9842519685039 110.23622047244095 Purgatoire,
2029.9212598425197 3022.047244094488 280.31496062992125 110.23622047244095 voient

423.62204724409446 3103.9370078740158 308.66141732283467 91.33858267716535 venir
629.9212598425197 3103.9370078740158 206.29921259842519 91.33858267716535 la
732.2834645669292 3103.9370078740158 343.3070866141732 91.33858267716535 barque
973.2283464566929 3103.9370078740158 239.37007874015748 91.33858267716535 des
1110.236220472441 3103.9370078740158 274.01574803149606 91.33858267716535 âmes
1281.8897637795276 3103.9370078740158 239.37007874015748 91.33858267716535 que
1418.8976377952756 3103.9370078740158 377.9527559055118 91.33858267716535 conduit
1692.9133858267717 3103.9370078740158 206.29921259842519 91.33858267716535 un
1762.2047244094488 3103.9370078740158 239.37007874015748 91.33858267716535 ange,

1225.1968503937007 3195.2755905511813 280.31496062992125 138.58267716535434 (DANTE,
1428.3464566929133 3195.2755905511813 585.8267716535433 138.58267716535434 Purgatoire,
1938.5826771653544 3195.2755905511813 152.75590551181102 138.58267716535434 c.
1988.976377952756 3195.2755905511813 152.75590551181102 138.58267716535434 11).

611.0236220472441 3296.0629921259842 165.35433070866142 135.43307086614172 H.
692.9133858267717 3296.0629921259842 165.35433070866142 135.43307086614172 1,
774.8031496062993 3296.0629921259842 192.1259842519685 135.43307086614172 50.
885.0393700787401 3296.0629921259842 137.00787401574803 135.43307086614172 —
940.1574803149606 3296.0629921259842 165.35433070866142 135.43307086614172 L.
1023.6220472440945 3296.0629921259842 137.00787401574803 135.43307086614172 2
1078.740157480315 3296.0629921259842 192.1259842519685 135.43307086614172 41.
1188.976377952756 3296.0629921259842 137.00787401574803 135.43307086614172 —
1244.0944881889764 3296.0629921259842 220.4724409448819 135.43307086614172 Fig.
1381.1023622047244 3296.0629921259842 165.35433070866142 135.43307086614172 de
1464.5669291338584 3296.0629921259842 165.35433070866142 135.43307086614172 0,
1519.6850393700788 3296.0629921259842 137.00787401574803 135.43307086614172 85.

1735.4330708661416 3387.4015748031497 297.6377952755906 129.13385826771653 (Salon
1943.3070866141732 3387.4015748031497 177.95275590551182 129.13385826771653 de
2003.1496062992126 3387.4015748031497 237.79527559055117 129.13385826771653 1857.)

264.56692913385825 3469.2913385826773 259.84251968503935 168.50393700787401 45.
376.37795275590554 3469.2913385826773 335.43307086614175 168.50393700787401 Psyché.

533.8582677165355 3650.3937007874015 253.54330708661416 122.83464566929133 Elle
692.9133858267717 3650.3937007874015 349.6062992125984 122.83464566929133 revient
946.4566929133858 3650.3937007874015 222.04724409448818 122.83464566929133 des
1074.015748031496 3650.3937007874015 318.1102362204724 122.83464566929133 enfers
1296.0629921259842 3650.3937007874015 444.09448818897636 122.83464566929133 rapportant
1645.6692913385828 3650.3937007874015 159.0551181102362 122.83464566929133 à
1708.6614173228347 3650.3937007874015 285.03937007874015 122.83464566929133 Vénus
1899.2125984251968 3650.3937007874015 190.5511811023622 122.83464566929133 la
1993.7007874015749 3650.3937007874015 285.03937007874015 122.83464566929133 boite
2152.755905511811 3650.3937007874015 159.0551181102362 122.83464566929133 que

477.1653543307087 3710.236220472441 222.04724409448818 118.11023622047244 lui
603.1496062992126 3710.236220472441 159.0551181102362 118.11023622047244 a
667.7165354330708 3710.236220472441 316.53543307086613 118.11023622047244 donnée
856.6929133858267 3710.236220472441 412.59842519685037 118.11023622047244 Proserpine.

612.5984251968504 3812.5984251968503 166.9291338582677 121.25984251968504 H.
696.0629921259842 3812.5984251968503 166.9291338582677 121.25984251968504 1,
779.5275590551181 3812.5984251968503 195.2755905511811 121.25984251968504 60.
891.3385826771654 3812.5984251968503 138.58267716535434 121.25984251968504 —
946.4566929133858 3812.5984251968503 166.9291338582677 121.25984251968504 L.
1029.9212598425197 3812.5984251968503 166.9291338582677 121.25984251968504 0,
1086.6141732283465 3812.5984251968503 138.58267716535434 121.25984251968504 90.

1691.3385826771653 3886.6141732283463 325.98425196850394 141.73228346456693 (Salon
1919.6850393700788 3886.6141732283463 195.2755905511811 141.73228346456693 de
1985.8267716535433 3886.6141732283463 261.4173228346457 141.73228346456693 1859.)

1781.1023622047244 3977.952755905512 226.77165354330708 105.51181102362204 2*
