2785.8267716535433 4935.433070866142
456.6929133858268 566.9291338582677 233.0708661417323 129.13385826771653 14

1311.8110236220473 565.3543307086615 456.6929133858268 138.58267716535434 PEINTURE.

543.3070866141733 714.9606299212599 393.7007874015748 160.62992125984252 DELAROCHE
845.6692913385826 714.9606299212599 333.8582677165354 160.62992125984252 (PAUL),
1088.1889763779527 714.9606299212599 272.4409448818898 160.62992125984252 né
1269.291338582677 714.9606299212599 151.1811023622047 160.62992125984252 à
1330.708661417323 714.9606299212599 272.4409448818898 160.62992125984252 Paris
1511.8110236220473 714.9606299212599 302.3622047244094 160.62992125984252 en
1724.4094488188975 714.9606299212599 272.4409448818898 160.62992125984252 1797,
1905.5118110236222 714.9606299212599 363.7795275590551 160.62992125984252 élève
2177.952755905512 714.9606299212599 181.10236220472441 160.62992125984252 de
2239.3700787401576 714.9606299212599 333.8582677165354 160.62992125984252 Gros;

629.9212598425197 831.496062992126 470.86614173228344 111.81102362204724 chevalier
1012.5984251968504 831.496062992126 176.3779527559055 111.81102362204724 de
1100.7874015748032 831.496062992126 176.3779527559055 111.81102362204724 la
1188.976377952756 831.496062992126 588.9763779527559 111.81102362204724 Légion-d’Honneur
1689.763779527559 831.496062992126 294.48818897637796 111.81102362204724 en
1894.4881889763778 831.496062992126 264.56692913385825 111.81102362204724 1828,
2070.8661417322833 831.496062992126 382.6771653543307 111.81102362204724 membre
2337.0078740157483 831.496062992126 234.64566929133858 111.81102362204724 de

626.7716535433071 916.5354330708661 500.78740157480314 111.81102362204724 l'Institut
1039.3700787401574 916.5354330708661 294.48818897637796 111.81102362204724 en
1245.6692913385828 916.5354330708661 264.56692913385825 111.81102362204724 1832,
1422.0472440944882 916.5354330708661 440.9448818897638 111.81102362204724 officier
1774.8031496062993 916.5354330708661 176.3779527559055 111.81102362204724 de
1862.992125984252 916.5354330708661 176.3779527559055 111.81102362204724 la
1921.259842519685 916.5354330708661 647.2440944881889 111.81102362204724 Légion

633.0708661417323 993.7007874015748 314.96062992125985 127.55905511811024 en
874.0157480314961 993.7007874015748 217.3228346456693 127.55905511811024 1834;
1018.8976377952756 993.7007874015748 266.1417322834646 127.55905511811024 mort
1212.5984251968505 993.7007874015748 242.51968503937007 127.55905511811024 en
1357.4803149606298 993.7007874015748 170.07874015748033 127.55905511811024 1856.

525.9842519685039 1132.283464566929 255.11811023622047 144.88188976377953 59.
670.8661417322835 1132.283464566929 400.0 144.88188976377953 Edouard
962.2047244094488 1132.283464566929 218.89763779527559 144.88188976377953 V,
1072.4409448818897 1132.283464566929 255.11811023622047 144.88188976377953 roi
1217.3228346456692 1132.283464566929 363.7795275590551 144.88188976377953 mineur
1472.4409448818897 1132.283464566929 618.8976377952756 144.88188976377953 d’Angleterre,
1981.1023622047244 1132.283464566929 218.89763779527559 144.88188976377953 et
2091.3385826771655 1132.283464566929 436.2204724409449 144.88188976377953 Richard,
2381.1023622047246 1132.283464566929 182.6771653543307 144.88188976377953 duc

751.1811023622047 1217.3228346456692 373.2283464566929 116.53543307086615 d’York,
1023.6220472440945 1217.3228346456692 237.79527559055117 116.53543307086615 son
1159.0551181102362 1217.3228346456692 305.51181102362204 116.53543307086615 frère
1329.1338582677165 1217.3228346456692 270.86614173228344 116.53543307086615 puiné.

793.7007874015748 1325.984251968504 237.79527559055117 129.13385826771653 Ces
930.7086614173228 1325.984251968504 272.4409448818898 129.13385826771653 deux
1100.7874015748032 1325.984251968504 407.87401574803147 129.13385826771653 princes,
1406.2992125984251 1325.984251968504 407.87401574803147 129.13385826771653 enfermés
1711.8110236220473 1325.984251968504 272.4409448818898 129.13385826771653 dans
1881.8897637795276 1325.984251968504 204.7244094488189 129.13385826771653 la
1984.251968503937 1325.984251968504 272.4409448818898 129.13385826771653 Tour
2154.3307086614172 1325.984251968504 204.7244094488189 129.13385826771653 de
2222.047244094488 1325.984251968504 340.15748031496065 129.13385826771653 Londres,

735.4330708661417 1407.8740157480315 308.66141732283467 135.43307086614172 furent
952.7559055118111 1407.8740157480315 370.0787401574803 135.43307086614172 étouffés
1229.9212598425197 1407.8740157480315 215.748031496063 135.43307086614172 par
1352.755905511811 1407.8740157480315 215.748031496063 135.43307086614172 les
1477.1653543307086 1407.8740157480315 308.66141732283467 135.43307086614172 ordres
1692.9133858267717 1407.8740157480315 185.82677165354332 135.43307086614172 de
1785.8267716535433 1407.8740157480315 340.15748031496065 135.43307086614172 Richard
2033.0708661417323 1407.8740157480315 247.24409448818898 135.43307086614172 III,
2187.4015748031497 1407.8740157480315 247.24409448818898 135.43307086614172 leur
2310.236220472441 1407.8740157480315 247.24409448818898 135.43307086614172 oncle,

729.1338582677165 1491.3385826771653 437.79527559055117 111.81102362204724 usurpateur
1074.015748031496 1491.3385826771653 187.4015748031496 111.81102362204724 de
1168.5039370078741 1491.3385826771653 281.8897637795276 111.81102362204724 leurs
1324.4094488188975 1491.3385826771653 281.8897637795276 111.81102362204724 droits.

866.1417322834645 1570.0787401574803 174.8031496062992 133.85826771653544 H.
952.7559055118111 1570.0787401574803 174.8031496062992 133.85826771653544 1,
1039.3700787401574 1570.0787401574803 203.1496062992126 133.85826771653544 80.
1155.9055118110236 1570.0787401574803 144.88188976377953 133.85826771653544 —
1214.1732283464567 1570.0787401574803 174.8031496062992 133.85826771653544 L.
1300.7874015748032 1570.0787401574803 174.8031496062992 133.85826771653544 2,
1387.4015748031495 1570.0787401574803 203.1496062992126 133.85826771653544 12.
1503.9370078740158 1570.0787401574803 144.88188976377953 133.85826771653544 —
1562.2047244094488 1570.0787401574803 231.49606299212599 133.85826771653544 Fig.
1707.0866141732283 1570.0787401574803 203.1496062992126 133.85826771653544 gr.
1793.7007874015749 1570.0787401574803 174.8031496062992 133.85826771653544 nat.

1973.2283464566929 1661.4173228346456 305.51181102362204 114.96062992125984 (Salon
2185.8267716535433 1661.4173228346456 182.6771653543307 114.96062992125984 de
2247.244094488189 1661.4173228346456 244.09448818897638 114.96062992125984 1831.)

519.6850393700787 1787.4015748031495 428.34645669291336 137.00787401574803 DESGOFFE
840.9448818897638 1787.4015748031495 818.8976377952756 137.00787401574803 (BLAISE-ALEXANDRE),
1554.3307086614172 1787.4015748031495 321.25984251968504 137.00787401574803 né
1766.9291338582677 1787.4015748031495 177.95275590551182 137.00787401574803 à
1839.3700787401574 1787.4015748031495 355.90551181102364 137.00787401574803 Paris,
2088.1889763779527 1787.4015748031495 321.25984251968504 137.00787401574803 élève
2266.1417322834645 1787.4015748031495 285.03937007874015 137.00787401574803 de

609.4488188976378 1891.3385826771653 267.7165354330709 129.13385826771653 M.
788.9763779527559 1891.3385826771653 387.40157480314963 129.13385826771653 Hippolyte
1056.6929133858268 1891.3385826771653 447.244094488189 129.13385826771653 Flandrin

508.66141732283467 2000.0 231.49606299212599 144.88188976377953 60.
640.9448818897638 2000.0 264.56692913385825 144.88188976377953 Vase
806.2992125984252 2000.0 496.06299212598424 144.88188976377953 d’améthyste
1201.5748031496064 2000.0 297.6377952755906 144.88188976377953 (XVIe
1366.9291338582677 2000.0 330.70866141732284 144.88188976377953 siècle).

855.1181102362204 2143.3070866141734 166.9291338582677 110.23622047244095 H.
938.5826771653543 2143.3070866141734 166.9291338582677 110.23622047244095 0,
1023.6220472440945 2143.3070866141734 195.2755905511811 110.23622047244095 35.
1133.8582677165355 2143.3070866141734 140.15748031496062 110.23622047244095 —
1190.5511811023623 2143.3070866141734 166.9291338582677 110.23622047244095 L.
1274.015748031496 2143.3070866141734 166.9291338582677 110.23622047244095 0,
1329.1338582677165 2143.3070866141734 140.15748031496062 110.23622047244095 27.

1929.1338582677165 2154.3307086614172 319.68503937007875 155.90551181102362 (Salon
2152.755905511811 2154.3307086614172 192.1259842519685 155.90551181102362 de
2215.748031496063 2154.3307086614172 255.11811023622047 155.90551181102362 1859.)

513.3858267716536 2285.0393700787404 240.9448818897638 124.40944881889764 61.
651.9685039370079 2285.0393700787404 275.59055118110234 124.40944881889764 Vase
823.6220472440945 2285.0393700787404 206.29921259842519 124.40944881889764 de
925.9842519685039 2285.0393700787404 377.9527559055118 124.40944881889764 cristal
1201.5748031496064 2285.0393700787404 206.29921259842519 124.40944881889764 de
1305.5118110236222 2285.0393700787404 310.23622047244095 124.40944881889764 roche
1511.8110236220473 2285.0393700787404 206.29921259842519 124.40944881889764 du
1614.1732283464567 2285.0393700787404 275.59055118110234 124.40944881889764 XVIe
1785.8267716535433 2285.0393700787404 377.9527559055118 124.40944881889764 siècle;
2061.417322834646 2285.0393700787404 481.8897637795276 124.40944881889764 escarcelle
2406.299212598425 2285.0393700787404 137.00787401574803 124.40944881889764 de

732.2834645669292 2388.9763779527557 319.68503937007875 114.96062992125984 Henri
946.4566929133858 2388.9763779527557 248.8188976377953 114.96062992125984 II;
1088.1889763779527 2388.9763779527557 319.68503937007875 114.96062992125984 émaux
1300.7874015748032 2388.9763779527557 212.5984251968504 114.96062992125984 de
1407.8740157480315 2388.9763779527557 283.46456692913387 114.96062992125984 Jean
1584.251968503937 2388.9763779527557 425.1968503937008 114.96062992125984 Limosin,
1869.291338582677 2388.9763779527557 212.5984251968504 114.96062992125984 etc.

771.6535433070866 2502.3622047244094 308.66141732283467 92.91338582677166 Objets
987.4015748031496 2502.3622047244094 277.1653543307087 92.91338582677166 tirés
1173.2283464566929 2502.3622047244094 215.748031496063 92.91338582677166 des
1296.0629921259842 2502.3622047244094 461.4173228346457 92.91338582677166 collections
1666.1417322834645 2502.3622047244094 184.251968503937 92.91338582677166 du
1757.4803149606298 2502.3622047244094 277.1653543307087 92.91338582677166 musée
1943.3070866141732 2502.3622047244094 184.251968503937 92.91338582677166 du
2004.724409448819 2502.3622047244094 277.1653543307087 92.91338582677166 Louvre.

847.2440944881889 2590.551181102362 177.95275590551182 129.13385826771653 H.
937.007874015748 2590.551181102362 177.95275590551182 129.13385826771653 1,
1026.7716535433071 2590.551181102362 207.8740157480315 129.13385826771653 26.
1144.8818897637796 2590.551181102362 149.60629921259843 129.13385826771653 —
1204.724409448819 2590.551181102362 177.95275590551182 129.13385826771653 L.
1294.4881889763778 2590.551181102362 177.95275590551182 129.13385826771653 0,
1352.755905511811 2590.551181102362 149.60629921259843 129.13385826771653 95.

1951.1811023622047 2666.1417322834645 303.93700787401576 155.90551181102362 (Saloa
2163.779527559055 2666.1417322834645 182.6771653543307 155.90551181102362 de
2223.6220472440946 2666.1417322834645 242.51968503937007 155.90551181102362 1863.)

502.3622047244094 2833.0708661417325 478.74015748031496 107.08661417322834 DESJOBERT
870.8661417322835 2833.0708661417325 885.0393700787401 107.08661417322834 (LOUIS-EEMI-EUGÈNE),
1644.0944881889764 2833.0708661417325 332.2834645669291 107.08661417322834 né
1866.1417322834645 2833.0708661417325 184.251968503937 107.08661417322834 à
1902.3622047244094 2833.0708661417325 626.7716535433071 107.08661417322834 Châteauroux

592.1259842519685 2919.685039370079 453.54330708661416 105.51181102362204 (Indre),
954.3307086614174 2919.685039370079 272.4409448818898 105.51181102362204 élève
1137.007874015748 2919.685039370079 181.10236220472441 105.51181102362204 de
1226.7716535433071 2919.685039370079 362.20472440944883 105.51181102362204 Jolivard
1499.2125984251968 2919.685039370079 181.10236220472441 105.51181102362204 et
1590.5511811023623 2919.685039370079 181.10236220472441 105.51181102362204 de
1680.3149606299212 2919.685039370079 181.10236220472441 105.51181102362204 M.
1771.6535433070867 2919.685039370079 393.7007874015748 105.51181102362204 d’Aligny;
2044.0944881889764 2919.685039370079 483.46456692913387 105.51181102362204 chevalierr

587.4015748031496 3020.472440944882 262.99212598425197 116.53543307086615 de
763.7795275590552 3020.472440944882 174.8031496062992 116.53543307086615 la
850.3937007874016 3020.472440944882 584.2519685039371 116.53543307086615 Légion-d’Honneur
1348.0314960629921 3020.472440944882 292.9133858267717 116.53543307086615 en
1552.755905511811 3020.472440944882 262.99212598425197 116.53543307086615 1863;
1727.5590551181103 3020.472440944882 321.25984251968504 116.53543307086615 mort
1962.2047244094488 3020.472440944882 292.9133858267717 116.53543307086615 en
2137.0078740157483 3020.472440944882 204.7244094488189 116.53543307086615 1863.

488.18897637795277 3103.9370078740158 244.09448818897638 141.73228346456693 62.
626.7716535433071 3103.9370078740158 244.09448818897638 141.73228346456693 Les
732.2834645669292 3103.9370078740158 486.61417322834643 141.73228346456693 Paysagistes.

825.1968503937007 3217.3228346456694 179.5275590551181 122.83464566929133 H.
914.9606299212599 3217.3228346456694 179.5275590551181 122.83464566929133 0,
1004.7244094488188 3217.3228346456694 209.4488188976378 122.83464566929133 76.
1124.4094488188975 3217.3228346456694 149.60629921259843 122.83464566929133 —
1182.6771653543308 3217.3228346456694 179.5275590551181 122.83464566929133 L.
1272.4409448818897 3217.3228346456694 179.5275590551181 122.83464566929133 0,
1332.283464566929 3217.3228346456694 149.60629921259843 122.83464566929133 60.

1938.5826771653544 3311.8110236220473 300.78740157480314 133.85826771653544 (Salon
2149.6062992125985 3311.8110236220473 181.10236220472441 133.85826771653544 de
2209.448818897638 3311.8110236220473 240.9448818897638 133.85826771653544 1861.)

488.18897637795277 3467.716535433071 330.70866141732284 110.23622047244095 DESNOS
719.6850393700787 3467.716535433071 264.56692913385825 110.23622047244095 (Mme
885.0393700787401 3467.716535433071 396.8503937007874 110.23622047244095 LOUISE),
1182.6771653543308 3467.716535433071 297.6377952755906 110.23622047244095 né
1381.1023622047244 3467.716535433071 165.35433070866142 110.23622047244095 à
1447.244094488189 3467.716535433071 330.70866141732284 110.23622047244095 Paris,
1680.3149606299212 3467.716535433071 297.6377952755906 110.23622047244095 élève
1878.740157480315 3467.716535433071 198.4251968503937 110.23622047244095 de
1977.9527559055118 3467.716535433071 198.4251968503937 110.23622047244095 M.
2044.0944881889764 3467.716535433071 462.99212598425197 110.23622047244095 Hersent

478.74015748031496 3590.551181102362 244.09448818897638 127.55905511811024 63.
617.3228346456693 3590.551181102362 417.3228346456693 127.55905511811024 Portrait
930.7086614173228 3590.551181102362 209.4488188976378 127.55905511811024 de
1034.6456692913387 3590.551181102362 244.09448818897638 127.55905511811024 Mme
1174.8031496062993 3590.551181102362 417.3228346456693 127.55905511811024 Hersent,
1488.1889763779527 3590.551181102362 244.09448818897638 127.55905511811024 née
1592.1259842519685 3590.551181102362 348.0314960629921 127.55905511811024 Mauduit.

818.8976377952756 3703.9370078740158 173.22834645669292 96.06299212598425 H.
905.511811023622 3703.9370078740158 173.22834645669292 96.06299212598425 1,
992.1259842519685 3703.9370078740158 201.5748031496063 96.06299212598425 32.
1107.0866141732283 3703.9370078740158 144.88188976377953 96.06299212598425 —
1165.3543307086613 3703.9370078740158 173.22834645669292 96.06299212598425 L.
1251.9685039370079 3703.9370078740158 173.22834645669292 96.06299212598425 1,
1308.6614173228347 3703.9370078740158 144.88188976377953 96.06299212598425 00.

1905.5118110236222 3740.1574803149606 313.38582677165357 154.33070866141733 (Salon
2125.984251968504 3740.1574803149606 188.9763779527559 154.33070866141733 de
2188.9763779527557 3740.1574803149606 251.96850393700788 154.33070866141733 1835.)

735.4330708661417 3848.818897637795 302.3622047244094 146.45669291338584 Donné
937.007874015748 3848.818897637795 201.5748031496063 146.45669291338584 en
1037.7952755905512 3848.818897637795 302.3622047244094 146.45669291338584 1862,
1239.3700787401574 3848.818897637795 201.5748031496063 146.45669291338584 au
1340.1574803149606 3848.818897637795 302.3622047244094 146.45669291338584 musée
1543.3070866141732 3848.818897637795 201.5748031496063 146.45669291338584 du
1644.0944881889764 3848.818897637795 505.51181102362204 146.45669291338584 Luxembourg,
2047.244094488189 3848.818897637795 236.2204724409449 146.45669291338584 par
2182.6771653543306 3848.818897637795 236.2204724409449 146.45669291338584 Mme
2283.464566929134 3848.818897637795 201.5748031496063 146.45669291338584 d’A-

677.1653543307086 3968.503937007874 289.76377952755905 116.53543307086615 nisy,
869.2913385826772 3968.503937007874 289.76377952755905 116.53543307086615 nièce
1062.992125984252 3968.503937007874 193.70078740157481 116.53543307086615 de
1159.0551181102362 3968.503937007874 225.1968503937008 116.53543307086615 Mme
1256.6929133858268 3968.503937007874 321.25984251968504 116.53543307086615 Hersent.

-40.94488188976378 4689.763779527559 132.28346456692913 188.9763779527559 b
