2851.968503937008 4916.535433070866
955.9055118110236 508.66141732283467 1285.0393700787401 166.9291338582677 PEINTURE.
1845.6692913385828 508.66141732283467 395.2755905511811 166.9291338582677 15

220.4724409448819 685.0393700787401 332.2834645669291 124.40944881889764 DEVÉRIA
461.4173228346457 685.0393700787401 393.7007874015748 124.40944881889764 (EEGÈNE),
765.3543307086615 685.0393700787401 272.4409448818898 124.40944881889764 né
946.4566929133858 685.0393700787401 151.1811023622047 124.40944881889764 à
1006.2992125984252 685.0393700787401 302.3622047244094 124.40944881889764 Paris,
1218.8976377952756 685.0393700787401 272.4409448818898 124.40944881889764 élève
1400.0 685.0393700787401 181.10236220472441 124.40944881889764 de
1491.3385826771653 685.0393700787401 363.7795275590551 124.40944881889764 Girodet,
1732.283464566929 685.0393700787401 514.9606299212599 124.40944881889764 chevalie</r

300.78740157480314 800.0 269.29133858267716 88.18897637795276 de
480.31496062992125 800.0 179.5275590551181 88.18897637795276 la
570.0787401574803 800.0 596.8503937007874 88.18897637795276 Légion-d’Honneur
1077.1653543307086 800.0 299.21259842519686 88.18897637795276 en
1286.6141732283465 800.0 269.29133858267716 88.18897637795276 1838;
1466.1417322834645 800.0 329.13385826771656 88.18897637795276 mort
1703.9370078740158 800.0 299.21259842519686 88.18897637795276 en
1883.4645669291338 800.0 209.4488188976378 88.18897637795276 1865.

209.4488188976378 885.0393700787401 253.54330708661416 140.15748031496062 64.
354.3307086614173 885.0393700787401 217.3228346456693 140.15748031496062 La
462.99212598425197 885.0393700787401 470.86614173228344 140.15748031496062 naissance
825.1968503937007 885.0393700787401 217.3228346456693 140.15748031496062 de
933.8582677165355 885.0393700787401 325.98425196850394 140.15748031496062 Henri
1114.9606299212599 885.0393700787401 181.10236220472441 140.15748031496062 IV.

481.8897637795276 1007.8740157480315 274.01574803149606 89.76377952755905 Henri
664.5669291338583 1007.8740157480315 396.8503937007874 89.76377952755905 d’Albret,
968.503937007874 1007.8740157480315 274.01574803149606 89.76377952755905 après
1151.1811023622047 1007.8740157480315 274.01574803149606 89.76377952755905 avoir
1333.8582677165355 1007.8740157480315 305.51181102362204 89.76377952755905 frotté
1548.0314960629921 1007.8740157480315 212.5984251968504 89.76377952755905 les
1669.291338582677 1007.8740157480315 305.51181102362204 89.76377952755905 lèvres
1883.4645669291338 1007.8740157480315 182.6771653543307 89.76377952755905 de
1943.3070866141732 1007.8740157480315 305.51181102362204 89.76377952755905 l’enfant

414.1732283464567 1085.0393700787401 240.9448818897638 88.18897637795276 avec
563.7795275590552 1085.0393700787401 181.10236220472441 88.18897637795276 de
655.1181102362204 1085.0393700787401 270.86614173228344 88.18897637795276 l’ail
834.6456692913385 1085.0393700787401 181.10236220472441 88.18897637795276 et
925.9842519685039 1085.0393700787401 211.0236220472441 88.18897637795276 lui
1045.6692913385828 1085.0393700787401 270.86614173228344 88.18897637795276 avoir
1226.7716535433071 1085.0393700787401 240.9448818897638 88.18897637795276 fait
1376.3779527559054 1085.0393700787401 270.86614173228344 88.18897637795276 boire
1557.4803149606298 1085.0393700787401 181.10236220472441 88.18897637795276 du
1647.244094488189 1085.0393700787401 211.0236220472441 88.18897637795276 vin
1766.9291338582677 1085.0393700787401 181.10236220472441 88.18897637795276 de
1858.267716535433 1085.0393700787401 390.5511811023622 88.18897637795276 Jurançon,
2129.1338582677167 1085.0393700787401 119.68503937007874 88.18897637795276 le

412.59842519685037 1165.3543307086613 360.62992125984255 74.01574803149606 présenta
683.4645669291339 1165.3543307086613 179.5275590551181 74.01574803149606 au
773.2283464566929 1165.3543307086613 330.70866141732284 74.01574803149606 peuple,
1012.5984251968504 1165.3543307086613 179.5275590551181 74.01574803149606 et
1102.3622047244094 1165.3543307086613 209.4488188976378 74.01574803149606 lui
1223.6220472440946 1165.3543307086613 330.70866141732284 74.01574803149606 demanda
1462.992125984252 1165.3543307086613 330.70866141732284 74.01574803149606 comment
1703.9370078740158 1165.3543307086613 179.5275590551181 74.01574803149606 il
1763.7795275590552 1165.3543307086613 480.31496062992125 74.01574803149606 s’appellerait;

412.59842519685037 1215.748031496063 196.8503937007874 83.46456692913385 on
511.81102362204723 1215.748031496063 393.7007874015748 83.46456692913385 répondit
807.8740157480315 1215.748031496063 296.06299212598424 83.46456692913385 d’une
1004.7244094488188 1215.748031496063 262.99212598425197 83.46456692913385 voix
1168.5039370078741 1215.748031496063 393.7007874015748 83.46456692913385 unanime:
1464.5669291338584 1215.748031496063 329.13385826771656 83.46456692913385 HENRI,
1694.4881889763778 1215.748031496063 296.06299212598424 83.46456692913385 comme
1891.3385826771653 1215.748031496063 229.92125984251967 83.46456692913385 son
1990.5511811023623 1215.748031496063 262.99212598425197 83.46456692913385 grand

368.503937007874 1291.3385826771653 240.9448818897638 114.96062992125984 père.

559.0551181102362 1327.5590551181103 165.35433070866142 170.07874015748033 H.
640.9448818897638 1327.5590551181103 165.35433070866142 170.07874015748033 4,
722.8346456692914 1327.5590551181103 192.1259842519685 170.07874015748033 84.
833.0708661417323 1327.5590551181103 137.00787401574803 170.07874015748033 —
888.1889763779527 1327.5590551181103 165.35433070866142 170.07874015748033 L.
971.6535433070866 1327.5590551181103 165.35433070866142 170.07874015748033 3,
1053.5433070866143 1327.5590551181103 192.1259842519685 170.07874015748033 92.
1163.7795275590552 1327.5590551181103 137.00787401574803 170.07874015748033 —
1218.8976377952756 1327.5590551181103 220.4724409448819 170.07874015748033 Fig.
1355.9055118110236 1327.5590551181103 220.4724409448819 170.07874015748033 plus
1494.4881889763778 1327.5590551181103 192.1259842519685 170.07874015748033 gr.
1604.724409448819 1327.5590551181103 192.1259842519685 170.07874015748033 que
1686.6141732283465 1327.5590551181103 165.35433070866142 170.07874015748033 nat.

1685.0393700787401 1420.4724409448818 292.9133858267717 122.83464566929133 (Salon
1891.3385826771653 1420.4724409448818 176.3779527559055 122.83464566929133 de
1949.6062992125985 1420.4724409448818 234.64566929133858 122.83464566929133 1827.)

225.1968503937008 1524.4094488188975 368.503937007874 116.53543307086615 DROLLING
502.3622047244094 1524.4094488188975 615.7480314960629 116.53543307086615 (MICHEL-MARTIN),
1025.1968503937007 1524.4094488188975 277.1653543307087 116.53543307086615 né
1211.023622047244 1524.4094488188975 154.33070866141733 116.53543307086615 à
1272.4409448818897 1524.4094488188975 277.1653543307087 116.53543307086615 Paris
1456.6929133858268 1524.4094488188975 307.0866141732283 116.53543307086615 en
1672.4409448818897 1524.4094488188975 277.1653543307087 116.53543307086615 1786,
1825.1968503937007 1524.4094488188975 431.496062992126 116.53543307086615 élève

307.0866141732283 1637.7952755905512 311.81102362204723 103.93700787401575 de
514.9606299212599 1637.7952755905512 346.45669291338584 103.93700787401575 David;
757.4803149606299 1637.7952755905512 311.81102362204723 103.93700787401575 grand
965.3543307086615 1637.7952755905512 277.1653543307087 103.93700787401575 prix
1138.5826771653544 1637.7952755905512 207.8740157480315 103.93700787401575 de
1242.5196850393702 1637.7952755905512 277.1653543307087 103.93700787401575 Rome
1415.748031496063 1637.7952755905512 485.03937007874015 103.93700787401575 (Histoire)
1796.8503937007874 1637.7952755905512 346.45669291338584 103.93700787401575 en
2004.724409448819 1637.7952755905512 242.51968503937007 103.93700787401575 1810,

311.81102362204723 1725.984251968504 492.9133858267717 92.91338582677166 chevalier
711.8110236220473 1725.984251968504 184.251968503937 92.91338582677166 de
804.7244094488188 1725.984251968504 184.251968503937 92.91338582677166 la
897.6377952755905 1725.984251968504 615.7480314960629 92.91338582677166 Légion-d’Honneur
1420.4724409448818 1725.984251968504 307.0866141732283 92.91338582677166 en
1634.6456692913387 1725.984251968504 277.1653543307087 92.91338582677166 1825,
1788.976377952756 1725.984251968504 461.4173228346457 92.91338582677166 membre

316.53543307086613 1806.2992125984251 258.26771653543307 122.83464566929133 de
488.18897637795277 1806.2992125984251 429.9212598425197 122.83464566929133 l’Institut;
833.0708661417323 1806.2992125984251 229.92125984251967 122.83464566929133 mort
976.3779527559055 1806.2992125984251 286.61417322834643 122.83464566929133 en
1148.0314960629921 1806.2992125984251 201.5748031496063 122.83464566929133 1851.

226.77165354330708 1903.9370078740158 233.0708661417323 138.58267716535434 65.
360.62992125984255 1903.9370078740158 200.0 138.58267716535434 La
459.84251968503935 1903.9370078740158 333.8582677165354 138.58267716535434 Force,
694.488188976378 1903.9370078740158 333.8582677165354 138.58267716535434 figure
894.488188976378 1903.9370078740158 467.7165354330709 138.58267716535434 allégorique.

548.0314960629921 2014.1732283464567 171.6535433070866 114.96062992125984 H.
633.0708661417323 2014.1732283464567 171.6535433070866 114.96062992125984 1,
719.6850393700787 2014.1732283464567 201.5748031496063 114.96062992125984 34.
834.6456692913385 2014.1732283464567 143.30708661417322 114.96062992125984 —
892.9133858267717 2014.1732283464567 171.6535433070866 114.96062992125984 L.
977.9527559055118 2014.1732283464567 171.6535433070866 114.96062992125984 1,
1036.2204724409448 2014.1732283464567 143.30708661417322 114.96062992125984 78.

481.8897637795276 2099.212598425197 368.503937007874 108.66141732283465 Tableau
749.6062992125984 2099.212598425197 401.5748031496063 108.66141732283465 commandé
1050.3937007874015 2099.212598425197 201.5748031496063 108.66141732283465 en
1151.1811023622047 2099.212598425197 300.78740157480314 108.66141732283465 1817,
1351.1811023622047 2099.212598425197 267.7165354330709 108.66141732283465 pour
1519.6850393700788 2099.212598425197 335.43307086614175 108.66141732283465 dessus
1752.755905511811 2099.212598425197 201.5748031496063 108.66141732283465 de
1853.5433070866143 2099.212598425197 300.78740157480314 108.66141732283465 porte
2020.4724409448818 2099.212598425197 234.64566929133858 108.66141732283465 d’une

423.62204724409446 2182.6771653543306 270.86614173228344 103.93700787401575 salle
604.7244094488188 2182.6771653543306 181.10236220472441 103.93700787401575 du
694.488188976378 2182.6771653543306 332.2834645669291 103.93700787401575 Conseil
935.4330708661417 2182.6771653543306 332.2834645669291 103.93700787401575 d’Etat,
1176.3779527559054 2182.6771653543306 181.10236220472441 103.93700787401575 au
1237.7952755905512 2182.6771653543306 270.86614173228344 103.93700787401575 Louvre.

1656.6929133858268 2258.267716535433 311.81102362204723 105.51181102362204 (Salon
1875.5905511811025 2258.267716535433 187.4015748031496 105.51181102362204 de
1938.5826771653544 2258.267716535433 250.39370078740157 105.51181102362204 1819.)

236.2204724409449 2359.0551181102364 275.59055118110234 143.30708661417322 DUVAL
418.8976377952756 2359.0551181102364 184.251968503937 143.30708661417322 LE
511.81102362204723 2359.0551181102364 275.59055118110234 143.30708661417322 CAMUS
696.0629921259842 2359.0551181102364 674.0157480314961 143.30708661417322 (JULES-ALEXANDRE),
1278.740157480315 2359.0551181102364 275.59055118110234 143.30708661417322 né
1462.992125984252 2359.0551181102364 152.75590551181102 143.30708661417322 à
1524.4094488188975 2359.0551181102364 429.9212598425197 143.30708661417322 Paris
1829.9212598425197 2359.0551181102364 429.9212598425197 143.30708661417322 élève

321.25984251968504 2477.165354330709 286.61417322834643 105.51181102362204 de
511.81102362204723 2477.165354330709 381.1023622047244 105.51181102362204 Drolling
798.4251968503937 2477.165354330709 190.5511811023622 105.51181102362204 et
892.9133858267717 2477.165354330709 190.5511811023622 105.51181102362204 de
988.9763779527559 2477.165354330709 253.54330708661416 105.51181102362204 Paul
1148.0314960629921 2477.165354330709 445.6692913385827 105.51181102362204 Delaroche;
1497.6377952755906 2477.165354330709 412.59842519685037 105.51181102362204 chevalier
1814.1732283464567 2477.165354330709 190.5511811023622 105.51181102362204 de
1910.236220472441 2477.165354330709 190.5511811023622 105.51181102362204 la
1973.2283464566929 2477.165354330709 286.61417322834643 105.51181102362204 Lé

318.1102362204724 2559.0551181102364 626.7716535433071 119.68503937007874 gion-d’Honneur
855.1181102362204 2559.0551181102364 299.21259842519686 119.68503937007874 en
1034.6456692913387 2559.0551181102364 209.4488188976378 119.68503937007874 1859.

229.92125984251967 2650.3937007874015 251.96850393700788 148.03149606299212 66.
374.8031496062992 2650.3937007874015 395.2755905511811 148.03149606299212 Jacques
626.7716535433071 2650.3937007874015 360.62992125984255 148.03149606299212 Clément.

576.3779527559055 2785.8267716535433 166.9291338582677 129.13385826771653 H.
659.8425196850394 2785.8267716535433 166.9291338582677 129.13385826771653 2,
744.8818897637796 2785.8267716535433 195.2755905511811 129.13385826771653 17.
855.1181102362204 2785.8267716535433 140.15748031496062 129.13385826771653 —
911.8110236220473 2785.8267716535433 166.9291338582677 129.13385826771653 L.
995.2755905511812 2785.8267716535433 166.9291338582677 129.13385826771653 1,
1078.740157480315 2785.8267716535433 195.2755905511811 129.13385826771653 45.
1190.5511811023623 2785.8267716535433 140.15748031496062 129.13385826771653 —
1245.6692913385828 2785.8267716535433 223.6220472440945 129.13385826771653 Fig.
1385.8267716535433 2785.8267716535433 195.2755905511811 129.13385826771653 gr.
1469.291338582677 2785.8267716535433 166.9291338582677 129.13385826771653 nat.

1677.1653543307086 2815.748031496063 303.93700787401576 155.90551181102362 (Salon
1889.763779527559 2815.748031496063 182.6771653543307 155.90551181102362 de
1951.1811023622047 2815.748031496063 244.09448818897638 155.90551181102362 1861.)

236.2204724409449 2992.1259842519685 418.8976377952756 121.25984251968504 FAUVELET
549.6062992125984 2992.1259842519685 384.251968503937 121.25984251968504 (JEAN),
829.9212598425197 2992.1259842519685 314.96062992125985 121.25984251968504 né
1039.3700787401574 2992.1259842519685 174.8031496062992 121.25984251968504 à
1108.6614173228347 2992.1259842519685 418.8976377952756 121.25984251968504 Bordeaux
1423.6220472440946 2992.1259842519685 488.18897637795277 121.25984251968504 (Gironde),
1807.8740157480315 2992.1259842519685 314.96062992125985 121.25984251968504 élève
1982.6771653543308 2992.1259842519685 278.74015748031496 121.25984251968504 de

318.1102362204724 3085.0393700787404 324.40944881889766 127.55905511811024 Lacour

236.2204724409449 3206.299212598425 233.0708661417323 119.68503937007874 67.
368.503937007874 3206.299212598425 398.4251968503937 119.68503937007874 Ascanio,
667.7165354330708 3206.299212598425 398.4251968503937 119.68503937007874 ciseleur
966.9291338582677 3206.299212598425 431.496062992126 119.68503937007874 florentin
1299.2125984251968 3206.299212598425 200.0 119.68503937007874 du
1398.4251968503936 3206.299212598425 266.1417322834646 119.68503937007874 XVIe
1565.3543307086613 3206.299212598425 365.3543307086614 119.68503937007874 siècle,
1831.4960629921259 3206.299212598425 299.21259842519686 119.68503937007874 élève
2029.9212598425197 3206.299212598425 200.0 119.68503937007874 et
2097.6377952755906 3206.299212598425 166.9291338582677 119.68503937007874 ami

1.5748031496062993 3288.1889763779527 330.70866141732284 97.63779527559055 de
166.9291338582677 3288.1889763779527 716.5354330708661 97.63779527559055 Benvenuto
662.992125984252 3288.1889763779527 551.1811023622047 97.63779527559055 Cellini.

574.8031496062993 3343.3070866141734 160.62992125984252 152.75590551181102 H.
655.1181102362204 3343.3070866141734 160.62992125984252 152.75590551181102 0,
735.4330708661417 3343.3070866141734 187.4015748031496 152.75590551181102 22.
842.5196850393701 3343.3070866141734 133.85826771653544 152.75590551181102 —
896.0629921259842 3343.3070866141734 160.62992125984252 152.75590551181102 L.
976.3779527559055 3343.3070866141734 160.62992125984252 152.75590551181102 0,
1056.6929133858268 3343.3070866141734 187.4015748031496 152.75590551181102 16.
1163.7795275590552 3343.3070866141734 133.85826771653544 152.75590551181102 —
1217.3228346456692 3343.3070866141734 214.17322834645668 152.75590551181102 Fig.
1351.1811023622047 3343.3070866141734 160.62992125984252 152.75590551181102 de
1431.4960629921259 3343.3070866141734 160.62992125984252 152.75590551181102 0,
1511.8110236220473 3343.3070866141734 187.4015748031496 152.75590551181102 16.
1618.8976377952756 3343.3070866141734 133.85826771653544 152.75590551181102 —
1672.4409448818897 3343.3070866141734 240.9448818897638 152.75590551181102 Peint
1833.0708661417323 3343.3070866141734 187.4015748031496 152.75590551181102 sur
1913.3858267716535 3343.3070866141734 187.4015748031496 152.75590551181102 bois.

1703.9370078740158 3472.4409448818897 310.23622047244095 118.11023622047244 (Salon
1921.259842519685 3472.4409448818897 185.82677165354332 118.11023622047244 de
1984.251968503937 3472.4409448818897 248.8188976377953 118.11023622047244 1850.)

242.51968503937007 3565.3543307086616 322.8346456692913 152.75590551181102 FICHEL
469.29133858267716 3565.3543307086616 420.4724409448819 152.75590551181102 (EUGÈNE),
792.1259842519685 3565.3543307086616 291.33858267716533 152.75590551181102 né
985.8267716535433 3565.3543307086616 162.20472440944883 152.75590551181102 à
1050.3937007874015 3565.3543307086616 322.8346456692913 152.75590551181102 Paris,
1277.1653543307086 3565.3543307086616 291.33858267716533 152.75590551181102 élève
1470.8661417322835 3565.3543307086616 193.70078740157481 152.75590551181102 de
1568.5039370078741 3565.3543307086616 258.26771653543307 152.75590551181102 Paul
1697.6377952755906 3565.3543307086616 516.5354330708661 152.75590551181102 Delaroche

242.51968503937007 3718.1102362204724 231.49606299212599 129.13385826771653 68.
374.8031496062992 3718.1102362204724 429.9212598425197 129.13385826771653 L’arrivée
705.511811023622 3718.1102362204724 165.35433070866142 129.13385826771653 à
738.5826771653543 3718.1102362204724 396.8503937007874 129.13385826771653 l’auberge.

585.8267716535433 3811.0236220472443 168.50393700787401 154.33070866141733 H.
670.8661417322835 3811.0236220472443 168.50393700787401 154.33070866141733 0,
754.3307086614174 3811.0236220472443 196.8503937007874 154.33070866141733 31.
867.7165354330708 3811.0236220472443 140.15748031496062 154.33070866141733 —
924.4094488188977 3811.0236220472443 168.50393700787401 154.33070866141733 L.
1007.8740157480315 3811.0236220472443 168.50393700787401 154.33070866141733 0,
1092.9133858267717 3811.0236220472443 196.8503937007874 154.33070866141733 41.
1204.724409448819 3811.0236220472443 140.15748031496062 154.33070866141733 —
1261.4173228346456 3811.0236220472443 225.1968503937008 154.33070866141733 Fig.
1401.5748031496064 3811.0236220472443 168.50393700787401 154.33070866141733 de
1486.6141732283465 3811.0236220472443 168.50393700787401 154.33070866141733 0,
1543.3070866141732 3811.0236220472443 140.15748031496062 154.33070866141733 15.

1677.1653543307086 3848.818897637795 305.51181102362204 187.4015748031496 (Salon
1889.763779527559 3848.818897637795 182.6771653543307 187.4015748031496 de
1951.1811023622047 3848.818897637795 244.09448818897638 187.4015748031496 1863.)
