2870.8661417322833 4930.708661417323
1004.7244094488188 535.4330708661417 456.6929133858268 140.15748031496062 PEINTURE.

2058.267716535433 496.06299212598424 214.17322834645668 165.35433070866142 19

450.3937007874016 699.2125984251968 264.56692913385825 89.76377952755905 nons,
628.3464566929134 699.2125984251968 264.56692913385825 89.76377952755905 était
804.7244094488188 699.2125984251968 352.755905511811 89.76377952755905 mouillée
1069.291338582677 699.2125984251968 236.2204724409449 89.76377952755905 dans
1217.3228346456692 699.2125984251968 176.3779527559055 89.76377952755905 la
1305.5118110236222 699.2125984251968 236.2204724409449 89.76377952755905 rade
1451.9685039370079 699.2125984251968 324.40944881889766 89.76377952755905 d’Alger
1688.1889763779527 699.2125984251968 264.56692913385825 89.76377952755905 entre
1864.5669291338584 699.2125984251968 206.29921259842519 89.76377952755905 les
1952.755905511811 699.2125984251968 324.40944881889766 89.76377952755905 batteries

448.81889763779526 785.8267716535433 168.50393700787401 69.29133858267717 du
533.8582677165355 785.8267716535433 225.1968503937008 69.29133858267717 Môle
674.0157480314961 785.8267716535433 168.50393700787401 69.29133858267717 et
759.0551181102362 785.8267716535433 168.50393700787401 69.29133858267717 le
842.5196850393701 785.8267716535433 196.8503937007874 69.29133858267717 cap
955.9055118110236 785.8267716535433 365.3543307086614 69.29133858267717 Matifoux.
1236.2204724409448 785.8267716535433 225.1968503937008 69.29133858267717 Elle
1377.9527559055118 785.8267716535433 168.50393700787401 69.29133858267717 se
1461.4173228346456 785.8267716535433 365.3543307086614 69.29133858267717 disposait
1743.3070866141732 785.8267716535433 140.15748031496062 69.29133858267717 à
1798.4251968503936 785.8267716535433 253.54330708661416 69.29133858267717 faire
1968.5039370078741 785.8267716535433 253.54330708661416 69.29133858267717 voile
2108.6614173228345 785.8267716535433 168.50393700787401 69.29133858267717 pour

437.79527559055117 840.9448818897638 200.0 81.88976377952756 la
537.007874015748 840.9448818897638 368.503937007874 81.88976377952756 France;
804.7244094488188 840.9448818897638 267.7165354330709 81.88976377952756 deux
973.2283464566929 840.9448818897638 401.5748031496063 81.88976377952756 chébecks
1274.015748031496 840.9448818897638 368.503937007874 81.88976377952756 chargés
1541.732283464567 840.9448818897638 200.0 81.88976377952756 de
1640.9448818897638 840.9448818897638 401.5748031496063 81.88976377952756 troupes,
1908.6614173228347 840.9448818897638 368.503937007874 81.88976377952756 commandés

447.244094488189 924.4094488188977 206.29921259842519 66.14173228346456 par
565.3543307086615 924.4094488188977 177.95275590551182 66.14173228346456 le
655.1181102362204 924.4094488188977 650.3937007874016 66.14173228346456 lieutenant-colonel
1215.748031496063 924.4094488188977 384.251968503937 66.14173228346456 Carcenac,
1511.8110236220473 924.4094488188977 324.40944881889766 66.14173228346456 étaient
1748.0314960629921 924.4094488188977 384.251968503937 66.14173228346456 remorqués
2044.0944881889764 924.4094488188977 236.2204724409449 66.14173228346456 vers
2162.2047244094488 924.4094488188977 118.11023622047244 66.14173228346456 la

442.5196850393701 970.0787401574803 373.2283464566929 74.01574803149606 frégate.
722.8346456692914 970.0787401574803 248.8188976377953 74.01574803149606 Tout
878.7401574803149 970.0787401574803 155.90551181102362 74.01574803149606 à
940.1574803149606 970.0787401574803 248.8188976377953 74.01574803149606 coup
1096.0629921259842 970.0787401574803 187.4015748031496 74.01574803149606 un
1188.976377952756 970.0787401574803 248.8188976377953 74.01574803149606 vent
1344.8818897637796 970.0787401574803 341.73228346456693 74.01574803149606 violent
1593.7007874015749 970.0787401574803 280.31496062992125 74.01574803149606 agita
1781.1023622047244 970.0787401574803 187.4015748031496 74.01574803149606 la
1874.015748031496 970.0787401574803 248.8188976377953 74.01574803149606 mer,
2029.9212598425197 970.0787401574803 187.4015748031496 74.01574803149606 un
2091.3385826771655 970.0787401574803 187.4015748031496 74.01574803149606 cou-

442.5196850393701 1034.6456692913387 237.79527559055117 74.01574803149606 rant
590.5511811023622 1034.6456692913387 385.8267716535433 74.01574803149606 fortement
886.6141732283464 1034.6456692913387 296.06299212598424 74.01574803149606 établi
1094.4881889763778 1034.6456692913387 355.90551181102364 74.01574803149606 entraîna
1362.2047244094488 1034.6456692913387 148.03149606299212 74.01574803149606 à
1420.4724409448818 1034.6456692913387 177.95275590551182 74.01574803149606 la
1510.236220472441 1034.6456692913387 237.79527559055117 74.01574803149606 côte
1658.267716535433 1034.6456692913387 207.8740157480315 74.01574803149606 les
1776.3779527559054 1034.6456692913387 385.8267716535433 74.01574803149606 chaloupes
2072.4409448818897 1034.6456692913387 177.95275590551182 74.01574803149606 de
2132.283464566929 1034.6456692913387 148.03149606299212 74.01574803149606 re-

447.244094488189 1100.7874015748032 300.78740157480314 72.44094488188976 morque
656.6929133858267 1100.7874015748032 239.37007874015748 72.44094488188976 dont
807.8740157480315 1100.7874015748032 209.4488188976378 72.44094488188976 les
927.5590551181102 1100.7874015748032 330.70866141732284 72.44094488188976 rameurs
1166.9291338582677 1100.7874015748032 390.5511811023622 72.44094488188976 faisaient
1467.716535433071 1100.7874015748032 420.4724409448819 72.44094488188976 d’inutiles
1796.8503937007874 1100.7874015748032 360.62992125984255 72.44094488188976 efforts.
2037.7952755905512 1100.7874015748032 239.37007874015748 72.44094488188976 Cepen-

444.09448818897636 1170.0787401574803 244.09448818897638 75.59055118110236 dant
596.8503937007874 1170.0787401574803 182.6771653543307 75.59055118110236 la
688.1889763779527 1170.0787401574803 305.51181102362204 75.59055118110236 fureur
900.7874015748032 1170.0787401574803 182.6771653543307 75.59055118110236 de
993.7007874015748 1170.0787401574803 182.6771653543307 75.59055118110236 la
1085.0393700787401 1170.0787401574803 214.17322834645668 75.59055118110236 mer
1206.2992125984251 1170.0787401574803 305.51181102362204 75.59055118110236 allait
1420.4724409448818 1170.0787401574803 366.92913385826773 75.59055118110236 toujours
1696.0629921259842 1170.0787401574803 426.7716535433071 75.59055118110236 croissant;
2031.4960629921259 1170.0787401574803 182.6771653543307 75.59055118110236 le
2092.9133858267714 1170.0787401574803 182.6771653543307 75.59055118110236 com-

445.6692913385827 1242.5196850393702 341.73228346456693 70.86614173228347 mandant
694.488188976378 1242.5196850393702 185.82677165354332 70.86614173228347 de
787.4015748031496 1242.5196850393702 185.82677165354332 70.86614173228347 la
881.8897637795276 1242.5196850393702 373.2283464566929 70.86614173228347 frégate,
1160.6299212598426 1242.5196850393702 185.82677165354332 70.86614173228347 M.
1255.1181102362204 1242.5196850393702 466.1417322834646 70.86614173228347 Charmasson,
1626.7716535433071 1242.5196850393702 404.7244094488189 70.86614173228347 éprouvant
1938.5826771653544 1242.5196850393702 217.3228346456693 70.86614173228347 des
2031.4960629921259 1242.5196850393702 248.8188976377953 70.86614173228347 crain-

448.81889763779526 1300.7874015748032 228.3464566929134 85.03937007874016 tes
579.5275590551181 1300.7874015748032 423.62204724409446 85.03937007874016 sérieuses
905.511811023622 1300.7874015748032 261.4173228346457 85.03937007874016 pour
1069.291338582677 1300.7874015748032 228.3464566929134 85.03937007874016 les
1200.0 1300.7874015748032 261.4173228346457 85.03937007874016 deux
1362.2047244094488 1300.7874015748032 423.62204724409446 85.03937007874016 chébecks,
1688.1889763779527 1300.7874015748032 392.12598425196853 85.03937007874016 réussit,
1982.6771653543308 1300.7874015748032 228.3464566929134 85.03937007874016 non
2080.314960629921 1300.7874015748032 195.2755905511811 85.03937007874016 sans

447.244094488189 1366.9291338582677 310.23622047244095 85.03937007874016 peine,
664.5669291338583 1366.9291338582677 154.33070866141733 85.03937007874016 à
725.9842519685039 1366.9291338582677 154.33070866141733 85.03937007874016 y
788.9763779527559 1366.9291338582677 278.74015748031496 85.03937007874016 faire
973.2283464566929 1366.9291338582677 371.65354330708664 85.03937007874016 parvenir
1251.9685039370079 1366.9291338582677 185.82677165354332 85.03937007874016 de
1344.8818897637796 1366.9291338582677 310.23622047244095 85.03937007874016 fortes
1562.2047244094488 1366.9291338582677 371.65354330708664 85.03937007874016 amarres,
1840.9448818897638 1366.9291338582677 154.33070866141733 85.03937007874016 à
1902.3622047244094 1366.9291338582677 310.23622047244095 85.03937007874016 l’aide
2088.1889763779527 1366.9291338582677 185.82677165354332 85.03937007874016 des-

450.3937007874016 1429.9212598425197 319.68503937007875 86.61417322834646 quelles
681.8897637795276 1429.9212598425197 203.1496062992126 86.61417322834646 ils
798.4251968503937 1429.9212598425197 174.8031496062992 86.61417322834646 se
885.0393700787401 1429.9212598425197 348.0314960629921 86.61417322834646 hâlèrent
1146.4566929133857 1429.9212598425197 289.76377952755905 86.61417322834646 jusque
1349.6062992125985 1429.9212598425197 231.49606299212599 86.61417322834646 près
1494.4881889763778 1429.9212598425197 174.8031496062992 86.61417322834646 de
1581.1023622047244 1429.9212598425197 174.8031496062992 86.61417322834646 la
1667.716535433071 1429.9212598425197 348.0314960629921 86.61417322834646 frégate.
1929.1338582677165 1429.9212598425197 174.8031496062992 86.61417322834646 La
2015.748031496063 1429.9212598425197 261.4173228346457 86.61417322834646 vague
2160.6299212598424 1429.9212598425197 116.53543307086615 86.61417322834646 se

442.5196850393701 1499.2125984251968 404.7244094488189 75.59055118110236 soulevait
754.3307086614174 1499.2125984251968 248.8188976377953 75.59055118110236 avec
908.6614173228346 1499.2125984251968 248.8188976377953 75.59055118110236 tant
1064.5669291338584 1499.2125984251968 185.82677165354332 75.59055118110236 de
1157.4803149606298 1499.2125984251968 373.2283464566929 75.59055118110236 violence
1437.7952755905512 1499.2125984251968 217.3228346456693 75.59055118110236 que
1562.2047244094488 1499.2125984251968 404.7244094488189 75.59055118110236 plusieurs
1842.5196850393702 1499.2125984251968 434.6456692913386 75.59055118110236 embarcations

448.81889763779526 1570.0787401574803 300.78740157480314 69.29133858267717 furent
658.2677165354331 1570.0787401574803 330.70866141732284 69.29133858267717 brisées
899.2125984251968 1570.0787401574803 179.5275590551181 69.29133858267717 en
988.9763779527559 1570.0787401574803 480.31496062992125 69.29133858267717 s’approchant
1379.5275590551182 1570.0787401574803 179.5275590551181 69.29133858267717 de
1469.291338582677 1570.0787401574803 209.4488188976378 69.29133858267717 son
1588.976377952756 1570.0787401574803 269.29133858267716 69.29133858267717 bord.
1768.5039370078741 1570.0787401574803 300.78740157480314 69.29133858267717 L’état
1979.5275590551182 1570.0787401574803 179.5275590551181 69.29133858267717 de
2069.2913385826773 1570.0787401574803 179.5275590551181 69.29133858267717 la
2129.1338582677167 1570.0787401574803 149.60629921259843 69.29133858267717 mer

448.81889763779526 1628.3464566929133 359.0551181102362 74.01574803149606 devenait
718.1102362204724 1628.3464566929133 149.60629921259843 74.01574803149606 à
777.9527559055118 1628.3464566929133 299.21259842519686 74.01574803149606 chaque
987.4015748031496 1628.3464566929133 329.13385826771656 74.01574803149606 instant
1226.7716535433071 1628.3464566929133 239.37007874015748 74.01574803149606 plus
1377.9527559055118 1628.3464566929133 418.8976377952756 74.01574803149606 effrayant;
1707.0866141732283 1628.3464566929133 359.0551181102362 74.01574803149606 l’espoir
1976.3779527559054 1628.3464566929133 239.37007874015748 74.01574803149606 d’un
2096.0629921259842 1628.3464566929133 179.5275590551181 74.01574803149606 pro-

447.244094488189 1711.8110236220473 266.1417322834646 66.14173228346456 chain
625.1968503937007 1711.8110236220473 354.3307086614173 66.14173228346456 naufrage
889.7637795275591 1711.8110236220473 354.3307086614173 66.14173228346456 attirait
1155.9055118110236 1711.8110236220473 236.2204724409449 66.14173228346456 déjà
1303.9370078740158 1711.8110236220473 236.2204724409449 66.14173228346456 vers
1450.3937007874015 1711.8110236220473 176.3779527559055 66.14173228346456 le
1540.1574803149606 1711.8110236220473 236.2204724409449 66.14173228346456 fort
1686.6141732283465 1711.8110236220473 354.3307086614173 66.14173228346456 Matifoux
1952.755905511811 1711.8110236220473 206.29921259842519 66.14173228346456 des
2040.9448818897638 1711.8110236220473 236.2204724409449 66.14173228346456 hordes

447.244094488189 1768.5039370078741 188.9763779527559 85.03937007874016 de
541.7322834645669 1768.5039370078741 409.4488188976378 85.03937007874016 Bédouins;
856.6929133858267 1768.5039370078741 283.46456692913387 85.03937007874016 aucun
1047.244094488189 1768.5039370078741 346.45669291338584 85.03937007874016 secours
1299.2125984251968 1768.5039370078741 188.9763779527559 85.03937007874016 ne
1393.7007874015749 1768.5039370078741 346.45669291338584 85.03937007874016 pouvait
1645.6692913385828 1768.5039370078741 251.96850393700788 85.03937007874016 être
1803.1496062992126 1768.5039370078741 283.46456692913387 85.03937007874016 porté
1993.7007874015749 1768.5039370078741 220.4724409448819 85.03937007874016 aux
2088.1889763779527 1768.5039370078741 188.9763779527559 85.03937007874016 deux

447.244094488189 1829.9212598425197 403.1496062992126 75.59055118110236 chébecks;
757.4803149606299 1829.9212598425197 185.82677165354332 75.59055118110236 le
850.3937007874016 1829.9212598425197 278.74015748031496 75.59055118110236 canon
1037.7952755905512 1829.9212598425197 371.65354330708664 75.59055118110236 d’alarme
1316.5354330708662 1829.9212598425197 185.82677165354332 75.59055118110236 se
1409.4488188976377 1829.9212598425197 341.73228346456693 75.59055118110236 faisait
1658.267716535433 1829.9212598425197 371.65354330708664 75.59055118110236 entendre
1937.007874015748 1829.9212598425197 217.3228346456693 75.59055118110236 par
2029.9212598425197 1829.9212598425197 248.8188976377953 75.59055118110236 inter-

445.6692913385827 1897.6377952755906 337.00787401574803 61.41732283464567 valles,
689.7637795275591 1897.6377952755906 245.66929133858267 61.41732283464567 mais
842.5196850393701 1897.6377952755906 184.251968503937 61.41732283464567 en
935.4330708661417 1897.6377952755906 275.59055118110234 61.41732283464567 vain:
1118.1102362204724 1897.6377952755906 184.251968503937 61.41732283464567 la
1211.023622047244 1897.6377952755906 214.17322834645668 61.41732283464567 mer
1332.283464566929 1897.6377952755906 398.4251968503937 61.41732283464567 refoulait
1639.3700787401574 1897.6377952755906 245.66929133858267 61.41732283464567 vers
1792.1259842519685 1897.6377952755906 184.251968503937 61.41732283464567 le
1883.4645669291338 1897.6377952755906 245.66929133858267 61.41732283464567 port
2036.2204724409448 1897.6377952755906 245.66929133858267 61.41732283464567 tout
2159.0551181102364 1897.6377952755906 122.83464566929133 61.41732283464567 ce

455.11811023622045 1960.6299212598426 215.748031496063 85.03937007874016 qui
579.5275590551181 1960.6299212598426 370.0787401574803 85.03937007874016 songeait
856.6929133858267 1960.6299212598426 154.33070866141733 85.03937007874016 à
919.6850393700787 1960.6299212598426 185.82677165354332 85.03937007874016 en
1012.5984251968504 1960.6299212598426 340.15748031496065 85.03937007874016 sortir.
1259.8425196850394 1960.6299212598426 247.24409448818898 85.03937007874016 Dans
1414.1732283464567 1960.6299212598426 278.74015748031496 85.03937007874016 cette
1598.4251968503936 1960.6299212598426 462.99212598425197 85.03937007874016 conjoncture
1938.5826771653544 1960.6299212598426 340.15748031496065 85.03937007874016 critique,

450.3937007874016 2026.7716535433071 163.7795275590551 81.88976377952756 on
532.2834645669292 2026.7716535433071 163.7795275590551 81.88976377952756 ne
614.1732283464567 2026.7716535433071 300.78740157480314 81.88976377952756 pouvait
833.0708661417323 2026.7716535433071 272.4409448818898 81.88976377952756 songer
1023.6220472440945 2026.7716535433071 218.89763779527559 81.88976377952756 qu’à
1160.6299212598426 2026.7716535433071 355.90551181102364 81.88976377952756 préserver
1433.0708661417323 2026.7716535433071 382.6771653543307 81.88976377952756 l’équipage
1733.8582677165355 2026.7716535433071 163.7795275590551 81.88976377952756 de
1815.748031496063 2026.7716535433071 245.66929133858267 81.88976377952756 la
1952.755905511811 2026.7716535433071 327.5590551181102 81.88976377952756 Sirène

453.54330708661416 2092.9133858267714 176.3779527559055 78.74015748031496 et
541.7322834645669 2092.9133858267714 206.29921259842519 78.74015748031496 ses
659.8425196850394 2092.9133858267714 382.6771653543307 78.74015748031496 passagers
954.3307086614174 2092.9133858267714 206.29921259842519 78.74015748031496 des
1072.4409448818897 2092.9133858267714 324.40944881889766 78.74015748031496 dangers
1308.6614173228347 2092.9133858267714 206.29921259842519 78.74015748031496 qui
1426.7716535433071 2092.9133858267714 206.29921259842519 78.74015748031496 les
1543.3070866141732 2092.9133858267714 442.5196850393701 78.74015748031496 attendaient
1897.6377952755906 2092.9133858267714 206.29921259842519 78.74015748031496 sur
2015.748031496063 2092.9133858267714 176.3779527559055 78.74015748031496 la
2074.015748031496 2092.9133858267714 206.29921259842519 78.74015748031496 côte,

451.9685039370079 2159.0551181102364 174.8031496062992 72.44094488188976 et
538.5826771653543 2159.0551181102364 319.68503937007875 72.44094488188976 pendant
771.6535433070866 2159.0551181102364 261.4173228346457 72.44094488188976 trois
944.8818897637796 2159.0551181102364 261.4173228346457 72.44094488188976 jours
1119.6850393700788 2159.0551181102364 174.8031496062992 72.44094488188976 et
1206.2992125984251 2159.0551181102364 233.0708661417323 72.44094488188976 deux
1352.755905511811 2159.0551181102364 261.4173228346457 72.44094488188976 nuits
1525.984251968504 2159.0551181102364 203.1496062992126 72.44094488188976 que
1642.5196850393702 2159.0551181102364 233.0708661417323 72.44094488188976 dura
1787.4015748031495 2159.0551181102364 261.4173228346457 72.44094488188976 cette
1933.8582677165355 2159.0551181102364 348.0314960629921 72.44094488188976 tourmente,

448.81889763779526 2222.047244094488 171.6535433070866 70.86614173228347 le
533.8582677165355 2222.047244094488 314.96062992125985 70.86614173228347 général
763.7795275590552 2222.047244094488 314.96062992125985 70.86614173228347 Clausel
993.7007874015748 2222.047244094488 258.26771653543307 70.86614173228347 avait
1165.3543307086613 2222.047244094488 229.92125984251967 70.86614173228347 fait
1308.6614173228347 2222.047244094488 286.61417322834643 70.86614173228347 garder
1508.6614173228347 2222.047244094488 258.26771653543307 70.86614173228347 toute
1681.8897637795276 2222.047244094488 171.6535433070866 70.86614173228347 la
1766.9291338582677 2222.047244094488 229.92125984251967 70.86614173228347 côte
1910.236220472441 2222.047244094488 200.0 70.86614173228347 par
2025.1968503937007 2222.047244094488 171.6535433070866 70.86614173228347 de
2083.464566929134 2222.047244094488 200.0 70.86614173228347 l’in-

455.11811023622045 2289.763779527559 352.755905511811 89.76377952755905 fanterie
721.2598425196851 2289.763779527559 176.3779527559055 89.76377952755905 et
809.4488188976378 2289.763779527559 176.3779527559055 89.76377952755905 de
897.6377952755905 2289.763779527559 176.3779527559055 89.76377952755905 la
985.8267716535433 2289.763779527559 382.6771653543307 89.76377952755905 cavalerie
1280.3149606299212 2289.763779527559 236.2204724409449 89.76377952755905 pour
1426.7716535433071 2289.763779527559 412.59842519685037 89.76377952755905 recueillir
1751.1811023622047 2289.763779527559 206.29921259842519 89.76377952755905 les
1867.716535433071 2289.763779527559 412.59842519685037 89.76377952755905 naufragés.
2162.2047244094488 2289.763779527559 118.11023622047244 89.76377952755905 De

445.6692913385827 2352.755905511811 222.04724409448818 85.03937007874016 son
571.6535433070866 2352.755905511811 285.03937007874015 85.03937007874016 côté,
762.2047244094488 2352.755905511811 190.5511811023622 85.03937007874016 le
856.6929133858267 2352.755905511811 442.5196850393701 85.03937007874016 commandant
1204.724409448819 2352.755905511811 442.5196850393701 85.03937007874016 Charmasson
1554.3307086614172 2352.755905511811 190.5511811023622 85.03937007874016 ne
1648.8188976377953 2352.755905511811 379.5275590551181 85.03937007874016 quittait
1933.8582677165355 2352.755905511811 222.04724409448818 85.03937007874016 pas
2059.8425196850394 2352.755905511811 190.5511811023622 85.03937007874016 sa
2122.834645669291 2352.755905511811 159.0551181102362 85.03937007874016 du-

455.11811023622045 2426.771653543307 299.21259842519686 72.44094488188976 nette;
664.5669291338583 2426.771653543307 570.0787401574803 72.44094488188976 continuellement
1144.8818897637796 2426.771653543307 179.5275590551181 72.44094488188976 il
1234.6456692913387 2426.771653543307 359.0551181102362 72.44094488188976 veillait
1503.9370078740158 2426.771653543307 209.4488188976378 72.44094488188976 sur
1623.6220472440946 2426.771653543307 179.5275590551181 72.44094488188976 le
1713.3858267716535 2426.771653543307 239.37007874015748 72.44094488188976 sort
1864.5669291338584 2426.771653543307 209.4488188976378 72.44094488188976 des
1984.251968503937 2426.771653543307 239.37007874015748 72.44094488188976 deux
2103.9370078740158 2426.771653543307 179.5275590551181 72.44094488188976 ché-

451.9685039370079 2491.3385826771655 305.51181102362204 77.16535433070867 becks,
664.5669291338583 2491.3385826771655 182.6771653543307 77.16535433070867 et
757.4803149606299 2491.3385826771655 396.8503937007874 77.16535433070867 plusieurs
1061.4173228346456 2491.3385826771655 244.09448818897638 77.16535433070867 fois
1214.1732283464567 2491.3385826771655 182.6771653543307 77.16535433070867 il
1307.0866141732283 2491.3385826771655 335.43307086614175 77.16535433070867 réussit
1551.1811023622047 2491.3385826771655 152.75590551181102 77.16535433070867 à
1611.023622047244 2491.3385826771655 244.09448818897638 77.16535433070867 leur
1763.7795275590552 2491.3385826771655 275.59055118110234 77.16535433070867 faire
1948.0314960629921 2491.3385826771655 305.51181102362204 77.16535433070867 passer
2130.7086614173227 2491.3385826771655 152.75590551181102 77.16535433070867 des

455.11811023622045 2554.3307086614172 324.40944881889766 69.29133858267717 vivres.
691.3385826771654 2554.3307086614172 324.40944881889766 69.29133858267717 Pendant
927.5590551181102 2554.3307086614172 177.95275590551182 69.29133858267717 ce
1017.3228346456693 2554.3307086614172 266.1417322834646 69.29133858267717 temps
1193.7007874015749 2554.3307086614172 206.29921259842519 69.29133858267717 les
1311.8110236220473 2554.3307086614172 354.3307086614173 69.29133858267717 chébecks
1577.9527559055118 2554.3307086614172 177.95275590551182 69.29133858267717 et
1666.1417322834645 2554.3307086614172 177.95275590551182 69.29133858267717 la
1754.3307086614172 2554.3307086614172 324.40944881889766 69.29133858267717 frégate
1962.2047244094488 2554.3307086614172 324.40944881889766 69.29133858267717 couraient

453.54330708661416 2620.472440944882 209.4488188976378 74.01574803149606 les
573.2283464566929 2620.472440944882 240.9448818897638 74.01574803149606 plus
724.4094488188977 2620.472440944882 300.78740157480314 74.01574803149606 grands
933.8582677165355 2620.472440944882 360.62992125984255 74.01574803149606 dangers,
1204.724409448819 2620.472440944882 209.4488188976378 74.01574803149606 ils
1324.4094488188975 2620.472440944882 629.9212598425197 74.01574803149606 s’entrechoquaient
1864.5669291338584 2620.472440944882 149.60629921259843 74.01574803149606 à
1924.4094488188975 2620.472440944882 300.78740157480314 74.01574803149606 chaque
2105.511811023622 2620.472440944882 179.5275590551181 74.01574803149606 ins-

464.56692913385825 2688.1889763779527 240.9448818897638 83.46456692913385 tant;
625.1968503937007 2688.1889763779527 240.9448818897638 83.46456692913385 la
785.8267716535433 2688.1889763779527 374.8031496062992 83.46456692913385 Sirène
1078.740157480315 2688.1889763779527 321.25984251968504 83.46456692913385 chassait
1319.6850393700788 2688.1889763779527 187.4015748031496 83.46456692913385 sur
1426.7716535433071 2688.1889763779527 187.4015748031496 83.46456692913385 ses
1533.8582677165355 2688.1889763779527 294.48818897637796 83.46456692913385 ancres,
1748.0314960629921 2688.1889763779527 294.48818897637796 83.46456692913385 rompait
1960.6299212598426 2688.1889763779527 187.4015748031496 83.46456692913385 ses
2040.9448818897638 2688.1889763779527 240.9448818897638 83.46456692913385 câbles,

459.84251968503935 2755.9055118110236 346.45669291338584 64.56692913385827 brisait
711.8110236220473 2755.9055118110236 188.9763779527559 64.56692913385827 sa
806.2992125984252 2755.9055118110236 314.96062992125985 64.56692913385827 grande
1026.7716535433071 2755.9055118110236 314.96062992125985 64.56692913385827 vergue
1247.244094488189 2755.9055118110236 440.9448818897638 64.56692913385827 endommagée
1593.7007874015749 2755.9055118110236 251.96850393700788 64.56692913385827 déjà
1751.1811023622047 2755.9055118110236 220.4724409448819 64.56692913385827 par
1877.1653543307086 2755.9055118110236 220.4724409448819 64.56692913385827 une
1971.6535433070867 2755.9055118110236 314.96062992125985 64.56692913385827 bourras-

456.6929133858268 2829.9212598425197 220.4724409448819 72.44094488188976 que
582.6771653543307 2829.9212598425197 379.5275590551181 72.44094488188976 éprouvée
867.7165354330708 2829.9212598425197 251.96850393700788 72.44094488188976 sous
1025.1968503937007 2829.9212598425197 316.53543307086613 72.44094488188976 Mahon,
1245.6692913385828 2829.9212598425197 348.0314960629921 72.44094488188976 perdait
1499.2125984251968 2829.9212598425197 220.4724409448819 72.44094488188976 son
1625.1968503937007 2829.9212598425197 474.01574803149606 72.44094488188976 gouvernail,
2004.724409448819 2829.9212598425197 220.4724409448819 72.44094488188976 et,
2099.212598425197 2829.9212598425197 188.9763779527559 72.44094488188976 sans

450.3937007874016 2881.8897637795276 211.0236220472441 81.88976377952756 son
570.0787401574803 2881.8897637795276 270.86614173228344 81.88976377952756 câble
751.1811023622047 2881.8897637795276 181.10236220472441 81.88976377952756 en
842.5196850393701 2881.8897637795276 300.78740157480314 81.88976377952756 chaîne
1053.5433070866143 2881.8897637795276 211.0236220472441 81.88976377952756 qui
1173.2283464566929 2881.8897637795276 240.9448818897638 81.88976377952756 tint
1324.4094488188975 2881.8897637795276 211.0236220472441 81.88976377952756 bon
1444.0944881889764 2881.8897637795276 362.20472440944883 81.88976377952756 jusqu’au
1714.9606299212599 2881.8897637795276 270.86614173228344 81.88976377952756 bout,
1896.0629921259842 2881.8897637795276 240.9448818897638 81.88976377952756 elle
2047.244094488189 2881.8897637795276 211.0236220472441 81.88976377952756 eût
2137.0078740157483 2881.8897637795276 151.1811023622047 81.88976377952756 été

455.11811023622045 2952.755905511811 543.3070866141733 74.01574803149606 infailliblement
911.8110236220473 2952.755905511811 171.6535433070866 74.01574803149606 se
998.4251968503937 2952.755905511811 286.61417322834643 74.01574803149606 perdre
1198.4251968503936 2952.755905511811 143.30708661417322 74.01574803149606 à
1255.1181102362204 2952.755905511811 171.6535433070866 74.01574803149606 la
1341.732283464567 2952.755905511811 256.6929133858268 74.01574803149606 côte.
1513.3858267716535 2952.755905511811 171.6535433070866 74.01574803149606 Le
1598.4251968503936 2952.755905511811 228.3464566929134 74.01574803149606 zèle
1741.732283464567 2952.755905511811 171.6535433070866 74.01574803149606 et
1826.7716535433071 2952.755905511811 171.6535433070866 74.01574803149606 la
1913.3858267716535 2952.755905511811 371.65354330708664 74.01574803149606 constance
2170.0787401574803 2952.755905511811 114.96062992125984 74.01574803149606 du

456.6929133858268 3015.748031496063 400.0 72.44094488188976 commandant
771.6535433070866 3015.748031496063 171.6535433070866 72.44094488188976 de
856.6929133858267 3015.748031496063 258.26771653543307 72.44094488188976 la
1028.3464566929133 3015.748031496063 429.9212598425197 72.44094488188976 Sirène
1371.6535433070867 3015.748031496063 171.6535433070866 72.44094488188976 le
1458.267716535433 3015.748031496063 400.0 72.44094488188976 dévouement
1773.2283464566929 3015.748031496063 171.6535433070866 72.44094488188976 de
1858.267716535433 3015.748031496063 228.3464566929134 72.44094488188976 tous
2001.5748031496064 3015.748031496063 200.0 72.44094488188976 les
2088.1889763779527 3015.748031496063 200.0 72.44094488188976 offi-

456.6929133858268 3088.1889763779527 262.99212598425197 89.76377952755905 ciers
631.496062992126 3088.1889763779527 174.8031496062992 89.76377952755905 et
718.1102362204724 3088.1889763779527 291.33858267716533 89.76377952755905 marins
922.8346456692914 3088.1889763779527 233.0708661417323 89.76377952755905 sous
1067.716535433071 3088.1889763779527 204.7244094488189 89.76377952755905 ses
1184.251968503937 3088.1889763779527 321.25984251968504 89.76377952755905 ordres,
1417.3228346456692 3088.1889763779527 407.87401574803147 89.76377952755905 parvinrent
1738.5826771653544 3088.1889763779527 146.45669291338584 89.76377952755905 à
1796.8503937007874 3088.1889763779527 349.6062992125984 89.76377952755905 conjurer
2058.267716535433 3088.1889763779527 174.8031496062992 89.76377952755905 ce
2116.535433070866 3088.1889763779527 174.8031496062992 89.76377952755905 mal-

458.26771653543307 3148.031496062992 270.86614173228344 74.01574803149606 heur.
637.7952755905512 3148.031496062992 209.4488188976378 74.01574803149606 Sur
759.0551181102362 3148.031496062992 179.5275590551181 74.01574803149606 la
848.8188976377953 3148.031496062992 209.4488188976378 74.01574803149606 fin
968.503937007874 3148.031496062992 179.5275590551181 74.01574803149606 du
1058.267716535433 3148.031496062992 390.5511811023622 74.01574803149606 troisième
1359.0551181102362 3148.031496062992 240.9448818897638 74.01574803149606 jour
1508.6614173228347 3148.031496062992 179.5275590551181 74.01574803149606 la
1598.4251968503936 3148.031496062992 209.4488188976378 74.01574803149606 mer
1719.6850393700788 3148.031496062992 179.5275590551181 74.01574803149606 se
1809.4488188976377 3148.031496062992 300.78740157480314 74.01574803149606 calma,
2018.8976377952756 3148.031496062992 240.9448818897638 74.01574803149606 tous
2140.1574803149606 3148.031496062992 149.60629921259843 74.01574803149606 les

462.99212598425197 3214.1732283464567 359.0551181102362 78.74015748031496 passagers
740.1574803149606 3214.1732283464567 277.1653543307087 78.74015748031496 furent
933.8582677165355 3214.1732283464567 248.8188976377953 78.74015748031496 reçus
1099.2125984251968 3214.1732283464567 138.58267716535434 78.74015748031496 à
1154.3307086614172 3214.1732283464567 248.8188976377953 78.74015748031496 bord,
1321.259842519685 3214.1732283464567 165.35433070866142 78.74015748031496 et
1403.1496062992126 3214.1732283464567 248.8188976377953 78.74015748031496 la
1570.0787401574803 3214.1732283464567 387.40157480314963 78.74015748031496 Sirène
1874.015748031496 3214.1732283464567 193.70078740157481 78.74015748031496 mit
1984.251968503937 3214.1732283464567 138.58267716535434 78.74015748031496 à
2039.3700787401574 3214.1732283464567 165.35433070866142 78.74015748031496 la
2094.488188976378 3214.1732283464567 193.70078740157481 78.74015748031496 voile

458.26771653543307 3281.8897637795276 240.9448818897638 77.16535433070867 pour
607.8740157480315 3281.8897637795276 330.70866141732284 77.16535433070867 Toulon,
848.8188976377953 3281.8897637795276 179.5275590551181 77.16535433070867 où
938.5826771653543 3281.8897637795276 240.9448818897638 77.16535433070867 elle
1088.1889763779527 3281.8897637795276 300.78740157480314 77.16535433070867 arriva
1299.2125984251968 3281.8897637795276 209.4488188976378 77.16535433070867 sur
1418.8976377952756 3281.8897637795276 179.5275590551181 77.16535433070867 la
1508.6614173228347 3281.8897637795276 209.4488188976378 77.16535433070867 fin
1629.9212598425197 3281.8897637795276 179.5275590551181 77.16535433070867 de
1719.6850393700788 3281.8897637795276 360.62992125984255 77.16535433070867 janvier,
1988.976377952756 3281.8897637795276 270.86614173228344 77.16535433070867 après
2140.1574803149606 3281.8897637795276 149.60629921259843 77.16535433070867 une

456.6929133858268 3344.8818897637793 365.3543307086614 102.36220472440945 heureuse
700.7874015748032 3344.8818897637793 365.3543307086614 102.36220472440945 traversée.

600.0 3461.417322834646 160.62992125984252 111.81102362204724 H.
680.3149606299213 3461.417322834646 160.62992125984252 111.81102362204724 2.
760.6299212598425 3461.417322834646 187.4015748031496 111.81102362204724 58.
867.7165354330708 3461.417322834646 133.85826771653544 111.81102362204724 —
921.2598425196851 3461.417322834646 160.62992125984252 111.81102362204724 L.
1001.5748031496063 3461.417322834646 160.62992125984252 111.81102362204724 4,
1081.8897637795276 3461.417322834646 187.4015748031496 111.81102362204724 18.
1187.4015748031495 3461.417322834646 133.85826771653544 111.81102362204724 —
1240.9448818897638 3461.417322834646 214.17322834645668 111.81102362204724 Fig.
1374.8031496062993 3461.417322834646 160.62992125984252 111.81102362204724 de
1455.1181102362204 3461.417322834646 160.62992125984252 111.81102362204724 0,
1508.6614173228347 3461.417322834646 133.85826771653544 111.81102362204724 40.

1732.283464566929 3555.9055118110236 289.76377952755905 124.40944881889764 (Salon
1933.8582677165355 3555.9055118110236 173.22834645669292 124.40944881889764 de
1992.1259842519685 3555.9055118110236 231.49606299212599 124.40944881889764 1835.)

267.7165354330709 3719.685039370079 193.70078740157481 121.25984251968504 87.
379.5275590551181 3719.685039370079 332.2834645669291 121.25984251968504 Incendie
628.3464566929134 3719.685039370079 166.9291338582677 121.25984251968504 du
685.0393700787401 3719.685039370079 388.9763779527559 121.25984251968504 Kent

533.8582677165355 3867.716535433071 174.8031496062992 78.74015748031496 Le
622.0472440944882 3867.716535433071 467.7165354330709 78.74015748031496 Hent
1001.5748031496063 3867.716535433071 351.18110236220474 78.74015748031496 vaisseau
1264.5669291338584 3867.716535433071 174.8031496062992 78.74015748031496 de
1352.755905511811 3867.716535433071 174.8031496062992 78.74015748031496 la
1439.3700787401574 3867.716535433071 379.5275590551181 78.74015748031496 Compagnie
1732.283464566929 3867.716535433071 204.7244094488189 78.74015748031496 des
1848.8188976377953 3867.716535433071 291.33858267716533 78.74015748031496 Indes,
2023.6220472440946 3867.716535433071 262.99212598425197 78.74015748031496 destiné

470.86614173228344 3944.8818897637793 259.84251968503935 85.03937007874016 pour
633.0708661417323 3944.8818897637793 193.70078740157481 85.03937007874016 le
730.7086614173228 3944.8818897637793 388.9763779527559 85.03937007874016 Bengale,
1022.0472440944882 3944.8818897637793 291.33858267716533 85.03937007874016 ayant
1217.3228346456692 3944.8818897637793 162.20472440944883 85.03937007874016 à
1281.8897637795276 3944.8818897637793 226.77165354330708 85.03937007874016 son
1411.023622047244 3944.8818897637793 259.84251968503935 85.03937007874016 bord
1573.2283464566929 3944.8818897637793 226.77165354330708 85.03937007874016 532
1703.9370078740158 3944.8818897637793 355.90551181102364 85.03937007874016 hommes,
1962.2047244094488 3944.8818897637793 193.70078740157481 85.03937007874016 43
2026.7716535433071 3944.8818897637793 259.84251968503935 85.03937007874016 femmes
