1823 3131
638 340 290 89 PEINTURE.

1307 315 136 105 19

286 444 168 57 nons,
399 444 168 57 était
511 444 224 57 mouillée
679 444 150 57 dans
773 444 112 57 la
829 444 150 57 rade
922 444 206 57 d’Alger
1072 444 168 57 entre
1184 444 131 57 les
1240 444 206 57 batteries

285 499 107 44 du
339 499 143 44 Môle
428 499 107 44 et
482 499 107 44 le
535 499 125 44 cap
607 499 232 44 Matifoux.
785 499 143 44 Elle
875 499 107 44 se
928 499 232 44 disposait
1107 499 89 44 à
1142 499 161 44 faire
1250 499 161 44 voile
1339 499 107 44 pour

278 534 127 52 la
341 534 234 52 France;
511 534 170 52 deux
618 534 255 52 chébecks
809 534 234 52 chargés
979 534 127 52 de
1042 534 255 52 troupes,
1212 534 234 52 commandés

284 587 131 42 par
359 587 113 42 le
416 587 413 42 lieutenant-colonel
772 587 244 42 Carcenac,
960 587 206 42 étaient
1110 587 244 42 remorqués
1298 587 150 42 vers
1373 587 75 42 la

281 616 237 47 frégate.
459 616 158 47 Tout
558 616 99 47 à
597 616 158 47 coup
696 616 119 47 un
755 616 158 47 vent
854 616 217 47 violent
1012 616 178 47 agita
1131 616 119 47 la
1190 616 158 47 mer,
1289 616 119 47 un
1328 616 119 47 cou-

281 657 151 47 rant
375 657 245 47 fortement
563 657 188 47 établi
695 657 226 47 entraîna
865 657 94 47 à
902 657 113 47 la
959 657 151 47 côte
1053 657 132 47 les
1128 657 245 47 chaloupes
1316 657 113 47 de
1354 657 94 47 re-

284 699 191 46 morque
417 699 152 46 dont
513 699 133 46 les
589 699 210 46 rameurs
741 699 248 46 faisaient
932 699 267 46 d’inutiles
1141 699 229 46 efforts.
1294 699 152 46 Cepen-

282 743 155 48 dant
379 743 116 48 la
437 743 194 48 fureur
572 743 116 48 de
631 743 116 48 la
689 743 136 48 mer
766 743 194 48 allait
902 743 233 48 toujours
1077 743 271 48 croissant;
1290 743 116 48 le
1329 743 116 48 com-

283 789 217 45 mandant
441 789 118 45 de
500 789 118 45 la
560 789 237 45 frégate,
737 789 118 45 M.
797 789 296 45 Charmasson,
1033 789 257 45 éprouvant
1231 789 138 45 des
1290 789 158 45 crain-

285 826 145 54 tes
368 826 269 54 sérieuses
575 826 166 54 pour
679 826 145 54 les
762 826 166 54 deux
865 826 269 54 chébecks,
1072 826 249 54 réussit,
1259 826 145 54 non
1321 826 124 54 sans

284 868 197 54 peine,
422 868 98 54 à
461 868 98 54 y
501 868 177 54 faire
618 868 236 54 parvenir
795 868 118 54 de
854 868 197 54 fortes
992 868 236 54 amarres,
1169 868 98 54 à
1208 868 197 54 l’aide
1326 868 118 54 des-

286 908 203 55 quelles
433 908 129 55 ils
507 908 111 55 se
562 908 221 55 hâlèrent
728 908 184 55 jusque
857 908 147 55 près
949 908 111 55 de
1004 908 111 55 la
1059 908 221 55 frégate.
1225 908 111 55 La
1280 908 166 55 vague
1372 908 74 55 se

281 952 257 48 soulevait
479 952 158 48 avec
577 952 158 48 tant
676 952 118 48 de
735 952 237 48 violence
913 952 138 48 que
992 952 257 48 plusieurs
1170 952 276 48 embarcations

285 997 191 44 furent
418 997 210 44 brisées
571 997 114 44 en
628 997 305 44 s’approchant
876 997 114 44 de
933 997 133 44 son
1009 997 171 44 bord.
1123 997 191 44 L’état
1257 997 114 44 de
1314 997 114 44 la
1352 997 95 44 mer

285 1034 228 47 devenait
456 1034 95 47 à
494 1034 190 47 chaque
627 1034 209 47 instant
779 1034 152 47 plus
875 1034 266 47 effrayant;
1084 1034 228 47 l’espoir
1255 1034 152 47 d’un
1331 1034 114 47 pro-

284 1087 169 42 chain
397 1087 225 42 naufrage
565 1087 225 42 attirait
734 1087 150 42 déjà
828 1087 150 42 vers
921 1087 112 42 le
978 1087 150 42 fort
1071 1087 225 42 Matifoux
1240 1087 131 42 des
1296 1087 150 42 hordes

284 1123 120 54 de
344 1123 260 54 Bédouins;
544 1123 180 54 aucun
665 1123 220 54 secours
825 1123 120 54 ne
885 1123 220 54 pouvait
1045 1123 160 54 être
1145 1123 180 54 porté
1266 1123 140 54 aux
1326 1123 120 54 deux

284 1162 256 48 chébecks;
481 1162 118 48 le
540 1162 177 48 canon
659 1162 236 48 d’alarme
836 1162 118 48 se
895 1162 217 48 faisait
1053 1162 236 48 entendre
1230 1162 138 48 par
1289 1162 158 48 inter-

283 1205 214 39 valles,
438 1205 156 39 mais
535 1205 117 39 en
594 1205 175 39 vain:
710 1205 117 39 la
769 1205 136 39 mer
846 1205 253 39 refoulait
1041 1205 156 39 vers
1138 1205 117 39 le
1196 1205 156 39 port
1293 1205 156 39 tout
1371 1205 78 39 ce

289 1245 137 54 qui
368 1245 235 54 songeait
544 1245 98 54 à
584 1245 118 54 en
643 1245 216 54 sortir.
800 1245 157 54 Dans
898 1245 177 54 cette
1015 1245 294 54 conjoncture
1231 1245 216 54 critique,

286 1287 104 52 on
338 1287 104 52 ne
390 1287 191 52 pouvait
529 1287 173 52 songer
650 1287 139 52 qu’à
737 1287 226 52 préserver
910 1287 243 52 l’équipage
1101 1287 104 52 de
1153 1287 156 52 <i>la
1240 1287 208 52 Sirène</i>

288 1329 112 50 et
344 1329 131 50 ses
419 1329 243 50 passagers
606 1329 131 50 des
681 1329 206 50 dangers
831 1329 131 50 qui
906 1329 131 50 les
980 1329 281 50 attendaient
1205 1329 131 50 sur
1280 1329 112 50 la
1317 1329 131 50 côte,

287 1371 111 46 et
342 1371 203 46 pendant
490 1371 166 46 trois
600 1371 166 46 jours
711 1371 111 46 et
766 1371 148 46 deux
859 1371 166 46 nuits
969 1371 129 46 que
1043 1371 148 46 dura
1135 1371 166 46 cette
1228 1371 221 46 tourmente,

285 1411 109 45 le
339 1411 200 45 général
485 1411 200 45 Clausel
631 1411 164 45 avait
740 1411 146 45 fait
831 1411 182 45 garder
958 1411 164 45 toute
1068 1411 109 45 la
1122 1411 146 45 côte
1213 1411 127 45 par
1286 1411 109 45 de
1323 1411 127 45 l’in-

289 1454 224 57 fanterie
458 1454 112 57 et
514 1454 112 57 de
570 1454 112 57 la
626 1454 243 57 cavalerie
813 1454 150 57 pour
906 1454 262 57 recueillir
1112 1454 131 57 les
1186 1454 262 57 naufragés.
1373 1454 75 57 De

283 1494 141 54 son
363 1494 181 54 côté,
484 1494 121 54 le
544 1494 281 54 commandant
765 1494 281 54 Charmasson
987 1494 121 54 ne
1047 1494 241 54 quittait
1228 1494 141 54 pas
1308 1494 121 54 sa
1348 1494 101 54 du-

289 1541 190 46 nette;
422 1541 362 46 continuellement
727 1541 114 46 il
784 1541 228 46 veillait
955 1541 133 46 sur
1031 1541 114 46 le
1088 1541 152 46 sort
1184 1541 133 46 des
1260 1541 152 46 deux
1336 1541 114 46 ché-

287 1582 194 49 becks,
422 1582 116 49 et
481 1582 252 49 plusieurs
674 1582 155 49 fois
771 1582 116 49 il
830 1582 213 49 réussit
985 1582 97 49 à
1023 1582 155 49 leur
1120 1582 175 49 faire
1237 1582 194 49 passer
1353 1582 97 49 des

289 1622 206 44 vivres.
439 1622 206 44 Pendant
589 1622 113 44 ce
646 1622 169 44 temps
758 1622 131 44 les
833 1622 225 44 chébecks
1002 1622 113 44 et
1058 1622 113 44 la
1114 1622 206 44 frégate
1246 1622 206 44 couraient

288 1664 133 47 les
364 1664 153 47 plus
460 1664 191 47 grands
593 1664 229 47 dangers,
765 1664 133 47 ils
841 1664 400 47 s’entrechoquaient
1184 1664 95 47 à
1222 1664 191 47 chaque
1337 1664 114 47 ins-

295 1707 153 53 tant;
397 1707 153 53 <i>la
499 1707 238 53 Sirène</i>
685 1707 204 53 chassait
838 1707 119 53 sur
906 1707 119 53 ses
974 1707 187 53 ancres,
1110 1707 187 53 rompait
1245 1707 119 53 ses
1296 1707 153 53 câbles,

292 1750 220 41 brisait
452 1750 120 41 sa
512 1750 200 41 grande
652 1750 200 41 vergue
792 1750 280 41 endommagée
1012 1750 160 41 déjà
1112 1750 140 41 par
1192 1750 140 41 une
1252 1750 200 41 bourras-

290 1797 140 46 que
370 1797 241 46 éprouvée
551 1797 160 46 sous
651 1797 201 46 Mahon,
791 1797 221 46 perdait
952 1797 140 46 son
1032 1797 301 46 gouvernail,
1273 1797 140 46 et,
1333 1797 120 46 sans

286 1830 134 52 son
362 1830 172 52 câble
477 1830 115 52 en
535 1830 191 52 chaîne
669 1830 134 52 qui
745 1830 153 52 tint
841 1830 134 52 bon
917 1830 230 52 jusqu’au
1089 1830 172 52 bout,
1204 1830 153 52 elle
1300 1830 134 52 eût
1357 1830 96 52 été

289 1875 345 47 infailliblement
579 1875 109 47 se
634 1875 182 47 perdre
761 1875 91 47 à
797 1875 109 47 la
852 1875 163 47 côte.
961 1875 109 47 Le
1015 1875 145 47 zèle
1106 1875 109 47 et
1160 1875 109 47 la
1215 1875 236 47 constance
1378 1875 73 47 du

290 1915 254 46 commandant
490 1915 109 46 de
544 1915 164 46 <i>la
653 1915 273 46 Sirène</i>,
871 1915 109 46 le
926 1915 254 46 dévouement
1126 1915 109 46 de
1180 1915 145 46 tous
1271 1915 127 46 les
1326 1915 127 46 offi-

290 1961 167 57 ciers
401 1961 111 57 et
456 1961 185 57 marins
586 1961 148 57 sous
678 1961 130 57 ses
752 1961 204 57 ordres,
900 1961 259 57 parvinrent
1104 1961 93 57 à
1141 1961 222 57 conjurer
1307 1961 111 57 ce
1344 1961 111 57 mal-

291 1999 172 47 heur.
405 1999 133 47 Sur
482 1999 114 47 la
539 1999 133 47 fin
615 1999 114 47 du
672 1999 248 47 troisième
863 1999 153 47 jour
958 1999 114 47 la
1015 1999 133 47 mer
1092 1999 114 47 se
1149 1999 191 47 calma,
1282 1999 153 47 tous
1359 1999 95 47 les

294 2041 228 50 passagers
470 2041 176 50 furent
593 2041 158 50 reçus
698 2041 88 50 à
733 2041 158 50 bord,
839 2041 105 50 et
891 2041 158 50 <i>la
997 2041 246 50 Sirène</i>
1190 2041 123 50 mit
1260 2041 88 50 à
1295 2041 105 50 la
1330 2041 123 50 voile

291 2084 153 49 pour
386 2084 210 49 Toulon,
539 2084 114 49 où
596 2084 153 49 elle
691 2084 191 49 arriva
825 2084 133 49 sur
901 2084 114 49 la
958 2084 133 49 fin
1035 2084 114 49 de
1092 2084 229 49 janvier,
1263 2084 172 49 après
1359 2084 95 49 une

290 2124 232 65 heureuse
445 2124 232 65 traversée.

381 2198 102 71 H.
432 2198 102 71 2.
483 2198 119 71 58.
551 2198 85 71 —
585 2198 102 71 L.
636 2198 102 71 4,
687 2198 119 71 18.
754 2198 85 71 —
788 2198 136 71 Fig.
873 2198 102 71 de
924 2198 102 71 0,
958 2198 85 71 40.

1100 2258 184 79 (Salon
1228 2258 110 79 de
1265 2258 147 79 1835.)

170 2362 123 77 87.
241 2362 211 77 Incendie
399 2362 106 77 du
435 2362 247 77 <i>Kent</i>.

339 2456 111 50 Le
395 2456 297 50 <i>Hent</i>,
636 2456 223 50 vaisseau
803 2456 111 50 de
859 2456 111 50 la
914 2456 241 50 Compagnie
1100 2456 130 50 des
1174 2456 185 50 Indes,
1285 2456 167 50 destiné

299 2505 165 54 pour
402 2505 123 54 le
464 2505 247 54 Bengale,
649 2505 185 54 ayant
773 2505 103 54 à
814 2505 144 54 son
896 2505 165 54 bord
999 2505 144 54 532
1082 2505 226 54 hommes,
1246 2505 123 54 43
1287 2505 165 54 femmes
