2803.149606299213 4949.606299212598
406.2992125984252 514.9606299212599 236.2204724409449 159.0551181102362 20

1266.1417322834645 519.6850393700787 459.84251968503935 152.75590551181102 PEINTURE.

691.3385826771654 650.3937007874016 207.8740157480315 148.03149606299212 et
795.2755905511812 650.3937007874016 346.45669291338584 148.03149606299212 nombre
1037.7952755905512 650.3937007874016 485.03937007874015 148.03149606299212 d’enfants,
1418.8976377952756 650.3937007874016 311.81102362204723 148.03149606299212 prend
1626.7716535433071 650.3937007874016 277.1653543307087 148.03149606299212 feu,
1798.4251968503936 650.3937007874016 381.1023622047244 148.03149606299212 pendant
2075.5905511811025 650.3937007874016 242.51968503937007 148.03149606299212 une
2179.527559055118 650.3937007874016 346.45669291338584 148.03149606299212 tempête,

692.9133858267717 754.3307086614174 256.6929133858268 96.06299212598425 dans
853.5433070866142 754.3307086614174 193.70078740157481 96.06299212598425 la
949.6062992125984 754.3307086614174 256.6929133858268 96.06299212598425 baie
1110.236220472441 754.3307086614174 193.70078740157481 96.06299212598425 de
1174.8031496062993 754.3307086614174 321.25984251968504 96.06299212598425 Biscaye.

759.0551181102362 785.8267716535433 233.0708661417323 133.85826771653544 Les
892.9133858267717 785.8267716535433 467.7165354330709 133.85826771653544 malheureux
1259.8425196850394 785.8267716535433 434.6456692913386 133.85826771653544 passagers
1593.7007874015749 785.8267716535433 333.8582677165354 133.85826771653544 furent
1826.7716535433071 785.8267716535433 634.6456692913385 133.85826771653544 miraculeusement
2327.5590551181103 785.8267716535433 200.0 133.85826771653544 sau-

697.6377952755905 892.9133858267717 182.6771653543307 91.33858267716535 vés
803.1496062992126 892.9133858267717 182.6771653543307 91.33858267716535 par
907.0866141732283 892.9133858267717 155.90551181102362 91.33858267716535 le
984.2519685039371 892.9133858267717 234.64566929133858 91.33858267716535 brick
1141.732283464567 892.9133858267717 286.61417322834643 91.33858267716535 anglais
1349.6062992125985 892.9133858267717 234.64566929133858 91.33858267716535 la
1480.3149606299212 892.9133858267717 363.7795275590551 91.33858267716535 Cambria

755.9055118110236 940.1574803149606 200.0 96.06299212598425 Le
855.1181102362204 940.1574803149606 333.8582677165354 96.06299212598425 moment
1089.763779527559 940.1574803149606 467.7165354330709 96.06299212598425 représenté
1456.6929133858268 940.1574803149606 233.0708661417323 96.06299212598425 est
1590.5511811023623 940.1574803149606 300.78740157480314 96.06299212598425 celui
1790.5511811023623 940.1574803149606 200.0 96.06299212598425 où
1891.3385826771653 940.1574803149606 300.78740157480314 96.06299212598425 l’une
2091.3385826771655 940.1574803149606 233.0708661417323 96.06299212598425 des
2192.1259842519685 940.1574803149606 333.8582677165354 96.06299212598425 embarca-

696.0629921259842 995.2755905511812 275.59055118110234 113.38582677165354 tions
878.7401574803149 995.2755905511812 305.51181102362204 113.38582677165354 reçoit
1092.9133858267717 995.2755905511812 214.17322834645668 113.38582677165354 les
1214.1732283464567 995.2755905511812 305.51181102362204 113.38582677165354 femmes
1428.3464566929133 995.2755905511812 182.6771653543307 113.38582677165354 et
1519.6850393700788 995.2755905511812 214.17322834645668 113.38582677165354 les
1642.5196850393702 995.2755905511812 335.43307086614175 113.38582677165354 enfants
1886.6141732283465 995.2755905511812 214.17322834645668 113.38582677165354 que
2007.8740157480315 995.2755905511812 305.51181102362204 113.38582677165354 l’état
2222.047244094488 995.2755905511812 182.6771653543307 113.38582677165354 de
2313.3858267716537 995.2755905511812 182.6771653543307 113.38582677165354 la
2374.803149606299 995.2755905511812 152.75590551181102 113.38582677165354 mer

691.3385826771654 1100.7874015748032 418.8976377952756 78.74015748031496 obligeait
1012.5984251968504 1100.7874015748032 193.70078740157481 78.74015748031496 de
1108.6614173228347 1100.7874015748032 418.8976377952756 78.74015748031496 descendre
1431.4960629921259 1100.7874015748032 193.70078740157481 78.74015748031496 du
1527.5590551181103 1100.7874015748032 258.26771653543307 78.74015748031496 haut
1688.1889763779527 1100.7874015748032 193.70078740157481 78.74015748031496 de
1785.8267716535433 1100.7874015748032 193.70078740157481 78.74015748031496 la
1881.8897637795276 1100.7874015748032 321.25984251968504 78.74015748031496 poupe,
2107.0866141732286 1100.7874015748032 225.1968503937008 78.74015748031496 par
2236.220472440945 1100.7874015748032 193.70078740157481 78.74015748031496 le
2300.787401574803 1100.7874015748032 225.1968503937008 78.74015748031496 moyen

692.9133858267717 1157.4803149606298 250.39370078740157 99.21259842519684 d’un
848.8188976377953 1157.4803149606298 374.8031496062992 99.21259842519684 cordage,
1130.708661417323 1157.4803149606298 311.81102362204723 99.21259842519684 auquel
1349.6062992125985 1157.4803149606298 187.4015748031496 99.21259842519684 on
1442.5196850393702 1157.4803149606298 218.89763779527559 99.21259842519684 les
1568.5039370078741 1157.4803149606298 406.2992125984252 99.21259842519684 attachait
1880.3149606299212 1157.4803149606298 250.39370078740157 99.21259842519684 deux
2036.2204724409448 1157.4803149606298 155.90551181102362 99.21259842519684 a
2067.716535433071 1157.4803149606298 218.89763779527559 99.21259842519684 deux.

839.3700787401575 1237.7952755905512 162.20472440944883 149.60629921259843 H.
919.6850393700787 1237.7952755905512 162.20472440944883 149.60629921259843 2,
1000.0 1237.7952755905512 188.9763779527559 149.60629921259843 64.
1108.6614173228347 1237.7952755905512 133.85826771653544 149.60629921259843 —
1162.2047244094488 1237.7952755905512 162.20472440944883 149.60629921259843 L.
1242.5196850393702 1237.7952755905512 162.20472440944883 149.60629921259843 4,
1297.6377952755906 1237.7952755905512 133.85826771653544 149.60629921259843 20.

1951.1811023622047 1281.8897637795276 305.51181102362204 170.07874015748033 (Salon
2163.779527559055 1281.8897637795276 182.6771653543307 170.07874015748033 de
2225.196850393701 1281.8897637795276 244.09448818897638 170.07874015748033 1827.)

496.06299212598424 1483.4645669291338 322.8346456692913 99.21259842519684 HÉBERT
721.2598425196851 1483.4645669291338 935.4330708661417 99.21259842519684 (ERNEST-ANTOINE-AUGUSTE),
1559.0551181102362 1483.4645669291338 289.76377952755905 99.21259842519684 né
1752.755905511811 1483.4645669291338 160.62992125984252 99.21259842519684 à
1817.3228346456692 1483.4645669291338 387.40157480314963 99.21259842519684 Grenoble
2074.015748031496 1483.4645669291338 451.9685039370079 99.21259842519684 (Isère)

573.2283464566929 1576.3779527559054 412.59842519685037 116.53543307086615 élève
881.8897637795276 1576.3779527559054 206.29921259842519 116.53543307086615 de
985.8267716535433 1576.3779527559054 308.66141732283467 116.53543307086615 David
1192.1259842519685 1576.3779527559054 412.59842519685037 116.53543307086615 d’Angers
1500.7874015748032 1576.3779527559054 206.29921259842519 116.53543307086615 et
1603.1496062992126 1576.3779527559054 206.29921259842519 116.53543307086615 de
1707.0866141732283 1576.3779527559054 206.29921259842519 116.53543307086615 P.
1809.4488188976377 1576.3779527559054 480.31496062992125 116.53543307086615 Delaroche,
2152.755905511811 1576.3779527559054 377.9527559055118 116.53543307086615 grand

574.8031496062993 1658.267716535433 316.53543307086613 129.13385826771653 prix
804.7244094488188 1658.267716535433 171.6535433070866 129.13385826771653 de
889.7637795275591 1658.267716535433 229.92125984251967 129.13385826771653 Rome
1034.6456692913387 1658.267716535433 431.496062992126 129.13385826771653 (Histoire),
1377.9527559055118 1658.267716535433 286.61417322834643 129.13385826771653 en
1579.5275590551182 1658.267716535433 258.26771653543307 129.13385826771653 1839,
1752.755905511811 1658.267716535433 459.84251968503935 129.13385826771653 chevalier
2125.984251968504 1658.267716535433 171.6535433070866 129.13385826771653 de
2211.0236220472443 1658.267716535433 171.6535433070866 129.13385826771653 la
2269.2913385826773 1658.267716535433 258.26771653543307 129.13385826771653 Lé

574.8031496062993 1744.8818897637796 647.2440944881889 129.13385826771653 gion-d’Honneur
1130.708661417323 1744.8818897637796 308.66141732283467 129.13385826771653 en
1314.9606299212599 1744.8818897637796 215.748031496063 129.13385826771653 1853.

486.61417322834643 1859.8425196850394 247.24409448818898 124.40944881889764 88.
626.7716535433071 1859.8425196850394 211.0236220472441 124.40944881889764 La
697.6377952755905 1859.8425196850394 387.40157480314963 124.40944881889764 Mal’aria.

749.6062992125984 1952.755905511811 382.6771653543307 152.75590551181102 Famille
1028.3464566929133 1952.755905511811 453.54330708661416 152.75590551181102 italienne
1376.3779527559054 1952.755905511811 348.0314960629921 152.75590551181102 fuyant
1620.4724409448818 1952.755905511811 209.4488188976378 152.75590551181102 la
1724.4094488188975 1952.755905511811 453.54330708661416 152.75590551181102 contagion
2072.4409448818897 1952.755905511811 453.54330708661416 152.75590551181102 (campagne
2387.4015748031497 1952.755905511811 138.58267716535434 152.75590551181102 de

636.2204724409448 2048.818897637795 322.8346456692913 129.13385826771653 Rome).

834.6456692913385 2154.3307086614172 155.90551181102362 116.53543307086615 H.
913.3858267716536 2154.3307086614172 155.90551181102362 116.53543307086615 1,
992.1259842519685 2154.3307086614172 182.6771653543307 116.53543307086615 35.
1096.0629921259842 2154.3307086614172 130.70866141732284 116.53543307086615 —
1148.0314960629921 2154.3307086614172 155.90551181102362 116.53543307086615 L.
1226.7716535433071 2154.3307086614172 155.90551181102362 116.53543307086615 1,
1305.5118110236222 2154.3307086614172 182.6771653543307 116.53543307086615 92.
1409.4488188976377 2154.3307086614172 130.70866141732284 116.53543307086615 —
1461.4173228346456 2154.3307086614172 209.4488188976378 116.53543307086615 Fig.
1592.1259842519685 2154.3307086614172 155.90551181102362 116.53543307086615 de
1670.8661417322835 2154.3307086614172 155.90551181102362 116.53543307086615 0,
1722.8346456692914 2154.3307086614172 130.70866141732284 116.53543307086615 65.

1955.9055118110236 2201.5748031496064 297.6377952755906 182.6771653543307 (Salon
2163.779527559055 2201.5748031496064 177.95275590551182 182.6771653543307 de
2223.6220472440946 2201.5748031496064 237.79527559055117 182.6771653543307 1850.)

485.03937007874015 2292.9133858267714 247.24409448818898 165.35433070866142 89.
625.1968503937007 2292.9133858267714 212.5984251968504 165.35433070866142 Le
732.2834645669292 2292.9133858267714 354.3307086614173 165.35433070866142 baiser
979.5275590551181 2292.9133858267714 212.5984251968504 165.35433070866142 de
1050.3937007874015 2292.9133858267714 283.46456692913387 165.35433070866142 Judas.

833.0708661417323 2433.0708661417325 160.62992125984252 113.38582677165354 H.
913.3858267716536 2433.0708661417325 160.62992125984252 113.38582677165354 2,
993.7007874015748 2433.0708661417325 187.4015748031496 113.38582677165354 55.
1100.7874015748032 2433.0708661417325 133.85826771653544 113.38582677165354 —
1154.3307086614172 2433.0708661417325 160.62992125984252 113.38582677165354 L.
1234.6456692913387 2433.0708661417325 160.62992125984252 113.38582677165354 1,
1314.9606299212599 2433.0708661417325 187.4015748031496 113.38582677165354 86.
1422.0472440944882 2433.0708661417325 133.85826771653544 113.38582677165354 —
1475.5905511811025 2433.0708661417325 214.17322834645668 113.38582677165354 Fig.
1609.4488188976377 2433.0708661417325 187.4015748031496 113.38582677165354 gr.
1689.763779527559 2433.0708661417325 160.62992125984252 113.38582677165354 nat.

1963.7795275590552 2499.212598425197 292.9133858267717 163.7795275590551 (Salon
2168.503937007874 2499.212598425197 174.8031496062992 163.7795275590551 de
2228.3464566929133 2499.212598425197 234.64566929133858 163.7795275590551 1853.)

483.46456692913387 2629.9212598425197 240.9448818897638 99.21259842519684 90.
622.0472440944882 2629.9212598425197 240.9448818897638 99.21259842519684 Les
759.0551181102362 2629.9212598425197 516.5354330708661 99.21259842519684 Cervarolles
1138.5826771653544 2629.9212598425197 620.4724409448819 99.21259842519684 (États

833.0708661417323 2714.9606299212596 168.50393700787401 146.45669291338584 H.
918.1102362204724 2714.9606299212596 168.50393700787401 146.45669291338584 2,
1001.5748031496063 2714.9606299212596 196.8503937007874 146.45669291338584 88.
1114.9606299212599 2714.9606299212596 140.15748031496062 146.45669291338584 —
1170.0787401574803 2714.9606299212596 168.50393700787401 146.45669291338584 L.
1255.1181102362204 2714.9606299212596 168.50393700787401 146.45669291338584 1,
1311.8110236220473 2714.9606299212596 140.15748031496062 146.45669291338584 75.

1918.1102362204724 2809.448818897638 313.38582677165357 130.70866141732284 (Salon
2137.0078740157483 2809.448818897638 187.4015748031496 130.70866141732284 de
2200.0 2809.448818897638 250.39370078740157 130.70866141732284 1859.)

485.03937007874015 2949.6062992125985 400.0 157.48031496062993 HÉDOUIN
776.3779527559055 2949.6062992125985 472.4409448818898 157.48031496062993 (EDMOND),
1140.1574803149606 2949.6062992125985 327.5590551181102 157.48031496062993 né
1357.4803149606298 2949.6062992125985 181.10236220472441 157.48031496062993 à
1429.9212598425197 2949.6062992125985 727.5590551181102 157.48031496062993 Boulogne-sur-Mer
2012.5984251968505 2949.6062992125985 508.66141732283467 157.48031496062993 (Pas

582.6771653543307 3056.6929133858266 448.81889763779526 132.28346456692913 Calais),
941.7322834645669 3056.6929133858266 269.29133858267716 132.28346456692913 élève
1121.259842519685 3056.6929133858266 179.5275590551181 132.28346456692913 de
1211.023622047244 3056.6929133858266 179.5275590551181 132.28346456692913 M.
1302.3622047244094 3056.6929133858266 359.0551181102362 132.28346456692913 Célestin
1541.732283464567 3056.6929133858266 448.81889763779526 132.28346456692913 Nanteuil

485.03937007874015 3184.251968503937 255.11811023622047 108.66141732283465 91.
629.9212598425197 3184.251968503937 472.4409448818898 108.66141732283465 Glaneuses
993.7007874015748 3184.251968503937 182.6771653543307 108.66141732283465 à
1067.716535433071 3184.251968503937 546.4566929133858 108.66141732283465 Chambaudoin
1467.716535433071 3184.251968503937 400.0 108.66141732283465 (Loiret).

828.3464566929134 3292.9133858267714 160.62992125984252 133.85826771653544 H.
908.6614173228346 3292.9133858267714 160.62992125984252 133.85826771653544 1,
988.9763779527559 3292.9133858267714 187.4015748031496 133.85826771653544 52.
1096.0629921259842 3292.9133858267714 133.85826771653544 133.85826771653544 —
1151.1811023622047 3292.9133858267714 160.62992125984252 133.85826771653544 L.
1231.4960629921259 3292.9133858267714 160.62992125984252 133.85826771653544 2,
1311.8110236220473 3292.9133858267714 187.4015748031496 133.85826771653544 60.
1418.8976377952756 3292.9133858267714 133.85826771653544 133.85826771653544 —
1472.4409448818897 3292.9133858267714 214.17322834645668 133.85826771653544 Fig.
1606.2992125984251 3292.9133858267714 160.62992125984252 133.85826771653544 de
1688.1889763779527 3292.9133858267714 160.62992125984252 133.85826771653544 0,
1741.732283464567 3292.9133858267714 133.85826771653544 133.85826771653544 35.

1922.8346456692914 3313.3858267716537 308.66141732283467 165.35433070866142 (Salon
2138.582677165354 3313.3858267716537 184.251968503937 165.35433070866142 de
2201.5748031496064 3313.3858267716537 247.24409448818898 165.35433070866142 1857.)

488.18897637795277 3485.0393700787404 445.6692913385827 118.11023622047244 HEILBUTHI
831.496062992126 3485.0393700787404 548.0314960629921 118.11023622047244 (FERDINAND),
1277.1653543307086 3485.0393700787404 308.66141732283467 118.11023622047244 né
1481.8897637795276 3485.0393700787404 171.6535433070866 118.11023622047244 à
1551.1811023622047 3485.0393700787404 411.0236220472441 118.11023622047244 Hambourg
1859.8425196850394 3485.0393700787404 343.3070866141732 118.11023622047244 (ville
2064.566929133858 3485.0393700787404 445.6692913385827 118.11023622047244 hanséa

573.2283464566929 3590.551181102362 442.5196850393701 144.88188976377953 tique);
921.2598425196851 3590.551181102362 411.0236220472441 144.88188976377953 chevalier
1237.7952755905512 3590.551181102362 190.5511811023622 144.88188976377953 de
1332.283464566929 3590.551181102362 190.5511811023622 144.88188976377953 la
1426.7716535433071 3590.551181102362 633.0708661417323 144.88188976377953 Légion-d’Honneur
1965.3543307086613 3590.551181102362 316.53543307086613 144.88188976377953 en
2154.3307086614172 3590.551181102362 222.04724409448818 144.88188976377953 1861.

480.31496062992125 3711.8110236220473 264.56692913385825 125.98425196850394 92.
631.496062992126 3711.8110236220473 226.77165354330708 125.98425196850394 Le
707.0866141732283 3711.8110236220473 604.7244094488188 125.98425196850394 Mont

814.1732283464567 3818.8976377952754 185.82677165354332 171.6535433070866 H.
907.0866141732283 3818.8976377952754 185.82677165354332 171.6535433070866 1,
1001.5748031496063 3818.8976377952754 185.82677165354332 171.6535433070866 8.
1094.4881889763778 3818.8976377952754 155.90551181102362 171.6535433070866 —
1155.9055118110236 3818.8976377952754 185.82677165354332 171.6535433070866 L.
1248.8188976377953 3818.8976377952754 185.82677165354332 171.6535433070866 1,
1311.8110236220473 3818.8976377952754 155.90551181102362 171.6535433070866 32.

1937.007874015748 3866.1417322834645 296.06299212598424 190.5511811023622 (Salon
2144.8818897637793 3866.1417322834645 177.95275590551182 190.5511811023622 de
2204.7244094488187 3866.1417322834645 237.79527559055117 190.5511811023622 1861.)
