2811.0236220472443 4918.110236220473
404.7244094488189 516.5354330708661 233.0708661417323 118.11023622047244 22

1261.4173228346456 516.5354330708661 461.4173228346457 133.85826771653544 PEINTURE.

483.46456692913387 667.7165354330708 237.79527559055117 121.25984251968504 97.
620.4724409448819 667.7165354330708 407.87401574803147 121.25984251968504 Portrait
925.9842519685039 667.7165354330708 203.1496062992126 121.25984251968504 de
1026.7716535433071 667.7165354330708 237.79527559055117 121.25984251968504 Mme
1162.2047244094488 667.7165354330708 203.1496062992126 121.25984251968504 de
1264.5669291338584 667.7165354330708 338.5826771653543 121.25984251968504 Fumel,
1502.3622047244094 667.7165354330708 475.59055118110234 121.25984251968504 supérieure
1875.5905511811025 667.7165354330708 407.87401574803147 121.25984251968504 générale
2181.1023622047246 667.7165354330708 237.79527559055117 121.25984251968504 des
2281.8897637795276 667.7165354330708 237.79527559055117 121.25984251968504 Dames

716.5354330708661 763.7795275590552 196.8503937007874 103.93700787401575 de
815.7480314960629 763.7795275590552 559.0551181102362 103.93700787401575 l'institution
1275.5905511811025 763.7795275590552 196.8503937007874 103.93700787401575 du
1341.732283464567 763.7795275590552 691.3385826771654 103.93700787401575 Saint

845.6692913385826 844.0944881889764 168.50393700787401 99.21259842519684 H.
930.7086614173228 844.0944881889764 168.50393700787401 99.21259842519684 0,
1014.1732283464567 844.0944881889764 196.8503937007874 99.21259842519684 58.
1127.5590551181103 844.0944881889764 140.15748031496062 99.21259842519684 —
1184.251968503937 844.0944881889764 168.50393700787401 99.21259842519684 L.
1269.291338582677 844.0944881889764 168.50393700787401 99.21259842519684 0,
1352.755905511811 844.0944881889764 196.8503937007874 99.21259842519684 48.
1466.1417322834645 844.0944881889764 140.15748031496062 99.21259842519684 —
1522.8346456692914 844.0944881889764 225.1968503937008 99.21259842519684 Fig.
1662.992125984252 844.0944881889764 168.50393700787401 99.21259842519684 en
1748.0314960629921 844.0944881889764 253.54330708661416 99.21259842519684 buste
1916.5354330708662 844.0944881889764 168.50393700787401 99.21259842519684 de
2001.5748031496064 844.0944881889764 196.8503937007874 99.21259842519684 gr.
2086.6141732283463 844.0944881889764 168.50393700787401 99.21259842519684 nat.

754.3307086614174 927.5590551181102 346.45669291338584 92.91338582677166 (Exposé
1006.2992125984252 927.5590551181102 188.9763779527559 92.91338582677166 au
1100.7874015748032 927.5590551181102 283.46456692913387 92.91338582677166 Salon
1291.3385826771653 927.5590551181102 188.9763779527559 92.91338582677166 de
1385.8267716535433 927.5590551181102 283.46456692913387 92.91338582677166 1819,
1574.8031496062993 927.5590551181102 188.9763779527559 92.91338582677166 et
1669.291338582677 927.5590551181102 283.46456692913387 92.91338582677166 légué
1858.267716535433 927.5590551181102 220.4724409448819 92.91338582677166 aux
1984.251968503937 927.5590551181102 314.96062992125985 92.91338582677166 Musées
2174.803149606299 927.5590551181102 346.45669291338584 92.91338582677166 impériaux

681.8897637795276 1003.1496062992126 231.49606299212599 102.36220472440945 par
814.1732283464567 1003.1496062992126 231.49606299212599 102.36220472440945 Mme
946.4566929133858 1003.1496062992126 198.4251968503937 102.36220472440945 Ve
1045.6692913385828 1003.1496062992126 363.7795275590551 102.36220472440945 Hersent
1310.236220472441 1003.1496062992126 198.4251968503937 102.36220472440945 en
1376.3779527559054 1003.1496062992126 264.56692913385825 102.36220472440945 1862).

489.76377952755905 1086.6141732283465 300.78740157480314 125.98425196850394 HESSE
689.7637795275591 1086.6141732283465 1000.0 125.98425196850394 (ALEXANDRE-JEAN-BAPTISTE),
1588.976377952756 1086.6141732283465 300.78740157480314 125.98425196850394 né
1788.976377952756 1086.6141732283465 166.9291338582677 125.98425196850394 à
1856.6929133858268 1086.6141732283465 333.8582677165354 125.98425196850394 Paris,
2089.763779527559 1086.6141732283465 300.78740157480314 125.98425196850394 élève
2256.6929133858266 1086.6141732283465 266.1417322834646 125.98425196850394 de

577.9527559055118 1188.976377952756 387.40157480314963 97.63779527559055 Gros;
867.7165354330708 1188.976377952756 418.8976377952756 97.63779527559055 chevalier
1190.5511811023623 1188.976377952756 193.70078740157481 97.63779527559055 de
1286.6141732283465 1188.976377952756 193.70078740157481 97.63779527559055 la
1384.251968503937 1188.976377952756 645.6692913385826 97.63779527559055 Légion-d’Honneur
1932.283464566929 1188.976377952756 322.8346456692913 97.63779527559055 en
2125.984251968504 1188.976377952756 225.1968503937008 97.63779527559055 1842.

483.46456692913387 1285.0393700787401 261.4173228346457 151.1811023622047 98.
633.0708661417323 1285.0393700787401 447.244094488189 151.1811023622047 Triomphe
968.503937007874 1285.0393700787401 223.6220472440945 151.1811023622047 de
1042.5196850393702 1285.0393700787401 335.43307086614175 151.1811023622047 Pisani.

757.4803149606299 1401.5748031496064 217.3228346456693 88.18897637795276 «En
881.8897637795276 1401.5748031496064 280.31496062992125 88.18897637795276 1379,
1069.291338582677 1401.5748031496064 341.73228346456693 88.18897637795276 Vittore
1318.1102362204724 1401.5748031496064 341.73228346456693 88.18897637795276 Pisani,
1566.9291338582677 1401.5748031496064 217.3228346456693 88.18897637795276 qui
1691.3385826771653 1401.5748031496064 436.2204724409449 88.18897637795276 commandait
2033.0708661417323 1401.5748031496064 187.4015748031496 88.18897637795276 la
2125.984251968504 1401.5748031496064 311.81102362204723 88.18897637795276 flotte
2313.3858267716537 1401.5748031496064 217.3228346456693 88.18897637795276 véni-

691.3385826771654 1477.1653543307086 321.25984251968504 88.18897637795276 tienne,
924.4094488188977 1477.1653543307086 262.99212598425197 88.18897637795276 ayant
1099.2125984251968 1477.1653543307086 204.7244094488189 88.18897637795276 été
1214.1732283464567 1477.1653543307086 291.33858267716533 88.18897637795276 défait
1418.8976377952756 1477.1653543307086 204.7244094488189 88.18897637795276 par
1535.4330708661416 1477.1653543307086 204.7244094488189 88.18897637795276 les
1651.9685039370079 1477.1653543307086 291.33858267716533 88.18897637795276 Génois
1856.6929133858268 1477.1653543307086 146.45669291338584 88.18897637795276 à
1914.9606299212599 1477.1653543307086 174.8031496062992 88.18897637795276 la
2001.5748031496064 1477.1653543307086 349.6062992125984 88.18897637795276 bataille
2264.566929133858 1477.1653543307086 174.8031496062992 88.18897637795276 de
2322.834645669291 1477.1653543307086 204.7244094488189 88.18897637795276 Pola,

696.0629921259842 1549.6062992125985 209.4488188976378 85.03937007874016 fut
815.7480314960629 1549.6062992125985 209.4488188976378 85.03937007874016 mis
935.4330708661417 1549.6062992125985 179.5275590551181 85.03937007874016 en
1026.7716535433071 1549.6062992125985 300.78740157480314 85.03937007874016 prison
1236.2204724409448 1549.6062992125985 209.4488188976378 85.03937007874016 par
1355.9055118110236 1549.6062992125985 270.86614173228344 85.03937007874016 ordre
1537.007874015748 1549.6062992125985 179.5275590551181 85.03937007874016 du
1626.7716535433071 1549.6062992125985 270.86614173228344 85.03937007874016 sénat
1806.2992125984251 1549.6062992125985 179.5275590551181 85.03937007874016 de
1897.6377952755906 1549.6062992125985 330.70866141732284 85.03937007874016 Venise;
2137.0078740157483 1549.6062992125985 240.9448818897638 85.03937007874016 mais
2256.6929133858266 1549.6062992125985 270.86614173228344 85.03937007874016 bientôt

689.7637795275591 1614.1732283464567 187.4015748031496 88.18897637795276 de
784.2519685039371 1614.1732283464567 374.8031496062992 88.18897637795276 nouveaux
1064.5669291338584 1614.1732283464567 404.7244094488189 88.18897637795276 désastres
1376.3779527559054 1614.1732283464567 374.8031496062992 88.18897637795276 éprouvés
1656.6929133858268 1614.1732283464567 218.89763779527559 88.18897637795276 par
1781.1023622047244 1614.1732283464567 187.4015748031496 88.18897637795276 la
1874.015748031496 1614.1732283464567 467.7165354330709 88.18897637795276 république,
2248.818897637795 1614.1732283464567 187.4015748031496 88.18897637795276 et
2310.236220472441 1614.1732283464567 218.89763779527559 88.18897637795276 l’ap-

694.488188976378 1680.3149606299212 311.81102362204723 89.76377952755905 proche
913.3858267716536 1680.3149606299212 217.3228346456693 89.76377952755905 des
1037.7952755905512 1680.3149606299212 341.73228346456693 89.76377952755905 ennemis
1286.6141732283465 1680.3149606299212 217.3228346456693 89.76377952755905 qui
1411.023622047244 1680.3149606299212 341.73228346456693 89.76377952755905 vinrent
1659.8425196850394 1680.3149606299212 341.73228346456693 89.76377952755905 bloquer
1908.6614173228347 1680.3149606299212 187.4015748031496 89.76377952755905 la
2001.5748031496064 1680.3149606299212 311.81102362204723 89.76377952755905 ville,
2188.9763779527557 1680.3149606299212 341.73228346456693 89.76377952755905 amenèrent

691.3385826771654 1746.4566929133857 211.0236220472441 85.03937007874016 une
811.0236220472441 1746.4566929133857 360.62992125984255 85.03937007874016 réaction
1081.8897637795276 1746.4566929133857 181.10236220472441 85.03937007874016 en
1173.2283464566929 1746.4566929133857 300.78740157480314 85.03937007874016 faveur
1382.6771653543308 1746.4566929133857 181.10236220472441 85.03937007874016 de
1474.015748031496 1746.4566929133857 420.4724409448819 85.03937007874016 l’illustre
1804.724409448819 1746.4566929133857 451.9685039370079 85.03937007874016 prisonnier.
2165.3543307086616 1746.4566929133857 360.62992125984255 85.03937007874016 Oubliant
2406.299212598425 1746.4566929133857 119.68503937007874 85.03937007874016 la

689.7637795275591 1804.724409448819 366.92913385826773 69.29133858267717 dernière
965.3543307086615 1804.724409448819 337.00787401574803 69.29133858267717 défaite
1209.4488188976377 1804.724409448819 184.251968503937 69.29133858267717 de
1300.7874015748032 1804.724409448819 305.51181102362204 69.29133858267717 Pisani
1514.9606299212599 1804.724409448819 245.66929133858267 69.29133858267717 pour
1669.291338582677 1804.724409448819 184.251968503937 69.29133858267717 ne
1760.6299212598426 1804.724409448819 184.251968503937 69.29133858267717 se
1851.9685039370079 1804.724409448819 366.92913385826773 69.29133858267717 rappeler
2127.5590551181103 1804.724409448819 214.17322834645668 69.29133858267717 que
2250.3937007874015 1804.724409448819 214.17322834645668 69.29133858267717 ses
2341.732283464567 1804.724409448819 184.251968503937 69.29133858267717 vic-

692.9133858267717 1874.015748031496 314.96062992125985 88.18897637795276 toires,
921.2598425196851 1874.015748031496 171.6535433070866 88.18897637795276 le
1007.8740157480315 1874.015748031496 286.61417322834643 88.18897637795276 peuple
1209.4488188976377 1874.015748031496 258.26771653543307 88.18897637795276 court
1381.1023622047244 1874.015748031496 143.30708661417322 88.18897637795276 à
1437.7952755905512 1874.015748031496 171.6535433070866 88.18897637795276 sa
1524.4094488188975 1874.015748031496 314.96062992125985 88.18897637795276 prison,
1752.755905511811 1874.015748031496 258.26771653543307 88.18897637795276 brise
1925.984251968504 1874.015748031496 200.0 88.18897637795276 ses
2039.3700787401574 1874.015748031496 229.92125984251967 88.18897637795276 fers
2184.251968503937 1874.015748031496 171.6535433070866 88.18897637795276 et
2269.2913385826773 1874.015748031496 171.6535433070866 88.18897637795276 le
2327.5590551181103 1874.015748031496 200.0 88.18897637795276 porte

688.1889763779527 1940.1574803149606 190.5511811023622 75.59055118110236 en
782.6771653543307 1940.1574803149606 379.5275590551181 75.59055118110236 triomphe
1067.716535433071 1940.1574803149606 190.5511811023622 75.59055118110236 en
1162.2047244094488 1940.1574803149606 411.0236220472441 75.59055118110236 demandant
1480.3149606299212 1940.1574803149606 159.0551181102362 75.59055118110236 à
1543.3070866141732 1940.1574803149606 348.0314960629921 75.59055118110236 marcher
1796.8503937007874 1940.1574803149606 253.54330708661416 75.59055118110236 sous
1954.3307086614172 1940.1574803149606 222.04724409448818 75.59055118110236 les
2081.8897637795276 1940.1574803149606 316.53543307086613 75.59055118110236 ordres
2302.3622047244094 1940.1574803149606 190.5511811023622 75.59055118110236 de
2365.3543307086616 1940.1574803149606 159.0551181102362 75.59055118110236 son

692.9133858267717 2011.023622047244 274.01574803149606 66.14173228346456 ancien
883.4645669291339 2011.023622047244 245.66929133858267 66.14173228346456 chef.
1048.8188976377953 2011.023622047244 163.7795275590551 66.14173228346456 En
1130.708661417323 2011.023622047244 355.90551181102364 66.14173228346456 entendant
1403.1496062992126 2011.023622047244 245.66929133858267 66.14173228346456 crier
1568.5039370078741 2011.023622047244 163.7795275590551 66.14173228346456 de
1650.3937007874015 2011.023622047244 218.89763779527559 66.14173228346456 tous
1787.4015748031495 2011.023622047244 274.01574803149606 66.14173228346456 côtés:
1977.9527559055118 2011.023622047244 300.78740157480314 66.14173228346456 Vive
2170.0787401574803 2011.023622047244 355.90551181102364 66.14173228346456 Pisan

694.488188976378 2064.566929133858 162.20472440944883 92.91338582677166 il
774.8031496062993 2064.566929133858 162.20472440944883 92.91338582677166 se
856.6929133858267 2064.566929133858 322.8346456692913 92.91338582677166 retourne
1097.6377952755906 2064.566929133858 215.748031496063 92.91338582677166 vers
1233.0708661417323 2064.566929133858 162.20472440944883 92.91338582677166 le
1313.3858267716535 2064.566929133858 269.29133858267716 92.91338582677166 peuple
1502.3622047244094 2064.566929133858 162.20472440944883 92.91338582677166 et
1582.6771653543308 2064.566929133858 188.9763779527559 92.91338582677166 lui
1691.3385826771653 2064.566929133858 215.748031496063 92.91338582677166 dit:
1825.1968503937007 2064.566929133858 242.51968503937007 92.91338582677166 De
1987.4015748031495 2064.566929133858 242.51968503937007 92.91338582677166 vrais
2121.259842519685 2064.566929133858 404.7244094488189 92.91338582677166 Vénitiens

686.6141732283464 2141.732283464567 294.48818897637796 92.91338582677166 ne
883.4645669291339 2141.732283464567 360.62992125984255 92.91338582677166 doivent
1144.8818897637796 2141.732283464567 294.48818897637796 92.91338582677166 crier
1341.732283464567 2141.732283464567 228.3464566929134 92.91338582677166 que
1472.4409448818897 2141.732283464567 261.4173228346457 92.91338582677166 vive
1636.2204724409448 2141.732283464567 294.48818897637796 92.91338582677166 saint
1833.0708661417323 2141.732283464567 294.48818897637796 92.91338582677166 Marc»
2028.3464566929133 2141.732283464567 327.5590551181102 92.91338582677166 (MARIN
2225.196850393701 2141.732283464567 294.48818897637796 92.91338582677166 SANUTO,

694.488188976378 2193.700787401575 308.66141732283467 105.51181102362204 MICHELI
919.6850393700787 2193.700787401575 168.50393700787401 105.51181102362204 et
1003.1496062992126 2193.700787401575 251.96850393700788 105.51181102362204 DARU,
1171.6535433070867 2193.700787401575 420.4724409448819 105.51181102362204 Histoire
1508.6614173228347 2193.700787401575 168.50393700787401 105.51181102362204 de
1565.3543307086613 2193.700787401575 392.12598425196853 105.51181102362204 Venise)

833.0708661417323 2266.1417322834645 162.20472440944883 91.33858267716535 H.
913.3858267716536 2266.1417322834645 162.20472440944883 91.33858267716535 1,
995.2755905511812 2266.1417322834645 188.9763779527559 91.33858267716535 70.
1102.3622047244094 2266.1417322834645 135.43307086614172 91.33858267716535 —
1155.9055118110236 2266.1417322834645 162.20472440944883 91.33858267716535 L.
1237.7952755905512 2266.1417322834645 162.20472440944883 91.33858267716535 2,
1318.1102362204724 2266.1417322834645 188.9763779527559 91.33858267716535 52.
1426.7716535433071 2266.1417322834645 135.43307086614172 91.33858267716535 —
1480.3149606299212 2266.1417322834645 215.748031496063 91.33858267716535 Fig.
1615.748031496063 2266.1417322834645 162.20472440944883 91.33858267716535 de
1696.0629921259842 2266.1417322834645 162.20472440944883 91.33858267716535 0,
1749.6062992125985 2266.1417322834645 135.43307086614172 91.33858267716535 52.

1940.1574803149606 2321.259842519685 305.51181102362204 129.13385826771653 (Sa’en
2154.3307086614172 2321.259842519685 184.251968503937 129.13385826771653 de
2215.748031496063 2321.259842519685 245.66929133858267 129.13385826771653 1847.)

489.76377952755905 2431.496062992126 281.8897637795276 144.88188976377953 HESSE
677.1653543307086 2431.496062992126 688.1889763779527 144.88188976377953 (NICOLAS-AUGUSTE),
1272.4409448818897 2431.496062992126 281.8897637795276 144.88188976377953 né
1459.8425196850394 2431.496062992126 155.90551181102362 144.88188976377953 à
1522.8346456692914 2431.496062992126 313.38582677165357 144.88188976377953 Paris,
1741.732283464567 2431.496062992126 281.8897637795276 144.88188976377953 élève
1929.1338582677165 2431.496062992126 187.4015748031496 144.88188976377953 de
2023.6220472440946 2431.496062992126 281.8897637795276 144.88188976377953 Gros,
2179.527559055118 2431.496062992126 344.88188976377955 144.88188976377953 grand

576.3779527559055 2560.6299212598424 324.40944881889766 102.36220472440945 prix
812.5984251968504 2560.6299212598424 176.3779527559055 102.36220472440945 de
900.7874015748032 2560.6299212598424 236.2204724409449 102.36220472440945 Rome
1048.8188976377953 2560.6299212598424 294.48818897637796 102.36220472440945 en
1255.1181102362204 2560.6299212598424 266.1417322834646 102.36220472440945 1818,
1431.4960629921259 2560.6299212598424 472.4409448818898 102.36220472440945 chevalier
1815.748031496063 2560.6299212598424 176.3779527559055 102.36220472440945 de
1903.9370078740158 2560.6299212598424 176.3779527559055 102.36220472440945 la
1992.1259842519685 2560.6299212598424 354.3307086614173 102.36220472440945 Légion-d
2228.3464566929133 2560.6299212598424 294.48818897637796 102.36220472440945 Hon

577.9527559055118 2644.0944881889764 280.31496062992125 118.11023622047244 neur
781.1023622047244 2644.0944881889764 255.11811023622047 118.11023622047244 en
935.4330708661417 2644.0944881889764 177.95275590551182 118.11023622047244 1840.

480.31496062992125 2752.755905511811 256.6929133858268 141.73228346456693 99.
626.7716535433071 2752.755905511811 661.4173228346457 141.73228346456693 Évanouissement
1177.9527559055118 2752.755905511811 220.4724409448819 141.73228346456693 de
1288.1889763779527 2752.755905511811 220.4724409448819 141.73228346456693 la
1360.6299212598426 2752.755905511811 330.70866141732284 141.73228346456693 Vierge.

755.9055118110236 2853.5433070866143 179.5275590551181 108.66141732283465 La
845.6692913385826 2853.5433070866143 329.13385826771656 108.66141732283465 Vierge,
1085.0393700787401 2853.5433070866143 149.60629921259843 108.66141732283465 à
1144.8818897637796 2853.5433070866143 179.5275590551181 108.66141732283465 la
1234.6456692913387 2853.5433070866143 209.4488188976378 108.66141732283465 vue
1354.3307086614172 2853.5433070866143 179.5275590551181 108.66141732283465 de
1444.0944881889764 2853.5433070866143 209.4488188976378 108.66141732283465 son
1563.7795275590552 2853.5433070866143 239.37007874015748 108.66141732283465 Fils
1711.8110236220473 2853.5433070866143 209.4488188976378 108.66141732283465 qui
1831.4960629921259 2853.5433070866143 179.5275590551181 108.66141732283465 va
1921.259842519685 2853.5433070866143 448.81889763779526 108.66141732283465 disparaître
2280.314960629921 2853.5433070866143 239.37007874015748 108.66141732283465 dans
2400.0 2853.5433070866143 119.68503937007874 108.66141732283465 le

683.4645669291339 2944.8818897637793 412.59842519685037 103.93700787401575 sépulcre,
1000.0 2944.8818897637793 348.0314960629921 103.93700787401575 vaincue
1253.5433070866143 2944.8818897637793 222.04724409448818 103.93700787401575 par
1381.1023622047244 2944.8818897637793 190.5511811023622 103.93700787401575 la
1475.5905511811025 2944.8818897637793 379.5275590551181 103.93700787401575 douleur,
1760.6299212598426 2944.8818897637793 285.03937007874015 103.93700787401575 tombe
1951.1811023622047 2944.8818897637793 379.5275590551181 103.93700787401575 évanouie
2236.220472440945 2944.8818897637793 253.54330708661416 103.93700787401575 dans
2362.2047244094488 2944.8818897637793 159.0551181102362 103.93700787401575 les

688.1889763779527 3017.3228346456694 250.39370078740157 74.01574803149606 bras
844.0944881889764 3017.3228346456694 187.4015748031496 74.01574803149606 de
938.5826771653543 3017.3228346456694 593.7007874015748 74.01574803149606 Marie-Madeleine
1437.7952755905512 3017.3228346456694 187.4015748031496 74.01574803149606 et
1530.708661417323 3017.3228346456694 187.4015748031496 74.01574803149606 de
1625.1968503937007 3017.3228346456694 343.3070866141732 74.01574803149606 l’autre
1842.5196850393702 3017.3228346456694 250.39370078740157 74.01574803149606 Marie.

831.496062992126 3089.763779527559 166.9291338582677 103.93700787401575 H.
914.9606299212599 3089.763779527559 166.9291338582677 103.93700787401575 1,
998.4251968503937 3089.763779527559 193.70078740157481 103.93700787401575 17.
1108.6614173228347 3089.763779527559 138.58267716535434 103.93700787401575 —
1165.3543307086613 3089.763779527559 166.9291338582677 103.93700787401575 L.
1247.244094488189 3089.763779527559 166.9291338582677 103.93700787401575 0,
1330.708661417323 3089.763779527559 193.70078740157481 103.93700787401575 90.
1442.5196850393702 3089.763779527559 138.58267716535434 103.93700787401575 —
1497.6377952755906 3089.763779527559 222.04724409448818 103.93700787401575 Fig.
1607.8740157480315 3089.763779527559 305.51181102362204 103.93700787401575 demi

1943.3070866141732 3146.4566929133857 297.6377952755906 127.55905511811024 (Salon
2152.755905511811 3146.4566929133857 179.5275590551181 127.55905511811024 de
2212.5984251968503 3146.4566929133857 239.37007874015748 127.55905511811024 1845.)

489.76377952755905 3283.464566929134 270.86614173228344 105.51181102362204 HUET
658.2677165354331 3283.464566929134 371.65354330708664 105.51181102362204 (PAUL),
927.5590551181102 3283.464566929134 303.93700787401576 105.51181102362204 né
1130.708661417323 3283.464566929134 168.50393700787401 105.51181102362204 à
1198.4251968503936 3283.464566929134 338.5826771653543 105.51181102362204 Paris,
1434.6456692913387 3283.464566929134 303.93700787401576 105.51181102362204 élève
1637.7952755905512 3283.464566929134 203.1496062992126 105.51181102362204 de
1738.5826771653544 3283.464566929134 338.5826771653543 105.51181102362204 Guérin
1976.3779527559054 3283.464566929134 203.1496062992126 105.51181102362204 et
2077.165354330709 3283.464566929134 203.1496062992126 105.51181102362204 de
2144.8818897637793 3283.464566929134 371.65354330708664 105.51181102362204 Gros;

570.0787401574803 3385.8267716535433 510.23622047244095 88.18897637795276 chevalier
984.2519685039371 3385.8267716535433 192.1259842519685 88.18897637795276 de
1080.3149606299212 3385.8267716535433 192.1259842519685 88.18897637795276 la
1176.3779527559054 3385.8267716535433 637.7952755905512 88.18897637795276 Légion-d’Honneur
1718.1102362204724 3385.8267716535433 319.68503937007875 88.18897637795276 en
1910.236220472441 3385.8267716535433 223.6220472440945 88.18897637795276 1841.

481.8897637795276 3456.6929133858266 289.76377952755905 146.45669291338584 100.
662.992125984252 3456.6929133858266 325.98425196850394 146.45669291338584 Calme
880.3149606299213 3456.6929133858266 217.3228346456693 146.45669291338584 du
988.9763779527559 3456.6929133858266 362.20472440944883 146.45669291338584 matin;
1244.0944881889764 3456.6929133858266 470.86614173228344 146.45669291338584 intérieur
1606.2992125984251 3456.6929133858266 217.3228346456693 146.45669291338584 de
1678.740157480315 3456.6929133858266 253.54330708661416 146.45669291338584 forêt

823.6220472440945 3581.1023622047246 165.35433070866142 151.1811023622047 H.
905.511811023622 3581.1023622047246 165.35433070866142 151.1811023622047 0,
987.4015748031496 3581.1023622047246 192.1259842519685 151.1811023622047 55.
1097.6377952755906 3581.1023622047246 137.00787401574803 151.1811023622047 —
1152.755905511811 3581.1023622047246 165.35433070866142 151.1811023622047 L.
1236.2204724409448 3581.1023622047246 165.35433070866142 151.1811023622047 0,
1291.3385826771653 3581.1023622047246 137.00787401574803 151.1811023622047 84.

1955.9055118110236 3647.244094488189 289.76377952755905 137.00787401574803 (Salon
2157.48031496063 3647.244094488189 173.22834645669292 137.00787401574803 de
2215.748031496063 3647.244094488189 231.49606299212599 137.00787401574803 1852.)

488.18897637795277 3722.834645669291 286.61417322834643 132.28346456692913 101.
667.7165354330708 3722.834645669291 502.3622047244094 132.28346456692913 Inondation
1062.992125984252 3722.834645669291 179.5275590551181 132.28346456692913 à
1097.6377952755906 3722.834645669291 502.3622047244094 132.28346456692913 Saint

829.9212598425197 3839.3700787401576 162.20472440944883 124.40944881889764 H.
910.2362204724409 3839.3700787401576 162.20472440944883 124.40944881889764 2,
990.5511811023622 3839.3700787401576 188.9763779527559 124.40944881889764 04.
1099.2125984251968 3839.3700787401576 133.85826771653544 124.40944881889764 —
1152.755905511811 3839.3700787401576 162.20472440944883 124.40944881889764 L.
1233.0708661417323 3839.3700787401576 162.20472440944883 124.40944881889764 3,
1288.1889763779527 3839.3700787401576 133.85826771653544 124.40944881889764 04.

1957.4803149606298 3892.9133858267714 289.76377952755905 125.98425196850394 (Salon
2159.0551181102364 3892.9133858267714 173.22834645669292 125.98425196850394 de
2217.3228346456694 3892.9133858267714 231.49606299212599 125.98425196850394 1855.)
