2826.771653543307 4938.582677165355
388.9763779527559 489.76377952755905 242.51968503937007 157.48031496062993 24

1237.7952755905512 527.5590551181102 474.01574803149606 125.98425196850394 PEINTURE.

478.74015748031496 674.0157480314961 344.88188976377955 121.25984251968504 ISABEY
719.6850393700787 674.0157480314961 930.7086614173228 121.25984251968504 (LOUIS-GABRIEL-EUGÈNE),
1548.0314960629921 674.0157480314961 310.23622047244095 121.25984251968504 né
1754.3307086614172 674.0157480314961 171.6535433070866 121.25984251968504 à
1823.6220472440946 674.0157480314961 344.88188976377955 121.25984251968504 Paris,
2064.566929133858 674.0157480314961 310.23622047244095 121.25984251968504 élève
2237.7952755905512 674.0157480314961 275.59055118110234 121.25984251968504 de

559.0551181102362 787.4015748031496 325.98425196850394 92.91338582677166 son
787.4015748031496 787.4015748031496 259.84251968503935 92.91338582677166 père
949.6062992125984 787.4015748031496 195.2755905511811 92.91338582677166 J.
1047.244094488189 787.4015748031496 195.2755905511811 92.91338582677166 B.
1146.4566929133857 787.4015748031496 357.4803149606299 92.91338582677166 Isabey;
1406.2992125984251 787.4015748031496 423.62204724409446 92.91338582677166 chevalier
1732.283464566929 787.4015748031496 195.2755905511811 92.91338582677166 de
1829.9212598425197 787.4015748031496 195.2755905511811 92.91338582677166 la
1894.4881889763778 787.4015748031496 618.8976377952756 92.91338582677166 Légion

566.9291338582677 839.3700787401575 266.1417322834646 113.38582677165354 neur
759.0551181102362 839.3700787401575 242.51968503937007 113.38582677165354 en
929.1338582677165 839.3700787401575 217.3228346456693 113.38582677165354 1832,
1074.015748031496 839.3700787401575 362.20472440944883 113.38582677165354 officier
1363.7795275590552 839.3700787401575 242.51968503937007 113.38582677165354 en
1510.236220472441 839.3700787401575 168.50393700787401 113.38582677165354 1852.

469.29133858267716 937.007874015748 307.0866141732283 151.1811023622047 106.
659.8425196850394 937.007874015748 612.5984251968504 151.1811023622047 Embarquement
1159.0551181102362 937.007874015748 229.92125984251967 151.1811023622047 de
1274.015748031496 937.007874015748 382.6771653543307 151.1811023622047 Ruyter
1541.732283464567 937.007874015748 229.92125984251967 151.1811023622047 et
1656.6929133858268 937.007874015748 422.0472440944882 151.1811023622047 William
1963.7795275590552 937.007874015748 229.92125984251967 151.1811023622047 de
2040.9448818897638 937.007874015748 267.7165354330709 151.1811023622047 Witt.

818.8976377952756 1091.3385826771653 162.20472440944883 111.81102362204724 H.
899.2125984251968 1091.3385826771653 162.20472440944883 111.81102362204724 2,
981.1023622047244 1091.3385826771653 188.9763779527559 111.81102362204724 20.
1089.763779527559 1091.3385826771653 135.43307086614172 111.81102362204724 —
1143.3070866141732 1091.3385826771653 162.20472440944883 111.81102362204724 L.
1225.1968503937007 1091.3385826771653 162.20472440944883 111.81102362204724 3,
1305.5118110236222 1091.3385826771653 188.9763779527559 111.81102362204724 30.
1414.1732283464567 1091.3385826771653 135.43307086614172 111.81102362204724 —
1467.716535433071 1091.3385826771653 215.748031496063 111.81102362204724 Fig.
1603.1496062992126 1091.3385826771653 162.20472440944883 111.81102362204724 de
1685.0393700787401 1091.3385826771653 162.20472440944883 111.81102362204724 0,
1738.5826771653544 1091.3385826771653 135.43307086614172 111.81102362204724 18.

1927.5590551181103 1132.283464566929 305.51181102362204 182.6771653543307 (Salon
2140.1574803149606 1132.283464566929 182.6771653543307 182.6771653543307 de
2201.5748031496064 1132.283464566929 244.09448818897638 182.6771653543307 1850.)

464.56692913385825 1240.9448818897638 281.8897637795276 121.25984251968504 107.
640.9448818897638 1240.9448818897638 247.24409448818898 121.25984251968504 Vue
781.1023622047244 1240.9448818897638 316.53543307086613 121.25984251968504 prise
992.1259842519685 1240.9448818897638 247.24409448818898 121.25984251968504 sur
1133.8582677165355 1240.9448818897638 211.0236220472441 121.25984251968504 la
1239.3700787401574 1240.9448818897638 281.8897637795276 121.25984251968504 côte
1415.748031496063 1240.9448818897638 211.0236220472441 121.25984251968504 de
1486.6141732283465 1240.9448818897638 423.62204724409446 121.25984251968504 Normandie.

815.7480314960629 1382.6771653543308 170.07874015748033 113.38582677165354 H.
900.7874015748032 1382.6771653543308 170.07874015748033 113.38582677165354 1,
985.8267716535433 1382.6771653543308 170.07874015748033 113.38582677165354 23
1070.8661417322835 1382.6771653543308 141.73228346456693 113.38582677165354 —
1127.5590551181103 1382.6771653543308 170.07874015748033 113.38582677165354 L.
1212.5984251968505 1382.6771653543308 170.07874015748033 113.38582677165354 1,
1269.291338582677 1382.6771653543308 141.73228346456693 113.38582677165354 70.

1924.4094488188975 1415.748031496063 305.51181102362204 160.62992125984252 (Salon
2138.582677165354 1415.748031496063 184.251968503937 160.62992125984252 de
2200.0 1415.748031496063 245.66929133858267 160.62992125984252 1831.)

464.56692913385825 1502.3622047244094 294.48818897637796 166.9291338582677 108.
647.2440944881889 1502.3622047244094 330.70866141732284 166.9291338582677 Plage
867.7165354330708 1502.3622047244094 184.251968503937 166.9291338582677 à
941.7322834645669 1502.3622047244094 330.70866141732284 166.9291338582677 marée
1124.4094488188975 1502.3622047244094 294.48818897637796 166.9291338582677 basse.

811.0236220472441 1651.9685039370079 160.62992125984252 108.66141732283465 H.
891.3385826771654 1651.9685039370079 160.62992125984252 108.66141732283465 1,
971.6535433070866 1651.9685039370079 187.4015748031496 108.66141732283465 25.
1078.740157480315 1651.9685039370079 133.85826771653544 108.66141732283465 —
1132.283464566929 1651.9685039370079 160.62992125984252 108.66141732283465 L.
1212.5984251968505 1651.9685039370079 160.62992125984252 108.66141732283465 1,
1266.1417322834645 1651.9685039370079 133.85826771653544 108.66141732283465 72.

1938.5826771653544 1707.0866141732283 296.06299212598424 144.88188976377953 (Salon
2146.4566929133857 1707.0866141732283 177.95275590551182 144.88188976377953 de
2206.299212598425 1707.0866141732283 237.79527559055117 144.88188976377953 1833.)

466.1417322834646 1851.9685039370079 381.1023622047244 110.23622047244095 JACQUAND
751.1811023622047 1851.9685039370079 475.59055118110234 110.23622047244095 (CLAUDIUS),
1132.283464566929 1851.9685039370079 285.03937007874015 110.23622047244095 né
1322.8346456692914 1851.9685039370079 159.0551181102362 110.23622047244095 à
1385.8267716535433 1851.9685039370079 253.54330708661416 110.23622047244095 Lyon
1544.8818897637796 1851.9685039370079 381.1023622047244 110.23622047244095 (Rhône),
1831.4960629921259 1851.9685039370079 285.03937007874015 110.23622047244095 élève
2022.0472440944882 1851.9685039370079 190.5511811023622 110.23622047244095 de
2085.0393700787404 1851.9685039370079 412.59842519685037 110.23622047244095 l’Ecole

549.6062992125984 1946.4566929133857 302.3622047244094 118.11023622047244 de
749.6062992125984 1946.4566929133857 302.3622047244094 118.11023622047244 Lyon,
951.1811023622047 1946.4566929133857 436.2204724409449 118.11023622047244 chevalier
1286.6141732283465 1946.4566929133857 201.5748031496063 118.11023622047244 de
1387.4015748031495 1946.4566929133857 201.5748031496063 118.11023622047244 la
1488.1889763779527 1946.4566929133857 670.8661417322835 118.11023622047244 Légion-d’Honneur
2058.267716535433 1946.4566929133857 335.43307086614175 118.11023622047244 en
2259.8425196850394 1946.4566929133857 234.64566929133858 118.11023622047244 1839.

458.26771653543307 2048.818897637795 299.21259842519686 133.85826771653544 109.
645.6692913385826 2048.818897637795 299.21259842519686 133.85826771653544 Mort
833.0708661417323 2048.818897637795 524.4094488188977 133.85826771653544 d’Adélaïde
1245.6692913385828 2048.818897637795 225.1968503937008 133.85826771653544 de
1319.6850393700788 2048.818897637795 450.3937007874016 133.85826771653544 Comminges.

729.1338582677165 2152.755905511811 200.0 116.53543307086615 Le
828.3464566929134 2152.755905511811 300.78740157480314 116.53543307086615 comte
1028.3464566929133 2152.755905511811 200.0 116.53543307086615 et
1129.1338582677165 2152.755905511811 400.0 116.53543307086615 Adélaïde
1428.3464566929133 2152.755905511811 200.0 116.53543307086615 de
1529.1338582677165 2152.755905511811 433.07086614173227 116.53543307086615 Comminges
1862.992125984252 2152.755905511811 366.92913385826773 116.53543307086615 avaient
2129.1338582677167 2152.755905511811 300.78740157480314 116.53543307086615 conçu
2296.0629921259842 2152.755905511811 200.0 116.53543307086615 l’un

664.5669291338583 2261.417322834646 256.6929133858268 77.16535433070867 pour
825.1968503937007 2261.417322834646 354.3307086614173 77.16535433070867 l’autre
1081.8897637795276 2261.417322834646 193.70078740157481 77.16535433070867 un
1177.9527559055118 2261.417322834646 321.25984251968504 77.16535433070867 ardent
1403.1496062992126 2261.417322834646 321.25984251968504 77.16535433070867 amour,
1628.3464566929133 2261.417322834646 256.6929133858268 77.16535433070867 mais
1790.5511811023623 2261.417322834646 225.1968503937008 77.16535433070867 des
1918.1102362204724 2261.417322834646 321.25984251968504 77.16535433070867 haines
2143.3070866141734 2261.417322834646 193.70078740157481 77.16535433070867 de
2207.8740157480315 2261.417322834646 289.76377952755905 77.16535433070867 famille

656.6929133858267 2332.283464566929 311.81102362204723 86.61417322834646 furent
875.5905511811023 2332.283464566929 187.4015748031496 86.61417322834646 un
968.503937007874 2332.283464566929 374.8031496062992 86.61417322834646 obstacle
1248.8188976377953 2332.283464566929 155.90551181102362 86.61417322834646 à
1311.8110236220473 2332.283464566929 248.8188976377953 86.61417322834646 leur
1467.716535433071 2332.283464566929 311.81102362204723 86.61417322834646 union.
1685.0393700787401 2332.283464566929 218.89763779527559 86.61417322834646 Une
1811.023622047244 2332.283464566929 311.81102362204723 86.61417322834646 fausse
2028.3464566929133 2332.283464566929 374.8031496062992 86.61417322834646 nouvelle
2308.6614173228345 2332.283464566929 187.4015748031496 86.61417322834646 de
2371.6535433070867 2332.283464566929 124.40944881889764 86.61417322834646 la

655.1181102362204 2398.4251968503936 258.26771653543307 72.44094488188976 mort
817.3228346456693 2398.4251968503936 453.54330708661416 72.44094488188976 d’Adélaïde
1173.2283464566929 2398.4251968503936 420.4724409448819 72.44094488188976 détermina
1497.6377952755906 2398.4251968503936 193.70078740157481 72.44094488188976 le
1595.275590551181 2398.4251968503936 291.33858267716533 72.44094488188976 comte
1788.976377952756 2398.4251968503936 193.70078740157481 72.44094488188976 de
1885.0393700787401 2398.4251968503936 420.4724409448819 72.44094488188976 Comminges
2209.448818897638 2398.4251968503936 162.20472440944883 72.44094488188976 à
2274.015748031496 2398.4251968503936 193.70078740157481 72.44094488188976 se
2338.582677165354 2398.4251968503936 162.20472440944883 72.44094488188976 re-

658.2677165354331 2458.267716535433 261.4173228346457 86.61417322834646 tirer
831.496062992126 2458.267716535433 233.0708661417323 86.61417322834646 dans
977.9527559055118 2458.267716535433 174.8031496062992 86.61417322834646 un
1064.5669291338584 2458.267716535433 319.68503937007875 86.61417322834646 couvent
1297.6377952755906 2458.267716535433 174.8031496062992 86.61417322834646 de
1385.8267716535433 2458.267716535433 174.8031496062992 86.61417322834646 la
1472.4409448818897 2458.267716535433 319.68503937007875 86.61417322834646 Trappe.
1705.5118110236222 2458.267716535433 261.4173228346457 86.61417322834646 Trois
1880.3149606299212 2458.267716535433 203.1496062992126 86.61417322834646 ans
1996.8503937007874 2458.267716535433 291.33858267716533 86.61417322834646 après,
2200.0 2458.267716535433 174.8031496062992 86.61417322834646 le
2258.267716535433 2458.267716535433 233.0708661417323 86.61417322834646 hasard

653.5433070866142 2529.1338582677167 426.7716535433071 67.71653543307086 conduisit
981.1023622047244 2529.1338582677167 393.7007874015748 67.71653543307086 Adélaïde
1277.1653543307086 2529.1338582677167 262.99212598425197 67.71653543307086 dans
1440.9448818897638 2529.1338582677167 294.48818897637796 67.71653543307086 cette
1637.7952755905512 2529.1338582677167 426.7716535433071 67.71653543307086 retraite:
1965.3543307086613 2529.1338582677167 196.8503937007874 67.71653543307086 au
2062.9921259842517 2529.1338582677167 327.5590551181102 67.71653543307086 moment
2292.9133858267714 2529.1338582677167 196.8503937007874 67.71653543307086 de
2359.0551181102364 2529.1338582677167 130.70866141732284 67.71653543307086 la

661.4173228346457 2587.4015748031497 308.66141732283467 88.18897637795276 prière,
886.6141732283464 2587.4015748031497 225.1968503937008 88.18897637795276 elle
1026.7716535433071 2587.4015748031497 337.00787401574803 88.18897637795276 reconnut
1278.740157480315 2587.4015748031497 168.50393700787401 88.18897637795276 la
1363.7795275590552 2587.4015748031497 225.1968503937008 88.18897637795276 voix
1503.9370078740158 2587.4015748031497 168.50393700787401 88.18897637795276 de
1588.976377952756 2587.4015748031497 196.8503937007874 88.18897637795276 son
1700.7874015748032 2587.4015748031497 251.96850393700788 88.18897637795276 amant
1869.291338582677 2587.4015748031497 168.50393700787401 88.18897637795276 et
1952.755905511811 2587.4015748031497 225.1968503937008 88.18897637795276 prit
2092.9133858267714 2587.4015748031497 168.50393700787401 88.18897637795276 la
2149.6062992125985 2587.4015748031497 337.00787401574803 88.18897637795276 résolution

659.8425196850394 2659.8425196850394 166.9291338582677 78.74015748031496 de
743.3070866141733 2659.8425196850394 248.8188976377953 78.74015748031496 finir
910.2362204724409 2659.8425196850394 193.70078740157481 78.74015748031496 ses
1020.4724409448819 2659.8425196850394 248.8188976377953 78.74015748031496 jours
1187.4015748031495 2659.8425196850394 277.1653543307087 78.74015748031496 auprès
1381.1023622047244 2659.8425196850394 166.9291338582677 78.74015748031496 de
1464.5669291338584 2659.8425196850394 222.04724409448818 78.74015748031496 lui.
1603.1496062992126 2659.8425196850394 193.70078740157481 78.74015748031496 Les
1713.3858267716535 2659.8425196850394 387.40157480314963 78.74015748031496 austérités
2018.8976377952756 2659.8425196850394 166.9291338582677 78.74015748031496 du
2102.3622047244094 2659.8425196850394 305.51181102362204 78.74015748031496 cloître
2296.0629921259842 2659.8425196850394 193.70078740157481 78.74015748031496 abrés

656.6929133858267 2725.984251968504 310.23622047244095 81.88976377952756 gèrent
874.0157480314961 2725.984251968504 559.0551181102362 81.88976377952756 insensiblement
1340.1574803149606 2725.984251968504 217.3228346456693 81.88976377952756 ses
1464.5669291338584 2725.984251968504 310.23622047244095 81.88976377952756 jours,
1681.8897637795276 2725.984251968504 185.82677165354332 81.88976377952756 et
1774.8031496062993 2725.984251968504 185.82677165354332 81.88976377952756 ce
1867.716535433071 2725.984251968504 185.82677165354332 81.88976377952756 ne
1960.6299212598426 2725.984251968504 217.3228346456693 81.88976377952756 fut
2085.0393700787404 2725.984251968504 278.74015748031496 81.88976377952756 qu’au
2239.3700787401576 2725.984251968504 248.8188976377953 81.88976377952756 moment

655.1181102362204 2792.1259842519685 192.1259842519685 77.16535433070867 de
751.1811023622047 2792.1259842519685 192.1259842519685 77.16535433070867 sa
847.2440944881889 2792.1259842519685 256.6929133858268 77.16535433070867 mort
1007.8740157480315 2792.1259842519685 225.1968503937008 77.16535433070867 que
1135.4330708661416 2792.1259842519685 225.1968503937008 77.16535433070867 son
1264.5669291338584 2792.1259842519685 288.18897637795277 77.16535433070867 amant
1456.6929133858268 2792.1259842519685 192.1259842519685 77.16535433070867 la
1521.259842519685 2792.1259842519685 352.755905511811 77.16535433070867 reconnut.

798.4251968503937 2855.1181102362207 160.62992125984252 116.53543307086615 H.
878.7401574803149 2855.1181102362207 160.62992125984252 116.53543307086615 0,
959.0551181102362 2855.1181102362207 187.4015748031496 116.53543307086615 90.
1066.1417322834645 2855.1181102362207 133.85826771653544 116.53543307086615 —
1119.6850393700788 2855.1181102362207 160.62992125984252 116.53543307086615 L.
1200.0 2855.1181102362207 160.62992125984252 116.53543307086615 1,
1280.3149606299212 2855.1181102362207 187.4015748031496 116.53543307086615 12.
1388.976377952756 2855.1181102362207 133.85826771653544 116.53543307086615 —
1442.5196850393702 2855.1181102362207 214.17322834645668 116.53543307086615 Fig.
1576.3779527559054 2855.1181102362207 160.62992125984252 116.53543307086615 de
1656.6929133858268 2855.1181102362207 160.62992125984252 116.53543307086615 9,
1710.236220472441 2855.1181102362207 133.85826771653544 116.53543307086615 53.

1910.236220472441 2929.1338582677167 297.6377952755906 118.11023622047244 (Salon
2118.1102362204724 2929.1338582677167 177.95275590551182 118.11023622047244 de
2177.952755905512 2929.1338582677167 237.79527559055117 118.11023622047244 1831.)

447.244094488189 3069.2913385826773 280.31496062992125 91.33858267716535 110.
622.0472440944882 3069.2913385826773 420.4724409448819 91.33858267716535 L’amende
937.007874015748 3069.2913385826773 455.11811023622045 91.33858267716535 honorable
1288.1889763779527 3069.2913385826773 280.31496062992125 91.33858267716535 dans
1462.992125984252 3069.2913385826773 209.4488188976378 91.33858267716535 un
1568.5039370078741 3069.2913385826773 385.8267716535433 91.33858267716535 couvent
1848.8188976377953 3069.2913385826773 245.66929133858267 91.33858267716535 des
1988.976377952756 3069.2913385826773 349.6062992125984 91.33858267716535 frères
2198.4251968503936 3069.2913385826773 280.31496062992125 91.33858267716535 cheva

675.5905511811023 3149.6062992125985 332.2834645669291 92.91338582677166 liers,
907.0866141732283 3149.6062992125985 365.3543307086614 92.91338582677166 ermites
1173.2283464566929 3149.6062992125985 198.4251968503937 92.91338582677166 de
1239.3700787401574 3149.6062992125985 530.7086614173228 92.91338582677166 Saint

788.9763779527559 3228.3464566929133 166.9291338582677 102.36220472440945 H.
872.4409448818898 3228.3464566929133 166.9291338582677 102.36220472440945 1,
957.4803149606299 3228.3464566929133 195.2755905511811 102.36220472440945 80.
1069.291338582677 3228.3464566929133 140.15748031496062 102.36220472440945 —
1124.4094488188975 3228.3464566929133 166.9291338582677 102.36220472440945 L.
1207.8740157480315 3228.3464566929133 166.9291338582677 102.36220472440945 2,
1292.9133858267717 3228.3464566929133 195.2755905511811 102.36220472440945 30.
1403.1496062992126 3228.3464566929133 140.15748031496062 102.36220472440945 —
1459.8425196850394 3228.3464566929133 223.6220472440945 102.36220472440945 Fig.
1571.6535433070867 3228.3464566929133 307.0866141732283 102.36220472440945 demi

1897.6377952755906 3292.9133858267714 300.78740157480314 160.62992125984252 (Salon
2108.6614173228345 3292.9133858267714 181.10236220472441 160.62992125984252 de
2168.503937007874 3292.9133858267714 240.9448818897638 160.62992125984252 1853.)

450.3937007874016 3423.6220472440946 267.7165354330709 114.96062992125984 111.
617.3228346456693 3423.6220472440946 401.5748031496063 114.96062992125984 Dernière
918.1102362204724 3423.6220472440946 401.5748031496063 114.96062992125984 entrevue
1218.8976377952756 3423.6220472440946 200.0 114.96062992125984 de
1319.6850393700788 3423.6220472440946 368.503937007874 114.96062992125984 Charles
1587.4015748031495 3423.6220472440946 234.64566929133858 114.96062992125984 Ier
1721.259842519685 3423.6220472440946 267.7165354330709 114.96062992125984 avec
1888.1889763779527 3423.6220472440946 234.64566929133858 114.96062992125984 ses
1988.976377952756 3423.6220472440946 333.8582677165354 114.96062992125984 enfants.

708.6614173228346 3535.433070866142 379.5275590551181 92.91338582677166 C’étaient
1001.5748031496063 3535.433070866142 174.8031496062992 92.91338582677166 la
1088.1889763779527 3535.433070866142 379.5275590551181 92.91338582677166 princesse
1381.1023622047244 3535.433070866142 407.87401574803147 92.91338582677166 Élisabeth,
1700.7874015748032 3535.433070866142 174.8031496062992 92.91338582677166 le
1788.976377952756 3535.433070866142 204.7244094488189 92.91338582677166 duc
1905.5118110236222 3535.433070866142 174.8031496062992 92.91338582677166 de
1993.7007874015749 3535.433070866142 379.5275590551181 92.91338582677166 Glocester
2285.0393700787404 3535.433070866142 174.8031496062992 92.91338582677166 et
2343.3070866141734 3535.433070866142 116.53543307086615 92.91338582677166 le

642.5196850393701 3607.8740157480315 218.89763779527559 85.03937007874016 duc
768.503937007874 3607.8740157480315 406.2992125984252 85.03937007874016 d’York...
1080.3149606299212 3607.8740157480315 344.88188976377955 85.03937007874016 Prenant
1330.708661417323 3607.8740157480315 218.89763779527559 85.03937007874016 sur
1456.6929133858268 3607.8740157480315 218.89763779527559 85.03937007874016 ses
1581.1023622047244 3607.8740157480315 313.38582677165357 85.03937007874016 genoux
1801.5748031496064 3607.8740157480315 187.4015748031496 85.03937007874016 le
1894.4881889763778 3607.8740157480315 281.8897637795276 85.03937007874016 petit
2081.8897637795276 3607.8740157480315 218.89763779527559 85.03937007874016 duc
2207.8740157480315 3607.8740157480315 187.4015748031496 85.03937007874016 de
2270.8661417322833 3607.8740157480315 187.4015748031496 85.03937007874016 Glo-

640.9448818897638 3680.314960629921 343.3070866141732 96.06299212598425 cester:
891.3385826771654 3680.314960629921 155.90551181102362 96.06299212598425 «
954.3307086614174 3680.314960629921 218.89763779527559 96.06299212598425 Mon
1078.740157480315 3680.314960629921 343.3070866141732 96.06299212598425 enfant,
1329.1338582677165 3680.314960629921 218.89763779527559 96.06299212598425 lui
1453.5433070866143 3680.314960629921 313.38582677165357 96.06299212598425 dit-il
1674.015748031496 3680.314960629921 437.79527559055117 96.06299212598425 gravement,
2017.3228346456692 3680.314960629921 218.89763779527559 96.06299212598425 ils
2141.732283464567 3680.314960629921 250.39370078740157 96.06299212598425 vont
2267.716535433071 3680.314960629921 187.4015748031496 96.06299212598425 cou-

644.0944881889764 3744.8818897637793 220.4724409448819 108.66141732283465 per
770.0787401574803 3744.8818897637793 188.9763779527559 108.66141732283465 la
864.5669291338583 3744.8818897637793 251.96850393700788 108.66141732283465 tête
1022.0472440944882 3744.8818897637793 157.48031496062993 108.66141732283465 à
1085.0393700787401 3744.8818897637793 220.4724409448819 108.66141732283465 ton
1181.1023622047244 3744.8818897637793 346.45669291338584 108.66141732283465 père!...»

785.8267716535433 3834.6456692913384 173.22834645669292 133.85826771653544 H.
872.4409448818898 3834.6456692913384 143.30708661417322 133.85826771653544 2
929.1338582677165 3834.6456692913384 201.5748031496063 133.85826771653544 15.
1044.0944881889764 3834.6456692913384 143.30708661417322 133.85826771653544 —
1102.3622047244094 3834.6456692913384 173.22834645669292 133.85826771653544 L.
1188.976377952756 3834.6456692913384 173.22834645669292 133.85826771653544 1,
1274.015748031496 3834.6456692913384 201.5748031496063 133.85826771653544 55.
1390.5511811023623 3834.6456692913384 143.30708661417322 133.85826771653544 —
1447.244094488189 3834.6456692913384 229.92125984251967 133.85826771653544 Fig.
1590.5511811023623 3834.6456692913384 201.5748031496063 133.85826771653544 gr.
1677.1653543307086 3834.6456692913384 173.22834645669292 133.85826771653544 nat.

1880.3149606299212 3908.6614173228345 305.51181102362204 119.68503937007874 (Salon
2094.488188976378 3908.6614173228345 184.251968503937 119.68503937007874 de
2155.9055118110236 3908.6614173228345 245.66929133858267 119.68503937007874 1855.)
