2779.527559055118 4905.511811023622
1297.6377952755906 503.93700787401576 470.86614173228344 140.15748031496062 PEINTURE.

451.9685039370079 486.61417322834643 239.37007874015748 132.28346456692913 26

533.8582677165355 655.1181102362204 196.8503937007874 141.73228346456693 LA
633.0708661417323 655.1181102362204 329.13385826771656 141.73228346456693 BOUÈRE
862.992125984252 655.1181102362204 428.34645669291336 141.73228346456693 (TANCREDE
1192.1259842519685 655.1181102362204 262.99212598425197 141.73228346456693 DE),
1355.9055118110236 655.1181102362204 296.06299212598424 141.73228346456693 né
1554.3307086614172 655.1181102362204 163.7795275590551 141.73228346456693 à
1618.8976377952756 655.1181102362204 329.13385826771656 141.73228346456693 Angers
1817.3228346456692 655.1181102362204 755.9055118110236 141.73228346456693 (Maine

622.0472440944882 759.0551181102362 513.3858267716536 105.51181102362204 chevalier
1039.3700787401574 759.0551181102362 192.1259842519685 105.51181102362204 de
1135.4330708661416 759.0551181102362 192.1259842519685 105.51181102362204 la
1231.4960629921259 759.0551181102362 642.5196850393701 105.51181102362204 Légion-d’Honneur
1776.3779527559054 759.0551181102362 321.25984251968504 105.51181102362204 en
1968.5039370078741 759.0551181102362 225.1968503937008 105.51181102362204 1823.

525.9842519685039 858.2677165354331 294.48818897637796 116.53543307086615 118.
708.6614173228346 858.2677165354331 256.6929133858268 116.53543307086615 Vue
856.6929133858267 858.2677165354331 220.4724409448819 116.53543307086615 du
966.9291338582677 858.2677165354331 366.92913385826773 116.53543307086615 palais
1223.6220472440946 858.2677165354331 220.4724409448819 116.53543307086615 de
1333.8582677165355 858.2677165354331 404.7244094488189 116.53543307086615 Karnak,
1628.3464566929133 858.2677165354331 184.251968503937 116.53543307086615 à
1664.5669291338584 858.2677165354331 330.70866141732284 116.53543307086615 Thèbes.

874.0157480314961 959.0551181102362 159.0551181102362 141.73228346456693 H.
954.3307086614174 959.0551181102362 159.0551181102362 141.73228346456693 1,
1034.6456692913387 959.0551181102362 185.82677165354332 141.73228346456693 00.
1140.1574803149606 959.0551181102362 133.85826771653544 141.73228346456693 —
1193.7007874015749 959.0551181102362 159.0551181102362 141.73228346456693 L.
1274.015748031496 959.0551181102362 159.0551181102362 141.73228346456693 1,
1325.984251968504 959.0551181102362 133.85826771653544 141.73228346456693 97.

2015.748031496063 1036.2204724409448 289.76377952755905 159.0551181102362 (Salon
2218.8976377952754 1036.2204724409448 174.8031496062992 159.0551181102362 de
2277.165354330709 1036.2204724409448 233.0708661417323 159.0551181102362 1841.)

525.9842519685039 1225.1968503937007 401.5748031496063 100.78740157480316 LAEMLEIN
826.7716535433071 1225.1968503937007 533.8582677165355 100.78740157480316 (ALEXANDRE),
1261.4173228346456 1225.1968503937007 300.78740157480314 100.78740157480316 né
1461.4173228346456 1225.1968503937007 166.9291338582677 100.78740157480316 à
1527.5590551181103 1225.1968503937007 434.6456692913386 100.78740157480316 Hokenfeld
1861.4173228346456 1225.1968503937007 467.7165354330709 100.78740157480316 (Bavière),
2196.850393700787 1225.1968503937007 366.92913385826773 100.78740157480316 élève

620.4724409448819 1296.0629921259842 220.4724409448819 114.96062992125984 de
768.503937007874 1296.0629921259842 146.45669291338584 114.96062992125984 M.
817.3228346456693 1296.0629921259842 294.48818897637796 114.96062992125984 Picot

521.2598425196851 1415.748031496063 291.33858267716533 116.53543307086615 119.
702.3622047244095 1415.748031496063 217.3228346456693 116.53543307086615 La
774.8031496062993 1415.748031496063 363.7795275590551 116.53543307086615 Charité.

837.7952755905512 1518.1102362204724 174.8031496062992 122.83464566929133 H.
925.9842519685039 1518.1102362204724 174.8031496062992 122.83464566929133 2,
1014.1732283464567 1518.1102362204724 204.7244094488189 122.83464566929133 25.
1130.708661417323 1518.1102362204724 146.45669291338584 122.83464566929133 —
1188.976377952756 1518.1102362204724 174.8031496062992 122.83464566929133 L.
1275.5905511811025 1518.1102362204724 174.8031496062992 122.83464566929133 1,
1363.7795275590552 1518.1102362204724 204.7244094488189 122.83464566929133 40.
1480.3149606299212 1518.1102362204724 146.45669291338584 122.83464566929133 —
1538.5826771653544 1518.1102362204724 233.0708661417323 122.83464566929133 Fig.
1683.4645669291338 1518.1102362204724 204.7244094488189 122.83464566929133 gr.
1771.6535433070867 1518.1102362204724 174.8031496062992 122.83464566929133 nat.

1962.2047244094488 1538.5826771653544 311.81102362204723 155.90551181102362 (Salon
2181.1023622047246 1538.5826771653544 187.4015748031496 155.90551181102362 de
2242.51968503937 1538.5826771653544 248.8188976377953 155.90551181102362 1846.)

519.6850393700787 1702.3622047244094 381.1023622047244 133.85826771653544 LAMBINET
806.2992125984252 1702.3622047244094 381.1023622047244 133.85826771653544 (EMILE),
1092.9133858267717 1702.3622047244094 286.61417322834643 133.85826771653544 né
1283.4645669291338 1702.3622047244094 159.0551181102362 133.85826771653544 à
1346.4566929133857 1702.3622047244094 445.6692913385827 133.85826771653544 Versailles
1696.0629921259842 1702.3622047244094 636.2204724409448 133.85826771653544 (Seine-et-Oise),
2206.299212598425 1702.3622047244094 349.6062992125984 133.85826771653544 élève

604.7244094488188 1787.4015748031495 269.29133858267716 121.25984251968504 de
784.2519685039371 1787.4015748031495 359.0551181102362 121.25984251968504 Drolling
1053.5433070866143 1787.4015748031495 179.5275590551181 121.25984251968504 et
1143.3070866141732 1787.4015748031495 359.0551181102362 121.25984251968504 d’Horace
1382.6771653543308 1787.4015748031495 388.9763779527559 121.25984251968504 Vernet

513.3858267716536 1881.8897637795276 307.0866141732283 116.53543307086615 120.
666.1417322834645 1881.8897637795276 384.251968503937 116.53543307086615 Paysage.

859.8425196850394 1968.5039370078741 159.0551181102362 113.38582677165354 H.
940.1574803149606 1968.5039370078741 159.0551181102362 113.38582677165354 0,
1018.8976377952756 1968.5039370078741 185.82677165354332 113.38582677165354 94.
1124.4094488188975 1968.5039370078741 132.28346456692913 113.38582677165354 —
1177.9527559055118 1968.5039370078741 159.0551181102362 113.38582677165354 L.
1256.6929133858268 1968.5039370078741 159.0551181102362 113.38582677165354 1,
1310.236220472441 1968.5039370078741 132.28346456692913 113.38582677165354 50.

1982.6771653543308 2039.3700787401574 296.06299212598424 118.11023622047244 (Salon
2190.551181102362 2039.3700787401574 177.95275590551182 118.11023622047244 de
2248.818897637795 2039.3700787401574 236.2204724409449 118.11023622047244 1855.)

511.81102362204723 2171.6535433070867 422.0472440944882 105.51181102362204 LANDELLE
828.3464566929134 2171.6535433070867 492.9133858267717 105.51181102362204 (CHARLES),
1214.1732283464567 2171.6535433070867 316.53543307086613 105.51181102362204 né
1425.1968503937007 2171.6535433070867 176.3779527559055 105.51181102362204 à
1496.0629921259842 2171.6535433070867 316.53543307086613 105.51181102362204 Laval
1707.0866141732283 2171.6535433070867 492.9133858267717 105.51181102362204 (Mayenne),
2094.488188976378 2171.6535433070867 316.53543307086613 105.51181102362204 élève
2269.2913385826773 2171.6535433070867 281.8897637795276 105.51181102362204 de

592.1259842519685 2264.566929133858 217.3228346456693 111.81102362204724 P
700.7874015748032 2264.566929133858 505.51181102362204 111.81102362204724 Delaroche,
1099.2125984251968 2264.566929133858 470.86614173228344 111.81102362204724 chevalier
1459.8425196850394 2264.566929133858 217.3228346456693 111.81102362204724 de
1568.5039370078741 2264.566929133858 217.3228346456693 111.81102362204724 la
1677.1653543307086 2264.566929133858 722.8346456692914 111.81102362204724 Légion-d’Honneur
2255.1181102362207 2264.566929133858 289.76377952755905 111.81102362204724 en

544.8818897637796 2344.8818897637793 302.3622047244094 110.23622047244095 1855.

507.0866141732283 2440.9448818897636 275.59055118110234 116.53543307086615 121.
680.3149606299213 2440.9448818897636 206.29921259842519 116.53543307086615 Le
782.6771653543307 2440.9448818897636 587.4015748031496 116.53543307086615 pressentiment
1266.1417322834645 2440.9448818897636 206.29921259842519 116.53543307086615 de
1370.0787401574803 2440.9448818897636 206.29921259842519 116.53543307086615 la
1439.3700787401574 2440.9448818897636 310.23622047244095 116.53543307086615 Vierge.

858.2677165354331 2537.0078740157483 163.7795275590551 108.66141732283465 H.
940.1574803149606 2537.0078740157483 163.7795275590551 108.66141732283465 1,
1022.0472440944882 2537.0078740157483 192.1259842519685 108.66141732283465 43.
1132.283464566929 2537.0078740157483 137.00787401574803 108.66141732283465 —
1185.8267716535433 2537.0078740157483 163.7795275590551 108.66141732283465 L.
1269.291338582677 2537.0078740157483 163.7795275590551 108.66141732283465 1,
1351.1811023622047 2537.0078740157483 192.1259842519685 108.66141732283465 18.
1461.4173228346456 2537.0078740157483 137.00787401574803 108.66141732283465 —
1514.9606299212599 2537.0078740157483 218.89763779527559 108.66141732283465 Fig.
1651.9685039370079 2537.0078740157483 192.1259842519685 108.66141732283465 gr.
1735.4330708661416 2537.0078740157483 163.7795275590551 108.66141732283465 nat.

1933.8582677165355 2555.9055118110236 318.1102362204724 184.251968503937 (Salon
2155.9055118110236 2555.9055118110236 190.5511811023622 184.251968503937 de
2220.472440944882 2555.9055118110236 255.11811023622047 184.251968503937 1859.)

505.51181102362204 2737.0078740157483 338.5826771653543 121.25984251968504 LANOUE
741.7322834645669 2737.0078740157483 744.8818897637796 121.25984251968504 (FÉLIX-RIPPOLYTE),
1384.251968503937 2737.0078740157483 303.93700787401576 121.25984251968504 né
1587.4015748031495 2737.0078740157483 168.50393700787401 121.25984251968504 à
1655.1181102362204 2737.0078740157483 474.01574803149606 121.25984251968504 Versailles
1993.7007874015749 2737.0078740157483 541.7322834645669 121.25984251968504 (Seine

596.8503937007874 2847.244094488189 412.59842519685037 81.88976377952756 Oise),
913.3858267716536 2847.244094488189 285.03937007874015 81.88976377952756 élève
1103.9370078740158 2847.244094488189 190.5511811023622 81.88976377952756 de
1198.4251968503936 2847.244094488189 190.5511811023622 81.88976377952756 V.
1294.4881889763778 2847.244094488189 316.53543307086613 81.88976377952756 Bertin
1516.5354330708662 2847.244094488189 190.5511811023622 81.88976377952756 et
1611.023622047244 2847.244094488189 381.1023622047244 81.88976377952756 d’Horace
1896.0629921259842 2847.244094488189 348.0314960629921 81.88976377952756 Vernet;
2118.1102362204724 2847.244094488189 412.59842519685037 81.88976377952756 premier

584.2519685039371 2941.732283464567 388.9763779527559 89.76377952755905 grand
877.1653543307086 2941.732283464567 259.84251968503935 89.76377952755905 prix
1037.7952755905512 2941.732283464567 193.70078740157481 89.76377952755905 de
1135.4330708661416 2941.732283464567 259.84251968503935 89.76377952755905 Rome
1297.6377952755906 2941.732283464567 420.4724409448819 89.76377952755905 (Paysage)
1622.0472440944882 2941.732283464567 324.40944881889766 89.76377952755905 en
1815.748031496063 2941.732283464567 226.77165354330708 89.76377952755905 1841.

497.6377952755906 3020.472440944882 272.4409448818898 94.48818897637796 122.
669.2913385826772 3020.472440944882 237.79527559055117 94.48818897637796 Vue
804.7244094488188 3020.472440944882 204.7244094488189 94.48818897637796 de
907.0866141732283 3020.472440944882 204.7244094488189 94.48818897637796 la
1009.4488188976378 3020.472440944882 307.0866141732283 94.48818897637796 forêt
1214.1732283464567 3020.472440944882 204.7244094488189 94.48818897637796 de
1314.9606299212599 3020.472440944882 272.4409448818898 94.48818897637796 pins
1486.6141732283465 3020.472440944882 204.7244094488189 94.48818897637796 du
1587.4015748031495 3020.472440944882 340.15748031496065 94.48818897637796 Gombo,
1826.7716535433071 3020.472440944882 409.4488188976378 94.48818897637796 cascines
2132.283464566929 3020.472440944882 204.7244094488189 94.48818897637796 de
2201.5748031496064 3020.472440944882 237.79527559055117 94.48818897637796 Pise.

836.2204724409448 3116.535433070866 204.7244094488189 135.43307086614172 H.
938.5826771653543 3116.535433070866 239.37007874015748 135.43307086614172 0,8
1075.5905511811025 3116.535433070866 170.07874015748033 135.43307086614172 —
1143.3070866141732 3116.535433070866 204.7244094488189 135.43307086614172 L.
1245.6692913385828 3116.535433070866 204.7244094488189 135.43307086614172 1,
1314.9606299212599 3116.535433070866 170.07874015748033 135.43307086614172 42.

1933.8582677165355 3165.3543307086616 311.81102362204723 122.83464566929133 (Salon
2152.755905511811 3165.3543307086616 187.4015748031496 122.83464566929133 de
2214.1732283464567 3165.3543307086616 248.8188976377953 122.83464566929133 1861.)

494.48818897637796 3274.015748031496 344.88188976377955 125.98425196850394 LAPITO
735.4330708661417 3274.015748031496 689.7637795275591 125.98425196850394 (LOUIS-AUGUSTE),
1322.8346456692914 3274.015748031496 310.23622047244095 125.98425196850394 né
1530.708661417323 3274.015748031496 173.22834645669292 125.98425196850394 à
1598.4251968503936 3274.015748031496 518.1102362204724 125.98425196850394 Saint-Maur,
2012.5984251968505 3274.015748031496 275.59055118110234 125.98425196850394 près
2151.181102362205 3274.015748031496 379.5275590551181 125.98425196850394 Paris

577.9527559055118 3385.8267716535433 384.251968503937 85.03937007874016 élève
864.5669291338583 3385.8267716535433 192.1259842519685 85.03937007874016 de
960.6299212598425 3385.8267716535433 223.6220472440945 85.03937007874016 MM.
1089.763779527559 3385.8267716535433 255.11811023622047 85.03937007874016 Heim
1248.8188976377953 3385.8267716535433 192.1259842519685 85.03937007874016 et
1344.8818897637796 3385.8267716535433 384.251968503937 85.03937007874016 Watelet,
1633.0708661417323 3385.8267716535433 415.748031496063 85.03937007874016 chevalier
1952.755905511811 3385.8267716535433 192.1259842519685 85.03937007874016 de
2048.818897637795 3385.8267716535433 192.1259842519685 85.03937007874016 la
2111.8110236220473 3385.8267716535433 415.748031496063 85.03937007874016 Légion

584.2519685039371 3470.8661417322833 462.99212598425197 111.81102362204724 d'Honneur
959.0551181102362 3470.8661417322833 289.76377952755905 111.81102362204724 en
1132.283464566929 3470.8661417322833 203.1496062992126 111.81102362204724 1836.

494.48818897637796 3573.228346456693 270.86614173228344 125.98425196850394 123.
662.992125984252 3573.228346456693 236.2204724409449 125.98425196850394 Vue
798.4251968503937 3573.228346456693 303.93700787401576 125.98425196850394 prise
1001.5748031496063 3573.228346456693 270.86614173228344 125.98425196850394 dans
1170.0787401574803 3573.228346456693 203.1496062992126 125.98425196850394 la
1270.8661417322835 3573.228346456693 303.93700787401576 125.98425196850394 forêt
1474.015748031496 3573.228346456693 203.1496062992126 125.98425196850394 de
1576.3779527559054 3573.228346456693 609.4488188976378 125.98425196850394 Fontainebleau,
2083.464566929134 3573.228346456693 270.86614173228344 125.98425196850394 lieu
2251.968503937008 3573.228346456693 236.2204724409449 125.98425196850394 dit
2354.3307086614172 3573.228346456693 168.50393700787401 125.98425196850394 les

730.7086614173228 3664.566929133858 738.5826771653543 121.25984251968504 Quatre

836.2204724409448 3777.952755905512 165.35433070866142 103.93700787401575 H.
918.1102362204724 3777.952755905512 165.35433070866142 103.93700787401575 1,
1000.0 3777.952755905512 192.1259842519685 103.93700787401575 07.
1110.236220472441 3777.952755905512 137.00787401574803 103.93700787401575 —
1165.3543307086613 3777.952755905512 165.35433070866142 103.93700787401575 L.
1247.244094488189 3777.952755905512 165.35433070866142 103.93700787401575 1,
1302.3622047244094 3777.952755905512 137.00787401574803 103.93700787401575 62.

1937.007874015748 3815.748031496063 305.51181102362204 124.40944881889764 (Salon
2151.181102362205 3815.748031496063 184.251968503937 124.40944881889764 de
2212.5984251968503 3815.748031496063 245.66929133858267 124.40944881889764 1846.)
