2833.0708661417325 4930.708661417323
1022.0472440944882 497.6377952755906 451.9685039370079 129.13385826771653 PEINTURE.

2064.566929133858 494.48818897637796 229.92125984251967 129.13385826771653 29

259.84251968503935 656.6929133858267 398.4251968503937 135.43307086614172 MARCHAL
549.6062992125984 656.6929133858267 834.6456692913385 135.43307086614172 (CHARLES-FRANÇOIS),
1275.5905511811025 656.6929133858267 325.98425196850394 135.43307086614172 né
1492.9133858267717 656.6929133858267 181.10236220472441 135.43307086614172 à
1565.3543307086613 656.6929133858267 362.20472440944883 135.43307086614172 Paris,
1820.4724409448818 656.6929133858267 325.98425196850394 135.43307086614172 élève
2001.5748031496064 656.6929133858267 289.76377952755905 135.43307086614172 de

351.18110236220474 755.9055118110236 448.81889763779526 130.70866141732284 Drolling
710.2362204724409 755.9055118110236 179.5275590551181 130.70866141732284 et
800.0 755.9055118110236 179.5275590551181 130.70866141732284 de
889.7637795275591 755.9055118110236 179.5275590551181 130.70866141732284 M.
977.9527559055118 755.9055118110236 209.4488188976378 130.70866141732284 Fr.
1067.716535433071 755.9055118110236 388.9763779527559 130.70866141732284 Dubois

261.4173228346457 878.7401574803149 277.1653543307087 94.48818897637796 134.
434.6456692913386 878.7401574803149 207.8740157480315 94.48818897637796 Le
538.5826771653543 878.7401574803149 346.45669291338584 94.48818897637796 Choral
781.1023622047244 878.7401574803149 207.8740157480315 94.48818897637796 de
885.0393700787401 878.7401574803149 346.45669291338584 94.48818897637796 Luther
1091.3385826771653 878.7401574803149 381.1023622047244 94.48818897637796 (Alsace).

596.8503937007874 959.0551181102362 168.50393700787401 116.53543307086615 H.
681.8897637795276 959.0551181102362 168.50393700787401 116.53543307086615 1,
765.3543307086615 959.0551181102362 196.8503937007874 116.53543307086615 10.
877.1653543307086 959.0551181102362 140.15748031496062 116.53543307086615 —
933.8582677165355 959.0551181102362 168.50393700787401 116.53543307086615 L.
1018.8976377952756 959.0551181102362 168.50393700787401 116.53543307086615 1,
1102.3622047244094 959.0551181102362 196.8503937007874 116.53543307086615 72.
1214.1732283464567 959.0551181102362 140.15748031496062 116.53543307086615 —
1270.8661417322835 959.0551181102362 225.1968503937008 116.53543307086615 Fig.
1411.023622047244 959.0551181102362 168.50393700787401 116.53543307086615 0,
1467.716535433071 959.0551181102362 140.15748031496062 116.53543307086615 60.

666.1417322834645 1056.6929133858268 918.1102362204724 125.98425196850394 (Salon
1308.6614173228347 1056.6929133858268 551.1811023622047 125.98425196850394 de
1492.9133858267717 1056.6929133858268 733.8582677165355 125.98425196850394 1863.)

261.4173228346457 1157.4803149606298 318.1102362204724 151.1811023622047 MATOUT
483.46456692913387 1157.4803149606298 381.1023622047244 151.1811023622047 (LOUIS),
770.0787401574803 1157.4803149606298 286.61417322834643 151.1811023622047 né
960.6299212598425 1157.4803149606298 159.0551181102362 151.1811023622047 à
1023.6220472440945 1157.4803149606298 477.1653543307087 151.1811023622047 Charleville
1406.2992125984251 1157.4803149606298 477.1653543307087 151.1811023622047 (Ardennes),
1755.9055118110236 1157.4803149606298 540.1574803149606 151.1811023622047 chevalie</r

343.3070866141732 1289.763779527559 270.86614173228344 151.1811023622047 de
524.4094488188977 1289.763779527559 181.10236220472441 151.1811023622047 la
614.1732283464567 1289.763779527559 603.1496062992126 151.1811023622047 Légion-d’Honneur
1125.984251968504 1289.763779527559 300.78740157480314 151.1811023622047 en
1307.0866141732283 1289.763779527559 211.0236220472441 151.1811023622047 1857.

251.96850393700788 1426.7716535433071 289.76377952755905 85.03937007874016 135.
433.07086614173227 1426.7716535433071 325.98425196850394 85.03937007874016 Femme
650.3937007874016 1426.7716535433071 217.3228346456693 85.03937007874016 de
759.0551181102362 1426.7716535433071 398.4251968503937 85.03937007874016 Boghari
1048.8188976377953 1426.7716535433071 289.76377952755905 85.03937007874016 tuée
1228.3464566929133 1426.7716535433071 253.54330708661416 85.03937007874016 par
1373.2283464566929 1426.7716535433071 253.54330708661416 85.03937007874016 une
1481.8897637795276 1426.7716535433071 325.98425196850394 85.03937007874016 lionne.

601.5748031496063 1507.0866141732283 160.62992125984252 125.98425196850394 H.
681.8897637795276 1507.0866141732283 160.62992125984252 125.98425196850394 1,
762.2047244094488 1507.0866141732283 185.82677165354332 125.98425196850394 45.
867.7165354330708 1507.0866141732283 133.85826771653544 125.98425196850394 —
921.2598425196851 1507.0866141732283 160.62992125984252 125.98425196850394 L.
1001.5748031496063 1507.0866141732283 160.62992125984252 125.98425196850394 1,
1081.8897637795276 1507.0866141732283 185.82677165354332 125.98425196850394 70.
1187.4015748031495 1507.0866141732283 133.85826771653544 125.98425196850394 —
1240.9448818897638 1507.0866141732283 212.5984251968504 125.98425196850394 Fig.
1374.8031496062993 1507.0866141732283 185.82677165354332 125.98425196850394 gr.
1453.5433070866143 1507.0866141732283 160.62992125984252 125.98425196850394 nat.

1710.236220472441 1554.3307086614172 303.93700787401576 108.66141732283465 (Salon
1922.8346456692914 1554.3307086614172 182.6771653543307 108.66141732283465 de
1984.251968503937 1554.3307086614172 244.09448818897638 108.66141732283465 1855.)

258.26771653543307 1697.6377952755906 382.6771653543307 118.11023622047244 MERCEY
525.9842519685039 1697.6377952755906 499.21259842519686 118.11023622047244 (FRÉDÉRIC
910.2362204724409 1697.6377952755906 499.21259842519686 118.11023622047244 BOURGEOIS
1292.9133858267717 1697.6377952755906 307.0866141732283 118.11023622047244 DE),
1485.0393700787401 1697.6377952755906 344.88188976377955 118.11023622047244 né
1714.9606299212599 1697.6377952755906 192.1259842519685 118.11023622047244 à
1792.1259842519685 1697.6377952755906 344.88188976377955 118.11023622047244 Paris
1982.6771653543308 1697.6377952755906 307.0866141732283 118.11023622047244 en

344.88188976377955 1798.4251968503936 291.33858267716533 94.48818897637796 1804,
540.1574803149606 1798.4251968503936 388.9763779527559 94.48818897637796 élève
833.0708661417323 1798.4251968503936 195.2755905511811 94.48818897637796 de
929.1338582677165 1798.4251968503936 357.4803149606299 94.48818897637796 Bertin,
1188.976377952756 1798.4251968503936 422.0472440944882 94.48818897637796 chevalier
1513.3858267716535 1798.4251968503936 195.2755905511811 94.48818897637796 de
1611.023622047244 1798.4251968503936 195.2755905511811 94.48818897637796 la
1675.5905511811025 1798.4251968503936 617.3228346456693 94.48818897637796 Légion

349.6062992125984 1914.9606299212599 270.86614173228344 86.61417322834646 neur
546.4566929133858 1914.9606299212599 245.66929133858267 86.61417322834646 en
718.1102362204724 1914.9606299212599 220.4724409448819 86.61417322834646 1843,
866.1417322834645 1914.9606299212599 368.503937007874 86.61417322834646 officier
1160.6299212598426 1914.9606299212599 245.66929133858267 86.61417322834646 en
1333.8582677165355 1914.9606299212599 220.4724409448819 86.61417322834646 1855,
1480.3149606299212 1914.9606299212599 270.86614173228344 86.61417322834646 mort
1677.1653543307086 1914.9606299212599 245.66929133858267 86.61417322834646 en
1825.1968503937007 1914.9606299212599 171.6535433070866 86.61417322834646 1860.

255.11811023622047 2001.5748031496064 264.56692913385825 129.13385826771653 136.
420.4724409448819 2001.5748031496064 363.7795275590551 129.13385826771653 Lisière
683.4645669291339 2001.5748031496064 198.4251968503937 129.13385826771653 de
749.6062992125984 2001.5748031496064 264.56692913385825 129.13385826771653 forêt.

600.0 2094.488188976378 159.0551181102362 125.98425196850394 H.
680.3149606299213 2094.488188976378 159.0551181102362 125.98425196850394 0,
759.0551181102362 2094.488188976378 184.251968503937 125.98425196850394 61.
864.5669291338583 2094.488188976378 132.28346456692913 125.98425196850394 —
916.5354330708661 2094.488188976378 159.0551181102362 125.98425196850394 L.
996.8503937007874 2094.488188976378 159.0551181102362 125.98425196850394 0,
1048.8188976377953 2094.488188976378 132.28346456692913 125.98425196850394 95.

1692.9133858267717 2141.732283464567 311.81102362204723 141.73228346456693 (Salon
1911.8110236220473 2141.732283464567 187.4015748031496 141.73228346456693 de
1973.2283464566929 2141.732283464567 248.8188976377953 141.73228346456693 1839.)

256.6929133858268 2274.015748031496 294.48818897637796 140.15748031496062 MERLE
453.54330708661416 2274.015748031496 425.1968503937008 140.15748031496062 (HUGUES),
781.1023622047244 2274.015748031496 294.48818897637796 140.15748031496062 né
976.3779527559055 2274.015748031496 163.7795275590551 140.15748031496062 à
1042.5196850393702 2274.015748031496 622.0472440944882 140.15748031496062 Saint-Marcellin
1565.3543307086613 2274.015748031496 392.12598425196853 140.15748031496062 (Isère),
1859.8425196850394 2274.015748031496 294.48818897637796 140.15748031496062 élève
2023.6220472440946 2274.015748031496 261.4173228346457 140.15748031496062 de

348.0314960629921 2400.0 236.2204724409449 111.81102362204724 M.
507.0866141732283 2400.0 157.48031496062993 111.81102362204724 L.
559.0551181102362 2400.0 368.503937007874 111.81102362204724 Cogniet

250.39370078740157 2492.9133858267714 302.3622047244094 129.13385826771653 137.
439.37007874015745 2492.9133858267714 264.56692913385825 129.13385826771653 Une
552.7559055118111 2492.9133858267714 455.11811023622045 129.13385826771653 mendiante.

595.2755905511812 2601.5748031496064 171.6535433070866 83.46456692913385 H.
680.3149606299213 2601.5748031496064 171.6535433070866 83.46456692913385 1,
766.9291338582677 2601.5748031496064 200.0 83.46456692913385 12.
881.8897637795276 2601.5748031496064 143.30708661417322 83.46456692913385 —
938.5826771653543 2601.5748031496064 171.6535433070866 83.46456692913385 L.
1025.1968503937007 2601.5748031496064 171.6535433070866 83.46456692913385 0,
1110.236220472441 2601.5748031496064 200.0 83.46456692913385 80.
1225.1968503937007 2601.5748031496064 143.30708661417322 83.46456692913385 —
1283.4645669291338 2601.5748031496064 229.92125984251967 83.46456692913385 Fig.
1426.7716535433071 2601.5748031496064 171.6535433070866 83.46456692913385 en
1511.8110236220473 2601.5748031496064 258.26771653543307 83.46456692913385 buste
1685.0393700787401 2601.5748031496064 171.6535433070866 83.46456692913385 de
1770.0787401574803 2601.5748031496064 200.0 83.46456692913385 gr.
1856.6929133858268 2601.5748031496064 171.6535433070866 83.46456692913385 nat.

1678.740157480315 2648.818897637795 318.1102362204724 138.58267716535434 (Salon
1900.7874015748032 2648.818897637795 190.5511811023622 138.58267716535434 de
1965.3543307086613 2648.818897637795 255.11811023622047 138.58267716535434 1861.)

251.96850393700788 2796.850393700787 428.34645669291336 132.28346456692913 MONGINOT
573.2283464566929 2796.850393700787 500.78740157480314 132.28346456692913 (CHARLES),
966.9291338582677 2796.850393700787 321.25984251968504 132.28346456692913 né
1181.1023622047244 2796.850393700787 177.95275590551182 132.28346456692913 à
1251.9685039370079 2796.850393700787 392.12598425196853 132.28346456692913 Brienne
1538.5826771653544 2796.850393700787 392.12598425196853 132.28346456692913 (Aube),
1823.6220472440946 2796.850393700787 321.25984251968504 132.28346456692913 élève
2003.1496062992126 2796.850393700787 285.03937007874015 132.28346456692913 de

343.3070866141732 2918.1102362204724 248.8188976377953 149.60629921259843 M.
510.23622047244095 2918.1102362204724 165.35433070866142 149.60629921259843 T.
565.3543307086615 2918.1102362204724 385.8267716535433 149.60629921259843 Couture

251.96850393700788 3045.6692913385828 300.78740157480314 122.83464566929133 138.
439.37007874015745 3045.6692913385828 374.8031496062992 122.83464566929133 Nature
664.5669291338583 3045.6692913385828 300.78740157480314 122.83464566929133 morte.

595.2755905511812 3149.6062992125985 162.20472440944883 140.15748031496062 H.
675.5905511811023 3149.6062992125985 162.20472440944883 140.15748031496062 2,
757.4803149606299 3149.6062992125985 188.9763779527559 140.15748031496062 00.
864.5669291338583 3149.6062992125985 135.43307086614172 140.15748031496062 —
919.6850393700787 3149.6062992125985 162.20472440944883 140.15748031496062 L.
1000.0 3149.6062992125985 162.20472440944883 140.15748031496062 2,
1053.5433070866143 3149.6062992125985 135.43307086614172 140.15748031496062 60.

1692.9133858267717 3206.299212598425 308.66141732283467 160.62992125984252 (Salon
1910.236220472441 3206.299212598425 185.82677165354332 160.62992125984252 de
1971.6535433070867 3206.299212598425 247.24409448818898 160.62992125984252 1853.)

258.26771653543307 3390.551181102362 507.0866141732283 148.03149606299212 MONTESSUY
670.8661417322835 3390.551181102362 475.59055118110234 148.03149606299212 (FRANÇOIS),
1050.3937007874015 3390.551181102362 285.03937007874015 148.03149606299212 né
1240.9448818897638 3390.551181102362 159.0551181102362 148.03149606299212 à
1303.9370078740158 3390.551181102362 253.54330708661416 148.03149606299212 Lyon
1462.992125984252 3390.551181102362 381.1023622047244 148.03149606299212 (Rhône),
1748.0314960629921 3390.551181102362 285.03937007874015 148.03149606299212 élève
1905.5118110236222 3390.551181102362 381.1023622047244 148.03149606299212 d’Her

348.0314960629921 3505.511811023622 289.76377952755905 140.15748031496062 sent
559.0551181102362 3505.511811023622 157.48031496062993 140.15748031496062 et
637.7952755905512 3505.511811023622 157.48031496062993 140.15748031496062 de
716.5354330708661 3505.511811023622 157.48031496062993 140.15748031496062 M.
770.0787401574803 3505.511811023622 341.73228346456693 140.15748031496062 Ingres

255.11811023622047 3622.047244094488 280.31496062992125 110.23622047244095 139.
429.9212598425197 3622.047244094488 209.4488188976378 110.23622047244095 La
535.4330708661417 3622.047244094488 349.6062992125984 110.23622047244095 Madone
779.5275590551181 3622.047244094488 245.66929133858267 110.23622047244095 des
919.6850393700787 3622.047244094488 349.6062992125984 110.23622047244095 grâces
1165.3543307086613 3622.047244094488 174.8031496062992 110.23622047244095 à
1234.6456692913387 3622.047244094488 209.4488188976378 110.23622047244095 la
1340.1574803149606 3622.047244094488 385.8267716535433 110.23622047244095 Cervara
1585.8267716535433 3622.047244094488 629.9212598425197 110.23622047244095 (États

596.8503937007874 3733.8582677165355 171.6535433070866 130.70866141732284 H.
681.8897637795276 3733.8582677165355 171.6535433070866 130.70866141732284 0,
766.9291338582677 3733.8582677165355 200.0 130.70866141732284 50.
881.8897637795276 3733.8582677165355 171.6535433070866 130.70866141732284 L.
966.9291338582677 3733.8582677165355 171.6535433070866 130.70866141732284 0,
1051.9685039370079 3733.8582677165355 200.0 130.70866141732284 61.
1166.9291338582677 3733.8582677165355 141.73228346456693 130.70866141732284 —
1223.6220472440946 3733.8582677165355 228.3464566929134 130.70866141732284 Fig.
1365.3543307086613 3733.8582677165355 171.6535433070866 130.70866141732284 de
1450.3937007874015 3733.8582677165355 171.6535433070866 130.70866141732284 0,
1508.6614173228347 3733.8582677165355 141.73228346456693 130.70866141732284 28.

1702.3622047244094 3812.5984251968503 310.23622047244095 135.43307086614172 (Salon
1919.6850393700788 3812.5984251968503 185.82677165354332 135.43307086614172 de
1982.6771653543308 3812.5984251968503 248.8188976377953 135.43307086614172 1853.)
