2903.9370078740158 4925.9842519685035
1047.244094488189 559.0551181102362 466.1417322834646 129.13385826771653 PEINTURE.

2111.8110236220473 516.5354330708661 211.0236220472441 168.50393700787401 31

292.9133858267717 689.7637795275591 310.23622047244095 146.45669291338584 NAZON
499.21259842519686 689.7637795275591 722.8346456692914 146.45669291338584 (FRANÇOIS-HENRI),
1119.6850393700788 689.7637795275591 310.23622047244095 146.45669291338584 né
1327.5590551181103 689.7637795275591 171.6535433070866 146.45669291338584 à
1395.275590551181 689.7637795275591 414.1732283464567 146.45669291338584 Réalmont
1705.5118110236222 689.7637795275591 379.5275590551181 146.45669291338584 (Tarn),
1946.4566929133857 689.7637795275591 379.5275590551181 146.45669291338584 élève

392.12598425196853 812.5984251968504 226.77165354330708 108.66141732283465 de
543.3070866141733 812.5984251968504 151.1811023622047 108.66141732283465 M.
593.7007874015748 812.5984251968504 325.98425196850394 108.66141732283465 Gleyre

296.06299212598424 908.6614173228346 278.74015748031496 91.33858267716535 144.
469.29133858267716 908.6614173228346 313.38582677165357 91.33858267716535 Bords
678.7401574803149 908.6614173228346 207.8740157480315 91.33858267716535 de
782.6771653543307 908.6614173228346 486.61417322834643 91.33858267716535 l’Aveyron,
1165.3543307086613 908.6614173228346 278.74015748031496 91.33858267716535 soir
1303.9370078740158 908.6614173228346 417.3228346456693 91.33858267716535 d’automne.

636.2204724409448 993.7007874015748 174.8031496062992 119.68503937007874 H.
724.4094488188977 993.7007874015748 174.8031496062992 119.68503937007874 0,
812.5984251968504 993.7007874015748 204.7244094488189 119.68503937007874 88.
929.1338582677165 993.7007874015748 146.45669291338584 119.68503937007874 —
987.4015748031496 993.7007874015748 174.8031496062992 119.68503937007874 L.
1075.5905511811025 993.7007874015748 174.8031496062992 119.68503937007874 1,
1133.8582677165355 993.7007874015748 146.45669291338584 119.68503937007874 42.

1744.8818897637796 1015.7480314960629 303.93700787401576 146.45669291338584 (Salon
1957.4803149606298 1015.7480314960629 182.6771653543307 146.45669291338584 de
2018.8976377952756 1015.7480314960629 244.09448818897638 146.45669291338584 1863.)

296.06299212598424 1163.7795275590552 305.51181102362204 110.23622047244095 ODIER
500.78740157480314 1163.7795275590552 779.5275590551181 110.23622047244095 (ÉDOUARD-ALEXANDRE)
1177.9527559055118 1163.7795275590552 170.07874015748033 110.23622047244095 ,
1245.6692913385828 1163.7795275590552 305.51181102362204 110.23622047244095 né
1448.8188976377953 1163.7795275590552 170.07874015748033 110.23622047244095 à
1516.5354330708662 1163.7795275590552 474.01574803149606 110.23622047244095 Rambourgi,
1888.1889763779527 1163.7795275590552 305.51181102362204 110.23622047244095 élève
2058.267716535433 1163.7795275590552 270.86614173228344 110.23622047244095 de

382.6771653543307 1239.3700787401574 291.33858267716533 119.68503937007874 M.
577.9527559055118 1239.3700787401574 357.4803149606299 119.68503937007874 Ingres,
837.7952755905512 1239.3700787401574 422.0472440944882 119.68503937007874 chevalier
1162.2047244094488 1239.3700787401574 195.2755905511811 119.68503937007874 de
1259.8425196850394 1239.3700787401574 195.2755905511811 119.68503937007874 la
1357.4803149606298 1239.3700787401574 648.8188976377953 119.68503937007874 Légion-d’Honneur
1908.6614173228347 1239.3700787401574 324.40944881889766 119.68503937007874 en
2103.9370078740158 1239.3700787401574 226.77165354330708 119.68503937007874 1846.

296.06299212598424 1341.732283464567 297.6377952755906 130.70866141732284 145.
481.8897637795276 1341.732283464567 409.4488188976378 130.70866141732284 Épisode
779.5275590551181 1341.732283464567 223.6220472440945 130.70866141732284 de
855.1181102362204 1341.732283464567 333.8582677165354 130.70866141732284 Moscou.

565.3543307086615 1448.8188976377953 179.5275590551181 92.91338582677166 Un
655.1181102362204 1448.8188976377953 300.78740157480314 92.91338582677166 dragon
866.1417322834645 1448.8188976377953 179.5275590551181 92.91338582677166 de
955.9055118110236 1448.8188976377953 179.5275590551181 92.91338582677166 la
1045.6692913385828 1448.8188976377953 270.86614173228344 92.91338582677166 garde
1225.1968503937007 1448.8188976377953 420.4724409448819 92.91338582677166 impériale,
1555.9055118110236 1448.8188976377953 300.78740157480314 92.91338582677166 épuisé
1766.9291338582677 1448.8188976377953 209.4488188976378 92.91338582677166 par
1886.6141732283465 1448.8188976377953 209.4488188976378 92.91338582677166 ses
1976.3779527559054 1448.8188976377953 360.62992125984255 92.91338582677166 blessures,

496.06299212598424 1533.8582677165355 434.6456692913386 77.16535433070867 s’achemine
837.7952755905512 1533.8582677165355 497.6377952755906 77.16535433070867 péniblement,
1242.5196850393702 1533.8582677165355 434.6456692913386 77.16535433070867 s’appuyant
1584.251968503937 1533.8582677165355 217.3228346456693 77.16535433070867 sur
1708.6614173228347 1533.8582677165355 217.3228346456693 77.16535433070867 son
1801.5748031496064 1533.8582677165355 280.31496062992125 77.16535433070867 cheval.

642.5196850393701 1592.1259842519685 160.62992125984252 124.40944881889764 H.
722.8346456692914 1592.1259842519685 160.62992125984252 124.40944881889764 2,
803.1496062992126 1592.1259842519685 187.4015748031496 124.40944881889764 58.
910.2362204724409 1592.1259842519685 133.85826771653544 124.40944881889764 —
963.7795275590552 1592.1259842519685 160.62992125984252 124.40944881889764 L.
1044.0944881889764 1592.1259842519685 160.62992125984252 124.40944881889764 1,
1124.4094488188975 1592.1259842519685 187.4015748031496 124.40944881889764 96.
1229.9212598425197 1592.1259842519685 133.85826771653544 124.40944881889764 —
1283.4645669291338 1592.1259842519685 214.17322834645668 124.40944881889764 Fig.
1417.3228346456692 1592.1259842519685 187.4015748031496 124.40944881889764 gr.
1497.6377952755906 1592.1259842519685 160.62992125984252 124.40944881889764 nat.

1768.5039370078741 1640.9448818897638 297.6377952755906 118.11023622047244 (Salon
1976.3779527559054 1640.9448818897638 177.95275590551182 118.11023622047244 de
2036.2204724409448 1640.9448818897638 237.79527559055117 118.11023622047244 1833.)

307.0866141732283 1762.2047244094488 302.3622047244094 107.08661417322834 OUVRIÉ
518.1102362204724 1762.2047244094488 606.2992125984252 107.08661417322834 (PIERRE-JUSTIN),
1034.6456692913387 1762.2047244094488 272.4409448818898 107.08661417322834 né
1215.748031496063 1762.2047244094488 151.1811023622047 107.08661417322834 à
1277.1653543307086 1762.2047244094488 302.3622047244094 107.08661417322834 Paris,
1488.1889763779527 1762.2047244094488 272.4409448818898 107.08661417322834 élève
1670.8661417322835 1762.2047244094488 302.3622047244094 107.08661417322834 d’Abel
1881.8897637795276 1762.2047244094488 181.10236220472441 107.08661417322834 de
1943.3070866141732 1762.2047244094488 393.7007874015748 107.08661417322834 Pujol,

392.12598425196853 1870.8661417322835 288.18897637795277 96.06299212598425 de
582.6771653543307 1870.8661417322835 192.1259842519685 96.06299212598425 M.
678.7401574803149 1870.8661417322835 192.1259842519685 96.06299212598425 le
774.8031496062993 1870.8661417322835 288.18897637795277 96.06299212598425 baron
966.9291338582677 1870.8661417322835 319.68503937007875 96.06299212598425 Taylor
1190.5511811023623 1870.8661417322835 192.1259842519685 96.06299212598425 et
1286.6141732283465 1870.8661417322835 192.1259842519685 96.06299212598425 de
1382.6771653543308 1870.8661417322835 192.1259842519685 96.06299212598425 M.
1477.1653543307086 1870.8661417322835 447.244094488189 96.06299212598425 Châtillon;
1796.8503937007874 1870.8661417322835 543.3070866141733 96.06299212598425 chevalie</r

388.9763779527559 1948.0314960629921 285.03937007874015 100.78740157480316 de
577.9527559055118 1948.0314960629921 188.9763779527559 100.78740157480316 la
674.0157480314961 1948.0314960629921 633.0708661417323 100.78740157480316 Légion-d’Honneur
1211.023622047244 1948.0314960629921 316.53543307086613 100.78740157480316 en
1400.0 1948.0314960629921 222.04724409448818 100.78740157480316 1854.

305.51181102362204 2044.0944881889764 275.59055118110234 125.98425196850394 146.
478.74015748031496 2044.0944881889764 206.29921259842519 125.98425196850394 Le
581.1023622047244 2044.0944881889764 414.1732283464567 125.98425196850394 Monument
892.9133858267717 2044.0944881889764 206.29921259842519 125.98425196850394 de
995.2755905511812 2044.0944881889764 587.4015748031496 125.98425196850394 Walter-Scott,
1478.740157480315 2044.0944881889764 518.1102362204724 125.98425196850394 Calton-Hill
1892.9133858267717 2044.0944881889764 206.29921259842519 125.98425196850394 et
1996.8503937007874 2044.0944881889764 206.29921259842519 125.98425196850394 la
2066.1417322834645 2044.0944881889764 275.59055118110234 125.98425196850394 Canon-

521.2598425196851 2118.1102362204724 333.8582677165354 96.06299212598425 gate,
743.3070866141733 2118.1102362204724 185.82677165354332 96.06299212598425 à
779.5275590551181 2118.1102362204724 444.09448818897636 96.06299212598425 Edimbourg.

644.0944881889764 2196.850393700787 176.3779527559055 133.85826771653544 H.
732.2834645669292 2196.850393700787 176.3779527559055 133.85826771653544 0,
820.4724409448819 2196.850393700787 204.7244094488189 133.85826771653544 88.
938.5826771653543 2196.850393700787 146.45669291338584 133.85826771653544 —
996.8503937007874 2196.850393700787 176.3779527559055 133.85826771653544 L.
1085.0393700787401 2196.850393700787 176.3779527559055 133.85826771653544 1,
1143.3070866141732 2196.850393700787 146.45669291338584 133.85826771653544 38.

1746.4566929133857 2245.6692913385828 308.66141732283467 111.81102362204724 (Salon
1963.7795275590552 2245.6692913385828 185.82677165354332 111.81102362204724 de
2025.1968503937007 2245.6692913385828 247.24409448818898 111.81102362204724 1863.)

308.66141732283467 2341.732283464567 458.26771653543307 140.15748031496062 PENGUILLY
659.8425196850394 2341.732283464567 176.3779527559055 140.15748031496062 L
730.7086614173228 2341.732283464567 387.40157480314963 140.15748031496062 HARIDON
1012.5984251968504 2341.732283464567 458.26771653543307 140.15748031496062 (OCTAVE),
1365.3543307086613 2341.732283464567 316.53543307086613 140.15748031496062 né
1576.3779527559054 2341.732283464567 176.3779527559055 140.15748031496062 à
1647.244094488189 2341.732283464567 352.755905511811 140.15748031496062 Paris,
1892.9133858267717 2341.732283464567 316.53543307086613 140.15748031496062 élève
2069.2913385826773 2341.732283464567 281.8897637795276 140.15748031496062 de

396.8503937007874 2453.5433070866143 503.93700787401576 122.83464566929133 Charlet;
800.0 2453.5433070866143 437.79527559055117 122.83464566929133 chevalier
1135.4330708661416 2453.5433070866143 201.5748031496063 122.83464566929133 de
1236.2204724409448 2453.5433070866143 201.5748031496063 122.83464566929133 la
1337.007874015748 2453.5433070866143 672.4409448818898 122.83464566929133 Légion-d’Honneur
1908.6614173228347 2453.5433070866143 337.00787401574803 122.83464566929133 en
2111.8110236220473 2453.5433070866143 234.64566929133858 122.83464566929133 1851;

401.5748031496063 2540.1574803149606 344.88188976377955 124.40944881889764 officier
678.7401574803149 2540.1574803149606 229.92125984251967 124.40944881889764 en
817.3228346456693 2540.1574803149606 160.62992125984252 124.40944881889764 1862.

313.38582677165357 2620.472440944882 275.59055118110234 171.6535433070866 147.
486.61417322834643 2620.472440944882 310.23622047244095 171.6535433070866 Halte
692.9133858267717 2620.472440944882 206.29921259842519 171.6535433070866 de
795.2755905511812 2620.472440944882 447.244094488189 171.6535433070866 cavaliers
1140.1574803149606 2620.472440944882 414.1732283464567 171.6535433070866 flamands
1450.3937007874015 2620.472440944882 240.9448818897638 171.6535433070866 par
1588.976377952756 2620.472440944882 240.9448818897638 171.6535433070866 une
1725.984251968504 2620.472440944882 379.5275590551181 171.6535433070866 matinée
1966.9291338582677 2620.472440944882 344.88188976377955 171.6535433070866 d’hiver.

655.1181102362204 2743.3070866141734 162.20472440944883 113.38582677165354 H.
735.4330708661417 2743.3070866141734 162.20472440944883 113.38582677165354 0,
817.3228346456693 2743.3070866141734 188.9763779527559 113.38582677165354 47.
924.4094488188977 2743.3070866141734 135.43307086614172 113.38582677165354 —
977.9527559055118 2743.3070866141734 162.20472440944883 113.38582677165354 L.
1059.8425196850394 2743.3070866141734 162.20472440944883 113.38582677165354 0,
1140.1574803149606 2743.3070866141734 188.9763779527559 113.38582677165354 56.
1248.8188976377953 2743.3070866141734 135.43307086614172 113.38582677165354 —
1302.3622047244094 2743.3070866141734 215.748031496063 113.38582677165354 Fig.
1437.7952755905512 2743.3070866141734 162.20472440944883 113.38582677165354 de
1518.1102362204724 2743.3070866141734 162.20472440944883 113.38582677165354 0,
1571.6535433070867 2743.3070866141734 135.43307086614172 113.38582677165354 11.

1785.8267716535433 2773.228346456693 296.06299212598424 140.15748031496062 (Salon
1993.7007874015749 2773.228346456693 177.95275590551182 140.15748031496062 de
2051.968503937008 2773.228346456693 236.2204724409449 140.15748031496062 1850.)

314.96062992125985 2881.8897637795276 596.8503937007874 162.20472440944883 PHILIPPOTEAUX
806.2992125984252 2881.8897637795276 982.6771653543307 162.20472440944883 (HENRI--EMMANUEL-FÉLIX),
1683.4645669291338 2881.8897637795276 316.53543307086613 162.20472440944883 né
1892.9133858267717 2881.8897637795276 174.8031496062992 162.20472440944883 à
1929.1338582677165 2881.8897637795276 420.4724409448819 162.20472440944883 Paris,

398.4251968503937 2988.9763779527557 384.251968503937 96.06299212598425 élève
686.6141732283464 2988.9763779527557 192.1259842519685 96.06299212598425 de
782.6771653543307 2988.9763779527557 192.1259842519685 96.06299212598425 M.
878.7401574803149 2988.9763779527557 192.1259842519685 96.06299212598425 L.
974.8031496062993 2988.9763779527557 384.251968503937 96.06299212598425 Cogniet,
1264.5669291338584 2988.9763779527557 417.3228346456693 96.06299212598425 chevalier
1584.251968503937 2988.9763779527557 192.1259842519685 96.06299212598425 de
1680.3149606299212 2988.9763779527557 192.1259842519685 96.06299212598425 la
1744.8818897637796 2988.9763779527557 609.4488188976378 96.06299212598425 Légion

407.87401574803147 3078.740157480315 272.4409448818898 110.23622047244095 neur
606.2992125984252 3078.740157480315 247.24409448818898 110.23622047244095 en
754.3307086614174 3078.740157480315 173.22834645669292 110.23622047244095 1846.

321.25984251968504 3166.9291338582675 291.33858267716533 129.13385826771653 148.
502.3622047244094 3166.9291338582675 327.5590551181102 129.13385826771653 Louis
721.2598425196851 3166.9291338582675 217.3228346456693 129.13385826771653 XV
829.9212598425197 3166.9291338582675 436.2204724409449 129.13385826771653 visitant
1157.4803149606298 3166.9291338582675 217.3228346456693 129.13385826771653 le
1266.1417322834645 3166.9291338582675 327.5590551181102 129.13385826771653 champ
1483.4645669291338 3166.9291338582675 217.3228346456693 129.13385826771653 de
1592.1259842519685 3166.9291338582675 436.2204724409449 129.13385826771653 bataille
1919.6850393700788 3166.9291338582675 217.3228346456693 129.13385826771653 de
1992.1259842519685 3166.9291338582675 363.7795275590551 129.13385826771653 Fontenoy

577.9527559055118 3259.8425196850394 291.33858267716533 116.53543307086615 (mai
722.8346456692914 3259.8425196850394 291.33858267716533 116.53543307086615 1745).

661.4173228346457 3362.2047244094488 174.8031496062992 110.23622047244095 H.
748.0314960629921 3362.2047244094488 174.8031496062992 110.23622047244095 1,
834.6456692913385 3362.2047244094488 203.1496062992126 110.23622047244095 95.
951.1811023622047 3362.2047244094488 144.88188976377953 110.23622047244095 —
1009.4488188976378 3362.2047244094488 174.8031496062992 110.23622047244095 L.
1096.0629921259842 3362.2047244094488 174.8031496062992 110.23622047244095 3,
1182.6771653543308 3362.2047244094488 203.1496062992126 110.23622047244095 10.
1299.2125984251968 3362.2047244094488 144.88188976377953 110.23622047244095 —
1357.4803149606298 3362.2047244094488 231.49606299212599 110.23622047244095 Fig.
1472.4409448818897 3362.2047244094488 319.68503937007875 110.23622047244095 demi

1796.8503937007874 3387.4015748031497 292.9133858267717 130.70866141732284 (Salon
2001.5748031496064 3387.4015748031497 174.8031496062992 130.70866141732284 de
2061.417322834646 3387.4015748031497 234.64566929133858 130.70866141732284 1840.)

322.8346456692913 3519.685039370079 316.53543307086613 89.76377952755905 PLACE
532.2834645669292 3519.685039370079 420.4724409448819 89.76377952755905 (HENRI),
848.8188976377953 3519.685039370079 316.53543307086613 89.76377952755905 né
1059.8425196850394 3519.685039370079 174.8031496062992 89.76377952755905 à
1129.1338582677165 3519.685039370079 351.18110236220474 89.76377952755905 Paris,
1374.8031496062993 3519.685039370079 456.6929133858268 89.76377952755905 chevalier
1725.984251968504 3519.685039370079 211.0236220472441 89.76377952755905 de
1831.4960629921259 3519.685039370079 211.0236220472441 89.76377952755905 la
1900.7874015748032 3519.685039370079 456.6929133858268 89.76377952755905 Légion

407.87401574803147 3606.299212598425 461.4173228346457 113.38582677165354 d’Honneur
782.6771653543307 3606.299212598425 288.18897637795277 113.38582677165354 en
955.9055118110236 3606.299212598425 201.5748031496063 113.38582677165354 1854.

321.25984251968504 3697.6377952755906 274.01574803149606 129.13385826771653 149.
492.9133858267717 3697.6377952755906 377.9527559055118 129.13385826771653 Marine,
766.9291338582677 3697.6377952755906 377.9527559055118 129.13385826771653 falaise
1042.5196850393702 3697.6377952755906 206.29921259842519 129.13385826771653 de
1110.236220472441 3697.6377952755906 343.3070866141732 129.13385826771653 Douvres.

970.0787401574803 3798.4251968503936 149.60629921259843 105.51181102362204 (
1029.9212598425197 3798.4251968503936 269.29133858267716 105.51181102362204 Donné
1209.4488188976377 3798.4251968503936 209.4488188976378 105.51181102362204 par
1299.2125984251968 3798.4251968503936 357.4803149606299 105.51181102362204 l’auteur.)

666.1417322834645 3877.165354330709 176.3779527559055 99.21259842519684 H.
754.3307086614174 3877.165354330709 176.3779527559055 99.21259842519684 0,
842.5196850393701 3877.165354330709 204.7244094488189 99.21259842519684 72.
959.0551181102362 3877.165354330709 146.45669291338584 99.21259842519684 —
1018.8976377952756 3877.165354330709 176.3779527559055 99.21259842519684 L.
1105.5118110236222 3877.165354330709 176.3779527559055 99.21259842519684 1,
1165.3543307086613 3877.165354330709 116.53543307086615 99.21259842519684 12

1762.2047244094488 3925.984251968504 314.96062992125985 124.40944881889764 (Salon
1982.6771653543308 3925.984251968504 188.9763779527559 124.40944881889764 de
2045.6692913385828 3925.984251968504 251.96850393700788 124.40944881889764 1849.)
