2875.5905511811025 4944.881889763779
1074.015748031496 491.33858267716533 464.56692913385825 146.45669291338584 PEINTURE.

2132.283464566929 500.78740157480314 226.77165354330708 111.81102362204724 37

321.25984251968504 601.5748031496063 362.20472440944883 140.15748031496062 VERNET
574.8031496062993 601.5748031496063 870.8661417322835 140.15748031496062 (ÉMILE-JEAN-HORACE),
1337.007874015748 601.5748031496063 325.98425196850394 140.15748031496062 né
1554.3307086614172 601.5748031496063 181.10236220472441 140.15748031496062 à
1626.7716535433071 601.5748031496063 362.20472440944883 140.15748031496062 Paris,
1881.8897637795276 601.5748031496063 362.20472440944883 140.15748031496062 en
2099.212598425197 601.5748031496063 253.54330708661416 140.15748031496062 1789.

404.7244094488189 716.5354330708661 404.7244094488189 125.98425196850394 élève
707.0866141732283 716.5354330708661 201.5748031496063 125.98425196850394 de
807.8740157480315 716.5354330708661 404.7244094488189 125.98425196850394 Vincent,
1111.8110236220473 716.5354330708661 437.79527559055117 125.98425196850394 chevalier
1448.8188976377953 716.5354330708661 201.5748031496063 125.98425196850394 de
1549.6062992125985 716.5354330708661 201.5748031496063 125.98425196850394 la
1617.3228346456692 716.5354330708661 741.7322834645669 125.98425196850394 Légion

411.0236220472441 814.1732283464567 351.18110236220474 99.21259842519684 en
681.8897637795276 814.1732283464567 244.09448818897638 99.21259842519684 1814,
844.0944881889764 814.1732283464567 406.2992125984252 99.21259842519684 officier
1168.5039370078741 814.1732283464567 270.86614173228344 99.21259842519684 en
1357.4803149606298 814.1732283464567 244.09448818897638 99.21259842519684 1825,
1519.6850393700788 814.1732283464567 351.18110236220474 99.21259842519684 membre
1788.976377952756 814.1732283464567 162.20472440944883 99.21259842519684 de
1870.8661417322835 814.1732283464567 377.9527559055118 99.21259842519684 l’Institut
2141.732283464567 814.1732283464567 215.748031496063 99.21259842519684 en

407.87401574803147 899.2125984251968 307.0866141732283 97.63779527559055 1826,
612.5984251968504 899.2125984251968 546.4566929133858 97.63779527559055 directeur
1056.6929133858268 899.2125984251968 204.7244094488189 97.63779527559055 de
1159.0551181102362 899.2125984251968 478.74015748031496 97.63779527559055 l’Académie
1535.4330708661416 899.2125984251968 204.7244094488189 97.63779527559055 de
1637.7952755905512 899.2125984251968 341.73228346456693 97.63779527559055 France
1877.1653543307086 899.2125984251968 170.07874015748033 97.63779527559055 à
1944.8818897637796 899.2125984251968 272.4409448818898 97.63779527559055 Rome
2081.8897637795276 899.2125984251968 272.4409448818898 97.63779527559055 en

404.7244094488189 981.1023622047244 311.81102362204723 118.11023622047244 1828,
612.5984251968504 981.1023622047244 590.5511811023622 118.11023622047244 commandeur
1099.2125984251968 981.1023622047244 207.8740157480315 118.11023622047244 de
1203.1496062992126 981.1023622047244 207.8740157480315 118.11023622047244 la
1307.0866141732283 981.1023622047244 694.488188976378 118.11023622047244 Légion-d’Honneur
1897.6377952755906 981.1023622047244 348.0314960629921 118.11023622047244 en
2107.0866141732286 981.1023622047244 242.51968503937007 118.11023622047244 1842,

407.87401574803147 1062.992125984252 310.23622047244095 146.45669291338584 grand
639.3700787401575 1062.992125984252 310.23622047244095 146.45669291338584 officier
872.4409448818898 1062.992125984252 258.26771653543307 146.45669291338584 en
1053.5433070866143 1062.992125984252 233.0708661417323 146.45669291338584 1862,
1207.8740157480315 1062.992125984252 285.03937007874015 146.45669291338584 mort
1415.748031496063 1062.992125984252 258.26771653543307 146.45669291338584 en
1570.0787401574803 1062.992125984252 181.10236220472441 146.45669291338584 1863.

319.68503937007875 1190.5511811023623 280.31496062992125 129.13385826771653 180.
494.48818897637796 1190.5511811023623 209.4488188976378 129.13385826771653 La
598.4251968503937 1190.5511811023623 418.8976377952756 129.13385826771653 barrière
913.3858267716536 1190.5511811023623 209.4488188976378 129.13385826771653 de
1018.8976377952756 1190.5511811023623 384.251968503937 129.13385826771653 Clichy,
1297.6377952755906 1190.5511811023623 209.4488188976378 129.13385826771653 ou
1403.1496062992126 1190.5511811023623 384.251968503937 129.13385826771653 défense
1681.8897637795276 1190.5511811023623 209.4488188976378 129.13385826771653 de
1787.4015748031495 1190.5511811023623 314.96062992125985 129.13385826771653 Paris
1996.8503937007874 1190.5511811023623 209.4488188976378 129.13385826771653 en
2067.716535433071 1190.5511811023623 244.09448818897638 129.13385826771653 1814.

577.9527559055118 1307.0866141732283 206.29921259842519 86.61417322834646 Le
681.8897637795276 1307.0866141732283 411.0236220472441 86.61417322834646 maréchal
988.9763779527559 1307.0866141732283 343.3070866141732 86.61417322834646 Moncey
1229.9212598425197 1307.0866141732283 308.66141732283467 86.61417322834646 donne
1434.6456692913387 1307.0866141732283 206.29921259842519 86.61417322834646 au
1538.5826771653544 1307.0866141732283 274.01574803149606 86.61417322834646 chef
1708.6614173228347 1307.0866141732283 206.29921259842519 86.61417322834646 de
1812.5984251968505 1307.0866141732283 445.6692913385827 86.61417322834646 bataillon
2121.259842519685 1307.0866141732283 239.37007874015748 86.61417322834646 Odiot

514.9606299212599 1365.3543307086613 368.503937007874 91.33858267716535 l’ordre
782.6771653543307 1365.3543307086613 469.29133858267716 91.33858267716535 d’empêcher
1151.1811023622047 1365.3543307086613 234.64566929133858 91.33858267716535 les
1286.6141732283465 1365.3543307086613 335.43307086614175 91.33858267716535 Russes
1521.259842519685 1365.3543307086613 201.5748031496063 91.33858267716535 de
1620.4724409448818 1365.3543307086613 436.2204724409449 91.33858267716535 s’emparer
1955.9055118110236 1365.3543307086613 201.5748031496063 91.33858267716535 de
2056.6929133858266 1365.3543307086613 201.5748031496063 91.33858267716535 la
2124.4094488188975 1365.3543307086613 234.64566929133858 91.33858267716535 butte

483.46456692913387 1444.0944881889764 469.29133858267716 100.78740157480316 Montmartre.

581.1023622047244 1521.259842519685 296.06299212598424 83.46456692913385 Parmi
777.9527559055118 1521.259842519685 229.92125984251967 83.46456692913385 les
910.2362204724409 1521.259842519685 362.20472440944883 83.46456692913385 acteurs
1173.2283464566929 1521.259842519685 196.8503937007874 83.46456692913385 de
1270.8661417322835 1521.259842519685 296.06299212598424 83.46456692913385 cette
1469.291338582677 1521.259842519685 296.06299212598424 83.46456692913385 scène
1666.1417322834645 1521.259842519685 196.8503937007874 83.46456692913385 on
1763.7795275590552 1521.259842519685 393.7007874015748 83.46456692913385 remarque
2059.8425196850394 1521.259842519685 196.8503937007874 83.46456692913385 le
2125.984251968504 1521.259842519685 229.92125984251967 83.46456692913385 maré-

513.3858267716536 1600.0 267.7165354330709 78.74015748031496 chal
680.3149606299213 1600.0 368.503937007874 78.74015748031496 Moncey;
948.0314960629921 1600.0 201.5748031496063 78.74015748031496 M.
1048.8188976377953 1600.0 335.43307086614175 78.74015748031496 Odiot,
1283.4645669291338 1600.0 401.5748031496063 78.74015748031496 colonel;
1585.8267716535433 1600.0 201.5748031496063 78.74015748031496 M.
1685.0393700787401 1600.0 201.5748031496063 78.74015748031496 de
1752.755905511811 1600.0 603.1496062992126 78.74015748031496 Marguery

516.5354330708661 1667.716535433071 341.73228346456693 81.88976377952756 l’homme
765.3543307086615 1667.716535433071 187.4015748031496 81.88976377952756 de
859.8425196850394 1667.716535433071 373.2283464566929 81.88976377952756 lettres;
1138.5826771653544 1667.716535433071 373.2283464566929 81.88976377952756 Charlet,
1418.8976377952756 1667.716535433071 187.4015748031496 81.88976377952756 et
1513.3858267716535 1667.716535433071 311.81102362204723 81.88976377952756 Horace
1730.708661417323 1667.716535433071 341.73228346456693 81.88976377952756 Vernet,
1979.5275590551182 1667.716535433071 373.2283464566929 81.88976377952756 l’auteur
2228.3464566929133 1667.716535433071 124.40944881889764 81.88976377952756 du

478.74015748031496 1732.283464566929 321.25984251968504 94.48818897637796 tableau.

650.3937007874016 1768.5039370078741 285.03937007874015 138.58267716535434 Donné
839.3700787401575 1768.5039370078741 157.48031496062993 138.58267716535434 à
903.9370078740158 1768.5039370078741 188.9763779527559 138.58267716535434 la
998.4251968503937 1768.5039370078741 348.0314960629921 138.58267716535434 Chambre
1250.3937007874015 1768.5039370078741 222.04724409448818 138.58267716535434 des
1377.9527559055118 1768.5039370078741 285.03937007874015 138.58267716535434 pairs
1566.9291338582677 1768.5039370078741 222.04724409448818 138.58267716535434 par
1692.9133858267717 1768.5039370078741 157.48031496062993 138.58267716535434 M
1757.4803149606298 1768.5039370078741 285.03937007874015 138.58267716535434 Odiot
1946.4566929133857 1768.5039370078741 285.03937007874015 138.58267716535434 père,
2103.9370078740158 1768.5039370078741 253.54330708661416 138.58267716535434 ancien

600.0 1870.8661417322835 327.5590551181102 97.63779527559055 orfèvre,
845.6692913385826 1870.8661417322835 300.78740157480314 97.63779527559055 colonel
1064.5669291338584 1870.8661417322835 163.7795275590551 97.63779527559055 de
1146.4566929133857 1870.8661417322835 163.7795275590551 97.63779527559055 la
1201.5748031496064 1870.8661417322835 245.66929133858267 97.63779527559055 légion.

650.3937007874016 1949.6062992125985 160.62992125984252 113.38582677165354 H.
730.7086614173228 1949.6062992125985 160.62992125984252 113.38582677165354 0,
811.0236220472441 1949.6062992125985 187.4015748031496 113.38582677165354 97.
918.1102362204724 1949.6062992125985 133.85826771653544 113.38582677165354 —
973.2283464566929 1949.6062992125985 160.62992125984252 113.38582677165354 L.
1053.5433070866143 1949.6062992125985 160.62992125984252 113.38582677165354 1,
1133.8582677165355 1949.6062992125985 187.4015748031496 113.38582677165354 30.
1240.9448818897638 1949.6062992125985 133.85826771653544 113.38582677165354 —
1294.4881889763778 1949.6062992125985 214.17322834645668 113.38582677165354 Fig.
1428.3464566929133 1949.6062992125985 160.62992125984252 113.38582677165354 de
1510.236220472441 1949.6062992125985 160.62992125984252 113.38582677165354 0,
1563.7795275590552 1949.6062992125985 133.85826771653544 113.38582677165354 38.

1779.5275590551182 2042.5196850393702 300.78740157480314 108.66141732283465 (Peint
1990.5511811023623 2042.5196850393702 181.10236220472441 108.66141732283465 en
2050.3937007874015 2042.5196850393702 240.9448818897638 108.66141732283465 1820.)

305.51181102362204 2133.8582677165355 292.9133858267717 107.08661417322834 181.
488.18897637795277 2133.8582677165355 366.92913385826773 107.08661417322834 Judith
744.8818897637796 2133.8582677165355 220.4724409448819 107.08661417322834 et
818.8976377952756 2133.8582677165355 477.1653543307087 107.08661417322834 Holopherne.

655.1181102362204 2228.3464566929133 160.62992125984252 122.83464566929133 H.
735.4330708661417 2228.3464566929133 160.62992125984252 122.83464566929133 2,
815.7480314960629 2228.3464566929133 188.9763779527559 122.83464566929133 98.
924.4094488188977 2228.3464566929133 133.85826771653544 122.83464566929133 —
977.9527559055118 2228.3464566929133 160.62992125984252 122.83464566929133 L.
1058.267716535433 2228.3464566929133 160.62992125984252 122.83464566929133 1,
1138.5826771653544 2228.3464566929133 188.9763779527559 122.83464566929133 96.
1247.244094488189 2228.3464566929133 133.85826771653544 122.83464566929133 —
1300.7874015748032 2228.3464566929133 215.748031496063 122.83464566929133 Fig.
1434.6456692913387 2228.3464566929133 188.9763779527559 122.83464566929133 gr.
1516.5354330708662 2228.3464566929133 160.62992125984252 122.83464566929133 nat.

1766.9291338582677 2281.8897637795276 303.93700787401576 129.13385826771653 (Salon
1979.5275590551182 2281.8897637795276 182.6771653543307 129.13385826771653 de
2039.3700787401574 2281.8897637795276 242.51968503937007 129.13385826771653 1831.)

313.38582677165357 2371.6535433070867 296.06299212598424 148.03149606299212 182.
497.6377952755906 2371.6535433070867 407.87401574803147 148.03149606299212 Raphaël
793.7007874015748 2371.6535433070867 222.04724409448818 148.03149606299212 au
867.7165354330708 2371.6535433070867 370.0787401574803 148.03149606299212 Vatican.

576.3779527559055 2497.6377952755906 502.3622047244094 107.08661417322834 Michel-Ange
977.9527559055118 2497.6377952755906 502.3622047244094 107.08661417322834 rencontrant
1379.5275590551182 2497.6377952755906 368.503937007874 107.08661417322834 Raphaël
1647.244094488189 2497.6377952755906 267.7165354330709 107.08661417322834 dans
1815.748031496063 2497.6377952755906 201.5748031496063 107.08661417322834 le
1916.5354330708662 2497.6377952755906 368.503937007874 107.08661417322834 Vatican
2149.6062992125985 2497.6377952755906 201.5748031496063 107.08661417322834 avec

513.3858267716536 2585.8267716535433 225.1968503937008 69.29133858267717 ses
640.9448818897638 2585.8267716535433 354.3307086614173 69.29133858267717 élèves,
899.2125984251968 2585.8267716535433 225.1968503937008 69.29133858267717 lui
1028.3464566929133 2585.8267716535433 225.1968503937008 69.29133858267717 dit
1157.4803149606298 2585.8267716535433 160.62992125984252 69.29133858267717 :
1222.0472440944882 2585.8267716535433 160.62992125984252 69.29133858267717 «
1286.6141732283465 2585.8267716535433 258.26771653543307 69.29133858267717 Vous
1448.8188976377953 2585.8267716535433 354.3307086614173 69.29133858267717 marchez
1705.5118110236222 2585.8267716535433 354.3307086614173 69.29133858267717 entouré
1963.7795275590552 2585.8267716535433 289.76377952755905 69.29133858267717 d’une
2125.984251968504 2585.8267716535433 225.1968503937008 69.29133858267717 suite

513.3858267716536 2658.267716535433 450.3937007874016 77.16535433070867 nombreuse
859.8425196850394 2658.267716535433 311.81102362204723 77.16535433070867 ainsi
1067.716535433071 2658.267716535433 311.81102362204723 77.16535433070867 qu’un
1275.5905511811025 2658.267716535433 450.3937007874016 77.16535433070867 général.»
1622.0472440944882 2658.267716535433 173.22834645669292 77.16535433070867 —
1691.3385826771653 2658.267716535433 242.51968503937007 77.16535433070867 «Et
1829.9212598425197 2658.267716535433 311.81102362204723 77.16535433070867 vous,
2003.1496062992126 2658.267716535433 346.45669291338584 77.16535433070867 répondit

514.9606299212599 2719.685039370079 359.0551181102362 83.46456692913385 Raphaël
776.3779527559055 2719.685039370079 196.8503937007874 83.46456692913385 au
875.5905511811023 2719.685039370079 359.0551181102362 83.46456692913385 peintre
1137.007874015748 2719.685039370079 196.8503937007874 83.46456692913385 du
1234.6456692913387 2719.685039370079 392.12598425196853 83.46456692913385 Jugement
1529.1338582677165 2719.685039370079 392.12598425196853 83.46456692913385 dernier,
1823.6220472440946 2719.685039370079 261.4173228346457 83.46456692913385 vous
1987.4015748031495 2719.685039370079 294.48818897637796 83.46456692913385 allez
2149.6062992125985 2719.685039370079 196.8503937007874 83.46456692913385 seul

511.81102362204723 2784.251968503937 275.59055118110234 108.66141732283465 comme
694.488188976378 2784.251968503937 184.251968503937 108.66141732283465 le
787.4015748031496 2784.251968503937 398.4251968503937 108.66141732283465 bourreau.
1092.9133858267717 2784.251968503937 152.75590551181102 108.66141732283465 »
1154.3307086614172 2784.251968503937 337.00787401574803 108.66141732283465 (Vie
1400.0 2784.251968503937 184.251968503937 108.66141732283465 de
1491.3385826771653 2784.251968503937 489.76377952755905 108.66141732283465 Raphaël
1889.763779527559 2784.251968503937 214.17322834645668 108.66141732283465 par
2012.5984251968505 2784.251968503937 184.251968503937 108.66141732283465 M.
2074.015748031496 2784.251968503937 275.59055118110234 108.66141732283465 QUATRE-

510.23622047244095 2848.818897637795 289.76377952755905 91.33858267716535 MÈRE
691.3385826771654 2848.818897637795 217.3228346456693 91.33858267716535 DE
763.7795275590552 2848.818897637795 362.20472440944883 91.33858267716535 QUINCY.)

653.5433070866142 2903.9370078740158 160.62992125984252 110.23622047244095 H.
733.8582677165355 2903.9370078740158 160.62992125984252 110.23622047244095 3,
814.1732283464567 2903.9370078740158 187.4015748031496 110.23622047244095 92.
921.2598425196851 2903.9370078740158 133.85826771653544 110.23622047244095 —
974.8031496062993 2903.9370078740158 160.62992125984252 110.23622047244095 L.
1055.1181102362204 2903.9370078740158 160.62992125984252 110.23622047244095 3,
1135.4330708661416 2903.9370078740158 187.4015748031496 110.23622047244095 00.
1244.0944881889764 2903.9370078740158 133.85826771653544 110.23622047244095 —
1297.6377952755906 2903.9370078740158 214.17322834645668 110.23622047244095 Fig.
1431.4960629921259 2903.9370078740158 187.4015748031496 110.23622047244095 gr.
1511.8110236220473 2903.9370078740158 160.62992125984252 110.23622047244095 nat.

1784.251968503937 2962.2047244094488 292.9133858267717 138.58267716535434 (Salon
1990.5511811023623 2962.2047244094488 176.3779527559055 138.58267716535434 de
2048.818897637795 2962.2047244094488 234.64566929133858 138.58267716535434 1833.)

307.0866141732283 3110.236220472441 373.2283464566929 135.43307086614172 VINCHON
579.5275590551181 3110.236220472441 949.6062992125984 135.43307086614172 (JEAN-BAPTISTE-AUGUSTE),
1426.7716535433071 3110.236220472441 305.51181102362204 135.43307086614172 né
1631.4960629921259 3110.236220472441 170.07874015748033 135.43307086614172 à
1699.2125984251968 3110.236220472441 305.51181102362204 135.43307086614172 Paris
1902.3622047244094 3110.236220472441 338.5826771653543 135.43307086614172 en
2105.511811023622 3110.236220472441 237.79527559055117 135.43307086614172 1787,

392.12598425196853 3223.6220472440946 434.6456692913386 92.91338582677166 élève
718.1102362204724 3223.6220472440946 217.3228346456693 92.91338582677166 de
826.7716535433071 3223.6220472440946 507.0866141732283 92.91338582677166 Serangeli;
1225.1968503937007 3223.6220472440946 398.4251968503937 92.91338582677166 premier
1514.9606299212599 3223.6220472440946 325.98425196850394 92.91338582677166 grand
1732.283464566929 3223.6220472440946 289.76377952755905 92.91338582677166 prix
1913.3858267716535 3223.6220472440946 217.3228346456693 92.91338582677166 de
1985.8267716535433 3223.6220472440946 362.20472440944883 92.91338582677166 Rome

403.1496062992126 3307.0866141732286 514.9606299212599 121.25984251968504 (<Histoire)
831.496062992126 3307.0866141732286 286.61417322834643 121.25984251968504 en
1031.4960629921259 3307.0866141732286 256.6929133858268 121.25984251968504 1814,
1203.1496062992126 3307.0866141732286 458.26771653543307 121.25984251968504 chevalier
1576.3779527559054 3307.0866141732286 171.6535433070866 121.25984251968504 de
1661.4173228346456 3307.0866141732286 171.6535433070866 121.25984251968504 la
1718.1102362204724 3307.0866141732286 629.9212598425197 121.25984251968504 Légion

406.2992125984252 3385.8267716535433 305.51181102362204 110.23622047244095 en
640.9448818897638 3385.8267716535433 211.0236220472441 110.23622047244095 1828,
782.6771653543307 3385.8267716535433 258.26771653543307 110.23622047244095 mort
970.0787401574803 3385.8267716535433 234.64566929133858 110.23622047244095 en
1111.8110236220473 3385.8267716535433 163.7795275590551 110.23622047244095 1855.

314.96062992125985 3518.1102362204724 270.86614173228344 88.18897637795276 183.
483.46456692913387 3518.1102362204724 371.65354330708664 88.18897637795276 Épisode
754.3307086614174 3518.1102362204724 203.1496062992126 88.18897637795276 de
855.1181102362204 3518.1102362204724 472.4409448818898 88.18897637795276 l’Histoire
1226.7716535433071 3518.1102362204724 203.1496062992126 88.18897637795276 de
1294.4881889763778 3518.1102362204724 303.93700787401576 88.18897637795276 Venise.

574.8031496062993 3615.748031496063 214.17322834645668 111.81102362204724 Une
696.0629921259842 3615.748031496063 275.59055118110234 111.81102362204724 jeune
880.3149606299213 3615.748031496063 275.59055118110234 111.81102362204724 fille
1062.992125984252 3615.748031496063 488.18897637795277 111.81102362204724 patricienne,
1459.8425196850394 3615.748031496063 244.09448818897638 111.81102362204724 dont
1612.5984251968505 3615.748031496063 182.6771653543307 111.81102362204724 le
1705.5118110236222 3615.748031496063 305.51181102362204 111.81102362204724 fiancé
1918.1102362204724 3615.748031496063 214.17322834645668 111.81102362204724 est
2011.023622047244 3615.748031496063 335.43307086614175 111.81102362204724 soupçonné

507.0866141732283 3705.511811023622 354.3307086614173 86.61417322834646 d’avoir
763.7795275590552 3705.511811023622 258.26771653543307 86.61417322834646 pris
925.9842519685039 3705.511811023622 258.26771653543307 86.61417322834646 part
1086.6141732283465 3705.511811023622 160.62992125984252 86.61417322834646 à
1151.1811023622047 3705.511811023622 193.70078740157481 86.61417322834646 un
1248.8188976377953 3705.511811023622 354.3307086614173 86.61417322834646 complot
1505.5118110236222 3705.511811023622 322.8346456692913 86.61417322834646 contre
1732.283464566929 3705.511811023622 193.70078740157481 86.61417322834646 le
1828.3464566929133 3705.511811023622 258.26771653543307 86.61417322834646 Doge
1990.5511811023623 3705.511811023622 193.70078740157481 86.61417322834646 de
2055.1181102362207 3705.511811023622 289.76377952755905 86.61417322834646 Venise,

510.23622047244095 3770.0787401574803 201.5748031496063 74.01574803149606 est
625.1968503937007 3770.0787401574803 314.96062992125985 74.01574803149606 enlevée
853.5433070866142 3770.0787401574803 171.6535433070866 74.01574803149606 la
940.1574803149606 3770.0787401574803 286.61417322834643 74.01574803149606 veille
1141.732283464567 3770.0787401574803 171.6535433070866 74.01574803149606 de
1226.7716535433071 3770.0787401574803 201.5748031496063 74.01574803149606 ses
1341.732283464567 3770.0787401574803 286.61417322834643 74.01574803149606 noces,
1543.3070866141732 3770.0787401574803 171.6535433070866 74.01574803149606 et
1628.3464566929133 3770.0787401574803 314.96062992125985 74.01574803149606 traînée
1858.267716535433 3770.0787401574803 229.92125984251967 74.01574803149606 dans
2001.5748031496064 3770.0787401574803 201.5748031496063 74.01574803149606 les
2088.1889763779527 3770.0787401574803 258.26771653543307 74.01574803149606 cachots

507.0866141732283 3834.6456692913384 184.251968503937 91.33858267716535 du
598.4251968503937 3834.6456692913384 368.503937007874 91.33858267716535 tribunal
875.5905511811023 3834.6456692913384 215.748031496063 91.33858267716535 des
966.9291338582677 3834.6456692913384 184.251968503937 91.33858267716535 Dix.

573.2283464566929 3881.8897637795276 270.86614173228344 97.63779527559055 Après
752.7559055118111 3881.8897637795276 270.86614173228344 97.63779527559055 avoir
933.8582677165355 3881.8897637795276 209.4488188976378 97.63779527559055 été
1053.5433070866143 3881.8897637795276 420.4724409448819 97.63779527559055 dépouillée
1384.251968503937 3881.8897637795276 179.5275590551181 97.63779527559055 de
1474.015748031496 3881.8897637795276 209.4488188976378 97.63779527559055 ses
1593.7007874015749 3881.8897637795276 390.5511811023622 97.63779527559055 vêtements
1894.4881889763778 3881.8897637795276 179.5275590551181 97.63779527559055 et
1984.251968503937 3881.8897637795276 360.62992125984255 97.63779527559055 couverte
2225.196850393701 3881.8897637795276 119.68503937007874 97.63779527559055 de
