2833.0708661417325 4935.433070866142
267.7165354330709 508.66141732283467 763.7795275590552 192.1259842519685 CARTONS,
839.3700787401575 508.66141732283467 763.7795275590552 192.1259842519685 DESSINS,
1348.0314960629921 508.66141732283467 763.7795275590552 192.1259842519685 MINIATURES

798.4251968503937 692.9133858267717 381.1023622047244 185.82677165354332 ET
924.4094488188977 692.9133858267717 634.6456692913385 185.82677165354332 PASTELS.

174.8031496062992 1113.3858267716535 351.18110236220474 132.28346456692913 ALIGNY
420.4724409448819 1113.3858267716535 280.31496062992125 132.28346456692913 (TH.
595.2755905511812 1113.3858267716535 280.31496062992125 132.28346456692913 D’).
771.6535433070866 1113.3858267716535 316.53543307086613 132.28346456692913 (Voir
981.1023622047244 1113.3858267716535 280.31496062992125 132.28346456692913 page
1122.8346456692914 1113.3858267716535 174.8031496062992 132.28346456692913 1).

176.3779527559055 1240.9448818897638 286.61417322834643 119.68503937007874 189.
355.90551181102364 1240.9448818897638 251.96850393700788 119.68503937007874 Vue
499.21259842519686 1240.9448818897638 215.748031496063 119.68503937007874 de
607.8740157480315 1240.9448818897638 466.1417322834646 119.68503937007874 Genazzano
930.7086614173228 1240.9448818897638 645.6692913385826 119.68503937007874 (États

436.2204724409449 1346.4566929133857 313.38582677165357 113.38582677165354 Dessin
655.1181102362204 1346.4566929133857 155.90551181102362 113.38582677165354 à
718.1102362204724 1346.4566929133857 187.4015748031496 113.38582677165354 la
812.5984251968504 1346.4566929133857 281.8897637795276 113.38582677165354 plume
1000.0 1346.4566929133857 344.88188976377955 113.38582677165354 exécuté
1250.3937007874015 1346.4566929133857 187.4015748031496 113.38582677165354 en
1313.3858267716535 1346.4566929133857 218.89763779527559 113.38582677165354 1835.

171.6535433070866 1434.6456692913387 270.86614173228344 129.13385826771653 190.
341.73228346456693 1434.6456692913387 373.2283464566929 129.13385826771653 Rochers
612.5984251968504 1434.6456692913387 203.1496062992126 129.13385826771653 et
714.9606299212599 1434.6456692913387 576.3779527559055 129.13385826771653 Châtaigniers;
1155.9055118110236 1434.6456692913387 270.86614173228344 129.13385826771653 étude.

365.3543307086614 1530.708661417323 313.38582677165357 124.40944881889764 Dessin
584.2519685039371 1530.708661417323 155.90551181102362 124.40944881889764 à
647.2440944881889 1530.708661417323 187.4015748031496 124.40944881889764 la
741.7322834645669 1530.708661417323 313.38582677165357 124.40944881889764 plume,
960.6299212598425 1530.708661417323 344.88188976377955 124.40944881889764 exécuté
1211.023622047244 1530.708661417323 155.90551181102362 124.40944881889764 à
1272.4409448818897 1530.708661417323 281.8897637795276 124.40944881889764 Royat
1461.4173228346456 1530.708661417323 469.29133858267716 124.40944881889764 (Auvergne),
1836.2204724409448 1530.708661417323 187.4015748031496 124.40944881889764 en
1899.2125984251968 1530.708661417323 218.89763779527559 124.40944881889764 1838.

162.20472440944883 1667.716535433071 398.4251968503937 122.83464566929133 BELLEL.
451.9685039370079 1667.716535433071 325.98425196850394 122.83464566929133 (Voir
669.2913385826772 1667.716535433071 289.76377952755905 122.83464566929133 page
814.1732283464567 1667.716535433071 181.10236220472441 122.83464566929133 4).

168.50393700787401 1781.1023622047244 281.8897637795276 129.13385826771653 191.
343.3070866141732 1781.1023622047244 351.18110236220474 129.13385826771653 Vallée
590.5511811023622 1781.1023622047244 211.0236220472441 129.13385826771653 de
696.0629921259842 1781.1023622047244 456.6929133858268 129.13385826771653 Saint-Amé
1011.0236220472441 1781.1023622047244 387.40157480314963 129.13385826771653 (Vosges).

458.26771653543307 1875.5905511811025 316.53543307086613 102.36220472440945 Dessin
678.7401574803149 1875.5905511811025 188.9763779527559 102.36220472440945 au
741.7322834645669 1875.5905511811025 285.03937007874015 102.36220472440945 fusain.

162.20472440944883 1993.7007874015749 566.9291338582677 135.43307086614172 BENOUVILLE.
615.7480314960629 1993.7007874015749 340.15748031496065 135.43307086614172 (Voir
842.5196850393701 1993.7007874015749 302.3622047244094 135.43307086614172 page
993.7007874015748 1993.7007874015749 188.9763779527559 135.43307086614172 5.)

166.9291338582677 2097.6377952755906 269.29133858267716 152.75590551181102 192.
335.43307086614175 2097.6377952755906 371.65354330708664 152.75590551181102 Martyrs
604.7244094488188 2097.6377952755906 404.7244094488189 152.75590551181102 conduits
908.6614173228346 2097.6377952755906 201.5748031496063 152.75590551181102 au
974.8031496062993 2097.6377952755906 371.65354330708664 152.75590551181102 supplice.

448.81889763779526 2220.472440944882 305.51181102362204 125.98425196850394 Dessin
662.992125984252 2220.472440944882 152.75590551181102 125.98425196850394 à
692.9133858267717 2220.472440944882 428.34645669291336 125.98425196850394 l’aquarelle.

1615.748031496063 2296.0629921259842 297.6377952755906 141.73228346456693 (Salon
1823.6220472440946 2296.0629921259842 177.95275590551182 141.73228346456693 de
1883.4645669291338 2296.0629921259842 237.79527559055117 141.73228346456693 1852.)

152.75590551181102 2406.299212598425 283.46456692913387 130.70866141732284 BIDA
330.70866141732284 2406.299212598425 532.2834645669292 130.70866141732284 (ALEXANDRE)
757.4803149606299 2406.299212598425 177.95275590551182 130.70866141732284 ,
828.3464566929134 2406.299212598425 319.68503937007875 130.70866141732284 <i>né
1040.9448818897638 2406.299212598425 177.95275590551182 130.70866141732284 à
1111.8110236220473 2406.299212598425 426.7716535433071 130.70866141732284 Toulouse
1396.8503937007874 2406.299212598425 781.1023622047244 130.70866141732284 (Haute

231.49606299212599 2519.685039370079 411.0236220472441 103.93700787401575 <i>élève
540.1574803149606 2519.685039370079 411.0236220472441 103.93700787401575 d’Eugène
848.8188976377953 2519.685039370079 480.31496062992125 103.93700787401575 Delacroix,
1226.7716535433071 2519.685039370079 445.6692913385827 103.93700787401575 chevalier
1568.5039370078741 2519.685039370079 206.29921259842519 103.93700787401575 de
1670.8661417322835 2519.685039370079 206.29921259842519 103.93700787401575 la
1740.1574803149606 2519.685039370079 445.6692913385827 103.93700787401575 Légion

242.51968503937007 2577.952755905512 451.9685039370079 122.83464566929133 <i>d’Honneur
609.4488188976378 2577.952755905512 281.8897637795276 122.83464566929133 en</i>
779.5275590551181 2577.952755905512 196.8503937007874 122.83464566929133 1855.

154.33070866141733 2710.236220472441 272.4409448818898 105.51181102362204 193.
324.40944881889766 2710.236220472441 475.59055118110234 105.51181102362204 Réfectoire
699.2125984251968 2710.236220472441 204.7244094488189 105.51181102362204 de
801.5748031496063 2710.236220472441 340.15748031496065 105.51181102362204 moines
1004.7244094488188 2710.236220472441 272.4409448818898 105.51181102362204 grecs.

451.9685039370079 2788.9763779527557 319.68503937007875 118.11023622047244 Dessin
675.5905511811023 2788.9763779527557 192.1259842519685 118.11023622047244 au
770.0787401574803 2788.9763779527557 319.68503937007875 118.11023622047244 crayon
962.2047244094488 2788.9763779527557 223.6220472440945 118.11023622047244 noir.

1598.4251968503936 2870.8661417322833 307.0866141732283 149.60629921259843 (Salon
1812.5984251968505 2870.8661417322833 184.251968503937 149.60629921259843 de
1874.015748031496 2870.8661417322833 245.66929133858267 149.60629921259843 1857.)

155.90551181102362 2954.3307086614172 277.1653543307087 133.85826771653544 194.
329.13385826771656 2954.3307086614172 381.1023622047244 133.85826771653544 L’Appel
606.2992125984252 2954.3307086614172 207.8740157480315 133.85826771653544 du
710.2362204724409 2954.3307086614172 311.81102362204723 133.85826771653544 soir,
916.5354330708661 2954.3307086614172 207.8740157480315 133.85826771653544 en
985.8267716535433 2954.3307086614172 311.81102362204723 133.85826771653544 Crimée.

453.54330708661416 3061.417322834646 310.23622047244095 103.93700787401575 Dessin
670.8661417322835 3061.417322834646 185.82677165354332 103.93700787401575 au
765.3543307086615 3061.417322834646 310.23622047244095 103.93700787401575 crayon
951.1811023622047 3061.417322834646 217.3228346456693 103.93700787401575 noir.

1570.0787401574803 3122.834645669291 313.38582677165357 125.98425196850394 (Salon
1790.5511811023623 3122.834645669291 188.9763779527559 125.98425196850394 de
1853.5433070866143 3122.834645669291 251.96850393700788 125.98425196850394 1857.)

144.88188976377953 3201.5748031496064 291.33858267716533 162.20472440944883 195.
327.5590551181102 3201.5748031496064 218.89763779527559 162.20472440944883 Le
436.2204724409449 3201.5748031496064 329.13385826771656 162.20472440944883 Champ
655.1181102362204 3201.5748031496064 218.89763779527559 162.20472440944883 de
765.3543307086615 3201.5748031496064 329.13385826771656 162.20472440944883 Booz,
984.2519685039371 3201.5748031496064 182.6771653543307 162.20472440944883 a
1020.4724409448819 3201.5748031496064 401.5748031496063 162.20472440944883 Bethléem.

439.37007874015745 3303.9370078740158 313.38582677165357 114.96062992125984 Dessin
658.2677165354331 3303.9370078740158 187.4015748031496 114.96062992125984 au
752.7559055118111 3303.9370078740158 313.38582677165357 114.96062992125984 crayon
940.1574803149606 3303.9370078740158 218.89763779527559 114.96062992125984 noir.

1590.5511811023623 3379.527559055118 305.51181102362204 141.73228346456693 (Salon
1803.1496062992126 3379.527559055118 182.6771653543307 141.73228346456693 de
1864.5669291338584 3379.527559055118 244.09448818897638 141.73228346456693 1861.)

137.00787401574803 3481.8897637795276 403.1496062992126 125.98425196850394 COUDER.
429.9212598425197 3481.8897637795276 330.70866141732284 125.98425196850394 (Voir
650.3937007874016 3481.8897637795276 292.9133858267717 125.98425196850394 page
796.8503937007874 3481.8897637795276 220.4724409448819 125.98425196850394 10.)

138.58267716535434 3595.2755905511813 297.6377952755906 148.03149606299212 196.
288.18897637795277 3595.2755905511813 1154.3307086614172 148.03149606299212 Notre

483.46456692913387 3732.283464566929 272.4409448818898 97.63779527559055 Dessin
674.0157480314961 3732.283464566929 190.5511811023622 97.63779527559055 aux
782.6771653543307 3732.283464566929 299.21259842519686 97.63779527559055 crayons
1000.0 3732.283464566929 217.3228346456693 97.63779527559055 noir
1137.007874015748 3732.283464566929 163.7795275590551 97.63779527559055 et
1218.8976377952756 3732.283464566929 245.66929133858267 97.63779527559055 blanc
1381.1023622047244 3732.283464566929 190.5511811023622 97.63779527559055 sur
1491.3385826771653 3732.283464566929 272.4409448818898 97.63779527559055 papier
1681.8897637795276 3732.283464566929 245.66929133858267 97.63779527559055 gris,
1844.0944881889764 3732.283464566929 217.3228346456693 97.63779527559055 pour
1954.3307086614172 3732.283464566929 217.3228346456693 97.63779527559055 l’exé-

422.0472440944882 3798.4251968503936 296.06299212598424 88.18897637795276 cution
629.9212598425197 3798.4251968503936 207.8740157480315 88.18897637795276 des
748.0314960629921 3798.4251968503936 385.8267716535433 88.18897637795276 peintures
1045.6692913385828 3798.4251968503936 207.8740157480315 88.18897637795276 qui
1163.7795275590552 3798.4251968503936 355.90551181102364 88.18897637795276 décorent
1431.4960629921259 3798.4251968503936 177.95275590551182 88.18897637795276 la
1519.6850393700788 3798.4251968503936 355.90551181102364 88.18897637795276 chapelle
1787.4015748031495 3798.4251968503936 177.95275590551182 88.18897637795276 du
1847.244094488189 3798.4251968503936 325.98425196850394 88.18897637795276 Saint-

423.62204724409446 3855.1181102362207 302.3622047244094 110.23622047244095 pulcre
634.6456692913385 3855.1181102362207 240.9448818897638 110.23622047244095 dans
785.8267716535433 3855.1181102362207 362.20472440944883 110.23622047244095 l’église
1026.7716535433071 3855.1181102362207 815.7480314960629 110.23622047244095 Saint
