1799 3134
170 323 485 122 CARTONS,
533 323 485 122 DESSINS,
856 323 485 122 MINIATURES

507 440 242 118 ET
587 440 403 118 PASTELS.

111 707 223 84 ALIGNY
267 707 178 84 (TH.
378 707 178 84 D’).
490 707 201 84 (Voir
623 707 178 84 page
713 707 111 84 1).

112 788 182 76 189.
226 788 160 76 Vue
317 788 137 76 de
386 788 296 76 Genazzano
591 788 410 76 (États

277 855 199 72 Dessin
416 855 99 72 à
456 855 119 72 la
516 855 179 72 plume
635 855 219 72 exécuté
794 855 119 72 en
834 855 139 72 1835.

109 911 172 82 190.
217 911 237 82 Rochers
389 911 129 82 et
454 911 366 82 Châtaigniers;
734 911 172 82 étude.

232 972 199 79 Dessin
371 972 99 79 à
411 972 119 79 la
471 972 199 79 plume,
610 972 219 79 exécuté
769 972 99 79 à
808 972 179 79 Royat
928 972 298 79 (Auvergne),
1166 972 119 79 en
1206 972 139 79 1838.

103 1059 253 78 BELLEL.
287 1059 207 78 (Voir
425 1059 184 78 page
517 1059 115 78 4).

107 1131 179 82 191.
218 1131 223 82 Vallée
375 1131 134 82 de
442 1131 290 82 Saint-Amé
642 1131 246 82 (Vosges).

291 1191 201 65 Dessin
431 1191 120 65 au
471 1191 181 65 fusain.

103 1266 360 86 BENOUVILLE.
391 1266 216 86 (Voir
535 1266 192 86 page
631 1266 120 86 5.)

106 1332 171 97 192.
213 1332 236 97 Martyrs
384 1332 257 97 conduits
577 1332 128 97 au
619 1332 236 97 supplice.

285 1410 194 80 Dessin
421 1410 97 80 à
440 1410 272 80 l’aquarelle.

1026 1458 189 90 (Salon
1158 1458 113 90 de
1196 1458 151 90 1852.)

97 1528 180 83 BIDA
210 1528 338 83 (ALEXANDRE)
481 1528 113 83 ,
526 1528 203 83 <i>né
661 1528 113 83 à
706 1528 271 83 Toulouse
887 1528 496 83 (Haute

147 1600 261 66 <i>élève
343 1600 261 66 d’Eugène
539 1600 305 66 Delacroix,
779 1600 283 66 chevalier
996 1600 131 66 de
1061 1600 131 66 la
1105 1600 283 66 Légion

154 1637 287 78 <i>d’Honneur
387 1637 179 78 en</i>
495 1637 125 78 1855.

98 1721 173 67 193.
206 1721 302 67 Réfectoire
444 1721 130 67 de
509 1721 216 67 moines
638 1721 173 67 grecs.

287 1771 203 75 Dessin
429 1771 122 75 au
489 1771 203 75 crayon
611 1771 142 75 noir.

1015 1823 195 95 (Salon
1151 1823 117 95 de
1190 1823 156 95 1857.)

99 1876 176 85 194.
209 1876 242 85 L’Appel
385 1876 132 85 du
451 1876 198 85 soir,
582 1876 132 85 en
626 1876 198 85 Crimée.

288 1944 197 66 Dessin
426 1944 118 66 au
486 1944 197 66 crayon
604 1944 138 66 noir.

997 1983 199 80 (Salon
1137 1983 120 80 de
1177 1983 160 80 1857.)

92 2033 185 103 195.
208 2033 139 103 Le
277 2033 209 103 Champ
416 2033 139 103 de
486 2033 209 103 Booz,
625 2033 116 103 a
648 2033 255 103 Bethléem.

279 2098 199 73 Dessin
418 2098 119 73 au
478 2098 199 73 crayon
597 2098 139 73 noir.

1010 2146 194 90 (Salon
1145 2146 116 90 de
1184 2146 155 90 1861.)

87 2211 256 80 COUDER.
273 2211 210 80 (Voir
413 2211 186 80 page
506 2211 140 80 10.)

88 2283 189 94 196.
183 2283 733 94 Notre

307 2370 173 62 Dessin
428 2370 121 62 aux
497 2370 190 62 crayons
635 2370 138 62 noir
722 2370 104 62 et
774 2370 156 62 blanc
877 2370 121 62 sur
947 2370 173 62 papier
1068 2370 156 62 gris,
1171 2370 138 62 pour
1241 2370 138 62 l’exé-

268 2412 188 56 cution
400 2412 132 56 des
475 2412 245 56 peintures
664 2412 132 56 qui
739 2412 226 56 décorent
909 2412 113 56 la
965 2412 226 56 chapelle
1135 2412 113 56 du
1173 2412 207 56 Saint-

269 2448 192 70 pulcre
403 2448 153 70 dans
499 2448 230 70 l’église
652 2448 518 70 Saint
