2746.4566929133857 4914.96062992126
549.6062992125984 540.1574803149606 266.1417322834646 105.51181102362204 40
681.8897637795276 540.1574803149606 530.7086614173228 105.51181102362204 CARTONS,
1080.3149606299212 540.1574803149606 530.7086614173228 105.51181102362204 DESSINS,
1478.740157480315 540.1574803149606 618.8976377952756 105.51181102362204 MINIATURES
1965.3543307086613 540.1574803149606 266.1417322834646 105.51181102362204 ET
2053.5433070866143 540.1574803149606 442.5196850393701 105.51181102362204 PASTELS.

560.6299212598425 667.7165354330708 289.76377952755905 99.21259842519684 197.
741.7322834645669 667.7165354330708 217.3228346456693 99.21259842519684 Le
850.3937007874016 667.7165354330708 362.20472440944883 99.21259842519684 Christ
1103.9370078740158 667.7165354330708 217.3228346456693 99.21259842519684 et
1212.5984251968505 667.7165354330708 217.3228346456693 99.21259842519684 la
1321.259842519685 667.7165354330708 470.86614173228344 99.21259842519684 Madeleine
1685.0393700787401 667.7165354330708 289.76377952755905 99.21259842519684 chez
1866.1417322834645 667.7165354330708 325.98425196850394 99.21259842519684 Simon
2083.464566929134 667.7165354330708 217.3228346456693 99.21259842519684 le
2155.9055118110236 667.7165354330708 434.6456692913386 99.21259842519684 Pharisien.

905.511811023622 784.2519685039371 277.1653543307087 100.78740157480316 Dessin
1099.2125984251968 784.2519685039371 165.35433070866142 100.78740157480316 au
1182.6771653543308 784.2519685039371 277.1653543307087 100.78740157480316 crayon
1376.3779527559054 784.2519685039371 220.4724409448819 100.78740157480316 noir
1514.9606299212599 784.2519685039371 165.35433070866142 100.78740157480316 et
1596.8503937007874 784.2519685039371 165.35433070866142 100.78740157480316 au
1680.3149606299212 784.2519685039371 277.1653543307087 100.78740157480316 pastel
1874.015748031496 784.2519685039371 193.70078740157481 100.78740157480316 qui
1984.251968503937 784.2519685039371 138.58267716535434 100.78740157480316 a
2039.3700787401574 784.2519685039371 248.8188976377953 100.78740157480316 servi
2204.7244094488187 784.2519685039371 138.58267716535434 100.78740157480316 à
2233.0708661417325 784.2519685039371 359.0551181102362 100.78740157480316 l’exécution

845.6692913385826 829.9212598425197 170.07874015748033 116.53543307086615 du
930.7086614173228 829.9212598425197 310.23622047244095 116.53543307086615 tableau
1155.9055118110236 829.9212598425197 170.07874015748033 116.53543307086615 de
1240.9448818897638 829.9212598425197 338.5826771653543 116.53543307086615 l’église
1467.716535433071 829.9212598425197 677.1653543307086 116.53543307086615 Notre

562.2047244094488 970.0787401574803 299.21259842519686 108.66141732283465 DAVID
762.2047244094488 970.0787401574803 433.07086614173227 108.66141732283465 (MAXIME),
1094.4881889763778 970.0787401574803 299.21259842519686 108.66141732283465 né
1294.4881889763778 970.0787401574803 166.9291338582677 108.66141732283465 à
1360.6299212598426 970.0787401574803 699.2125984251968 108.66141732283465 Châlons-sur-Marne
1960.6299212598426 970.0787401574803 400.0 108.66141732283465 (Marne),
2226.771653543307 970.0787401574803 366.92913385826773 108.66141732283465 élève

640.9448818897638 1064.5669291338584 288.18897637795277 91.33858267716535 de
833.0708661417323 1064.5669291338584 223.6220472440945 91.33858267716535 Mme
960.6299212598425 1064.5669291338584 192.1259842519685 91.33858267716535 de
1056.6929133858268 1064.5669291338584 352.755905511811 91.33858267716535 Mirbel,
1313.3858267716535 1064.5669291338584 415.748031496063 91.33858267716535 chevalier
1633.0708661417323 1064.5669291338584 192.1259842519685 91.33858267716535 de
1729.1338582677165 1064.5669291338584 192.1259842519685 91.33858267716535 la
1825.1968503937007 1064.5669291338584 640.9448818897638 91.33858267716535 Légion-d’Honneur
2337.0078740157483 1064.5669291338584 256.6929133858268 91.33858267716535 en

593.7007874015748 1143.3070866141732 296.06299212598424 113.38582677165354 1851.

557.4803149606299 1266.1417322834645 285.03937007874015 100.78740157480316 198.
737.007874015748 1266.1417322834645 321.25984251968504 100.78740157480316 Trois
951.1811023622047 1266.1417322834645 464.56692913385825 100.78740157480316 portraits
1307.0866141732283 1266.1417322834645 678.7401574803149 100.78740157480316 d’Abd-el-Kader,
1878.740157480315 1266.1417322834645 499.21259842519686 100.78740157480316 représenté
2270.8661417322833 1266.1417322834645 285.03937007874015 100.78740157480316 sous
2414.1732283464567 1266.1417322834645 177.95275590551182 100.78740157480316 des

782.6771653543307 1352.755905511811 343.3070866141732 113.38582677165354 aspects
1033.0708661417323 1352.755905511811 437.79527559055117 113.38582677165354 différents
1344.8818897637796 1352.755905511811 469.29133858267716 113.38582677165354 (miniatures).

2029.9212598425197 1412.5984251968505 294.48818897637796 125.98425196850394 (Salon
2236.220472440945 1412.5984251968505 176.3779527559055 125.98425196850394 de
2296.0629921259842 1412.5984251968505 236.2204724409449 125.98425196850394 1853.)

557.4803149606299 1522.8346456692914 313.38582677165357 124.40944881889764 HEIM.
766.9291338582677 1522.8346456692914 313.38582677165357 124.40944881889764 (Voir
974.8031496062993 1522.8346456692914 209.4488188976378 124.40944881889764 la
1080.3149606299212 1522.8346456692914 278.74015748031496 124.40944881889764 page
1218.8976377952756 1522.8346456692914 209.4488188976378 124.40944881889764 21.)

559.0551181102362 1651.9685039370079 270.86614173228344 111.81102362204724 199.
729.1338582677165 1651.9685039370079 474.01574803149606 111.81102362204724 Portraits,
1102.3622047244094 1651.9685039370079 203.1496062992126 111.81102362204724 au
1203.1496062992126 1651.9685039370079 338.5826771653543 111.81102362204724 crayon
1440.9448818897638 1651.9685039370079 270.86614173228344 111.81102362204724 noir
1611.023622047244 1651.9685039370079 406.2992125984252 111.81102362204724 rehaussé
1914.9606299212599 1651.9685039370079 203.1496062992126 111.81102362204724 de
2017.3228346456692 1651.9685039370079 338.5826771653543 111.81102362204724 blanc,
2255.1181102362207 1651.9685039370079 203.1496062992126 111.81102362204724 de
2322.834645669291 1651.9685039370079 270.86614173228344 111.81102362204724 divers

781.1023622047244 1727.5590551181103 374.8031496062992 88.18897637795276 membres
1053.5433070866143 1727.5590551181103 204.7244094488189 88.18897637795276 de
1155.9055118110236 1727.5590551181103 477.1653543307087 88.18897637795276 l’Institut
1530.708661417323 1727.5590551181103 204.7244094488189 88.18897637795276 de
1598.4251968503936 1727.5590551181103 307.0866141732283 88.18897637795276 France.

929.1338582677165 1806.2992125984251 439.37007874015745 141.73228346456693 Académie
1220.4724409448818 1806.2992125984251 439.37007874015745 141.73228346456693 française:

818.8976377952756 1932.283464566929 434.6456692913386 94.48818897637796 Andrieux,
1152.755905511811 1932.283464566929 366.92913385826773 94.48818897637796 Arnaud,
1420.4724409448818 1932.283464566929 200.0 94.48818897637796 le
1519.6850393700788 1932.283464566929 300.78740157480314 94.48818897637796 baron
1721.259842519685 1932.283464566929 200.0 94.48818897637796 de
1820.4724409448818 1932.283464566929 401.5748031496063 94.48818897637796 Barante,
2121.259842519685 1932.283464566929 200.0 94.48818897637796 le
2222.047244094488 1932.283464566929 366.92913385826773 94.48818897637796 vicomte
2455.1181102362207 1932.283464566929 133.85826771653544 94.48818897637796 de

751.1811023622047 2011.023622047244 387.40157480314963 81.88976377952756 Bonald,
1033.0708661417323 2011.023622047244 458.26771653543307 81.88976377952756 Campenon,
1384.251968503937 2011.023622047244 211.0236220472441 81.88976377952756 le
1489.763779527559 2011.023622047244 316.53543307086613 81.88976377952756 comte
1702.3622047244094 2011.023622047244 316.53543307086613 81.88976377952756 Daru,
1913.3858267716535 2011.023622047244 316.53543307086613 81.88976377952756 Droz,
2089.763779527559 2011.023622047244 492.9133858267717 81.88976377952756 Frayssinous,

749.6062992125984 2077.165354330709 332.2834645669291 67.71653543307086 évêque
982.6771653543307 2077.165354330709 566.9291338582677 67.71653543307086 d’Hermopolis,
1448.8188976377953 2077.165354330709 400.0 67.71653543307086 Michaud,
1748.0314960629921 2077.165354330709 833.0708661417323 67.71653543307086 Parceval-Grandmaison,
2447.244094488189 2077.165354330709 133.85826771653544 67.71653543307086 le

751.1811023622047 2140.1574803149606 348.0314960629921 99.21259842519684 marquis
1003.1496062992126 2140.1574803149606 188.9763779527559 99.21259842519684 de
1099.2125984251968 2140.1574803149606 411.0236220472441 99.21259842519684 Pastoret,
1382.6771653543308 2140.1574803149606 379.5275590551181 99.21259842519684 Villemain.

925.9842519685039 2228.3464566929133 387.40157480314963 107.08661417322834 Académie
1215.748031496063 2228.3464566929133 225.1968503937008 107.08661417322834 des
1344.8818897637796 2228.3464566929133 516.5354330708661 107.08661417322834 inscriptions
1763.7795275590552 2228.3464566929133 193.70078740157481 107.08661417322834 et
1828.3464566929133 2228.3464566929133 548.0314960629921 107.08661417322834 belles

815.7480314960629 2340.1574803149606 196.8503937007874 103.93700787401575 Le
914.9606299212599 2340.1574803149606 294.48818897637796 103.93700787401575 comte
1110.236220472441 2340.1574803149606 294.48818897637796 103.93700787401575 Alex.
1307.0866141732283 2340.1574803149606 196.8503937007874 103.93700787401575 de
1404.724409448819 2340.1574803149606 392.12598425196853 103.93700787401575 Laborde,
1699.2125984251968 2340.1574803149606 620.4724409448819 103.93700787401575 Raoul-Rochette,
2222.047244094488 2340.1574803149606 294.48818897637796 103.93700787401575 baron
2384.251968503937 2340.1574803149606 196.8503937007874 103.93700787401575 Syl-

743.3070866141733 2414.1732283464567 325.98425196850394 124.40944881889764 vestre
971.6535433070866 2414.1732283464567 195.2755905511811 124.40944881889764 de
1069.291338582677 2414.1732283464567 292.9133858267717 124.40944881889764 Sacy,
1266.1417322834645 2414.1732283464567 456.6929133858268 124.40944881889764 Quatremère
1623.6220472440946 2414.1732283464567 195.2755905511811 124.40944881889764 de
1689.763779527559 2414.1732283464567 292.9133858267717 124.40944881889764 Quincy.

919.6850393700787 2497.6377952755906 436.2204724409449 130.70866141732284 Académie
1245.6692913385828 2497.6377952755906 253.54330708661416 130.70866141732284 des
1355.9055118110236 2497.6377952755906 400.0 130.70866141732284 sciences:

822.0472440944882 2617.3228346456694 277.1653543307087 118.11023622047244 Baron
1006.2992125984252 2617.3228346456694 338.5826771653543 118.11023622047244 Cuvier,
1251.9685039370079 2617.3228346456694 338.5826771653543 118.11023622047244 Darcet,
1497.6377952755906 2617.3228346456694 829.9212598425197 118.11023622047244 Geoffroy-Saint-Hilaire,
2234.6456692913384 2617.3228346456694 184.251968503937 118.11023622047244 de
2296.0629921259842 2617.3228346456694 277.1653543307087 118.11023622047244 Mirbel,

713.3858267716536 2666.1417322834645 292.9133858267717 132.28346456692913 Serres.

925.9842519685039 2771.6535433070867 439.37007874015745 118.11023622047244 Académie
1255.1181102362204 2771.6535433070867 255.11811023622047 118.11023622047244 des
1363.7795275590552 2771.6535433070867 475.59055118110234 118.11023622047244 beaux

812.5984251968504 2874.015748031496 307.0866141732283 94.48818897637796 Auber,
1028.3464566929133 2874.015748031496 338.5826771653543 94.48818897637796 Berton,
1275.5905511811025 2874.015748031496 338.5826771653543 94.48818897637796 Bidault
1521.259842519685 2874.015748031496 245.66929133858267 94.48818897637796 (1),
1674.015748031496 2874.015748031496 368.503937007874 94.48818897637796 Blondel,
1951.1811023622047 2874.015748031496 431.496062992126 94.48818897637796 Boïeldieu,
2289.763779527559 2874.015748031496 184.251968503937 94.48818897637796 le
2351.181102362205 2874.015748031496 215.748031496063 94.48818897637796 baron

744.8818897637796 2952.755905511811 299.21259842519686 91.33858267716535 Bosio,
954.3307086614174 2952.755905511811 299.21259842519686 91.33858267716535 Catel,
1163.7795275590552 2952.755905511811 179.5275590551181 91.33858267716535 le
1253.5433070866143 2952.755905511811 269.29133858267716 91.33858267716535 comte
1433.0708661417323 2952.755905511811 179.5275590551181 91.33858267716535 de
1522.8346456692914 2952.755905511811 568.503937007874 91.33858267716535 Chabrol-Volvic,
2003.1496062992126 2952.755905511811 448.81889763779526 91.33858267716535 Cartellier,
2332.283464566929 2952.755905511811 239.37007874015748 91.33858267716535 Chéru-

743.3070866141733 3017.3228346456694 292.9133858267717 72.44094488188976 bini,
940.1574803149606 3017.3228346456694 292.9133858267717 72.44094488188976 David
1135.4330708661416 3017.3228346456694 423.62204724409446 72.44094488188976 d’Angers,
1461.4173228346456 3017.3228346456694 195.2755905511811 72.44094488188976 le
1559.0551181102362 3017.3228346456694 292.9133858267717 72.44094488188976 baron
1754.3307086614172 3017.3228346456694 423.62204724409446 72.44094488188976 Desnoyers
2080.314960629921 3017.3228346456694 261.4173228346457 72.44094488188976 (1),
2211.0236220472443 3017.3228346456694 359.0551181102362 72.44094488188976 Drolling,

741.7322834645669 3083.464566929134 346.45669291338584 70.86614173228347 Dupaty,
993.7007874015748 3083.464566929134 409.4488188976378 70.86614173228347 Fontaine,
1308.6614173228347 3083.464566929134 188.9763779527559 70.86614173228347 le
1403.1496062992126 3083.464566929134 283.46456692913387 70.86614173228347 comte
1592.1259842519685 3083.464566929134 188.9763779527559 70.86614173228347 de
1686.6141732283465 3083.464566929134 346.45669291338584 70.86614173228347 Forbin,
1938.5826771653544 3083.464566929134 283.46456692913387 70.86614173228347 Galle
2127.5590551181103 3083.464566929134 251.96850393700788 70.86614173228347 (1),
2253.5433070866143 3083.464566929134 314.96062992125985 70.86614173228347 Garnier,

738.5826771653543 3152.755905511811 447.244094488189 86.61417322834646 Gatteaux,
1083.4645669291338 3152.755905511811 310.23622047244095 86.61417322834646 baron
1289.763779527559 3152.755905511811 377.9527559055118 86.61417322834646 Gérard,
1563.7795275590552 3152.755905511811 310.23622047244095 86.61417322834646 baron
1771.6535433070867 3152.755905511811 310.23622047244095 86.61417322834646 Gros,
1977.9527559055118 3152.755905511811 377.9527559055118 86.61417322834646 Guérin,
2218.8976377952754 3152.755905511811 343.3070866141732 86.61417322834646 Hersent,

733.8582677165355 3214.1732283464567 381.1023622047244 75.59055118110236 Ingres,
1011.0236220472441 3214.1732283464567 415.748031496063 75.59055118110236 Labarre,
1322.8346456692914 3214.1732283464567 346.45669291338584 75.59055118110236 Lebas,
1565.3543307086613 3214.1732283464567 207.8740157480315 75.59055118110236 le
1669.291338582677 3214.1732283464567 311.81102362204723 75.59055118110236 baron
1875.5905511811025 3214.1732283464567 346.45669291338584 75.59055118110236 Lemot,
2118.1102362204724 3214.1732283464567 415.748031496063 75.59055118110236 Lesueur,
2395.2755905511813 3214.1732283464567 173.22834645669292 75.59055118110236 Le-

738.5826771653543 3277.165354330709 351.18110236220474 80.31496062992126 thiers,
993.7007874015748 3277.165354330709 384.251968503937 80.31496062992126 Meynier,
1281.8897637795276 3277.165354330709 384.251968503937 80.31496062992126 Petitot,
1570.0787401574803 3277.165354330709 384.251968503937 80.31496062992126 Percier,
1856.6929133858268 3277.165354330709 319.68503937007875 80.31496062992126 Picot,
2080.314960629921 3277.165354330709 255.11811023622047 80.31496062992126 Abel
2240.9448818897636 3277.165354330709 192.1259842519685 80.31496062992126 de
2305.511811023622 3277.165354330709 255.11811023622047 80.31496062992126 Pujol,

740.1574803149606 3341.732283464567 288.18897637795277 78.74015748031496 Ramey
932.2834645669292 3341.732283464567 255.11811023622047 78.74015748031496 père
1091.3385826771653 3341.732283464567 255.11811023622047 78.74015748031496 (1),
1251.9685039370079 3341.732283464567 288.18897637795277 78.74015748031496 Ramey
1442.5196850393702 3341.732283464567 288.18897637795277 78.74015748031496 fils,
1634.6456692913387 3341.732283464567 415.748031496063 78.74015748031496 Regnault,
1954.3307086614172 3341.732283464567 415.748031496063 78.74015748031496 Richomme,
2274.015748031496 3341.732283464567 192.1259842519685 78.74015748031496 le
2338.582677165354 3341.732283464567 223.6220472440945 78.74015748031496 comte

733.8582677165355 3401.5748031496064 352.755905511811 97.63779527559055 Siméon,
988.9763779527559 3401.5748031496064 384.251968503937 97.63779527559055 Tardieu,
1277.1653543307086 3401.5748031496064 288.18897637795277 97.63779527559055 baron
1469.291338582677 3401.5748031496064 352.755905511811 97.63779527559055 Taylor,
1725.984251968504 3401.5748031496064 415.748031496063 97.63779527559055 Thevenin,
2047.244094488189 3401.5748031496064 192.1259842519685 97.63779527559055 le
2143.3070866141734 3401.5748031496064 288.18897637795277 97.63779527559055 comte
2302.3622047244094 3401.5748031496064 256.6929133858268 97.63779527559055 Turpin

735.4330708661417 3477.165354330709 190.5511811023622 91.33858267716535 de
829.9212598425197 3477.165354330709 349.6062992125984 91.33858267716535 Crissé,
1085.0393700787401 3477.165354330709 286.61417322834643 91.33858267716535 Carle
1275.5905511811025 3477.165354330709 349.6062992125984 91.33858267716535 Vernet.
1529.1338582677165 3477.165354330709 318.1102362204724 91.33858267716535 Horace
1719.6850393700788 3477.165354330709 286.61417322834643 91.33858267716535 Vernet.

918.1102362204724 3565.3543307086616 313.38582677165357 113.38582677165354 Divers
1107.0866141732283 3565.3543307086616 313.38582677165357 113.38582677165354 artistes

801.5748031496063 3629.9212598425197 215.748031496063 127.55905511811024 Mme
925.9842519685039 3629.9212598425197 368.503937007874 127.55905511811024 Ancelot;
1201.5748031496064 3629.9212598425197 368.503937007874 127.55905511811024 Ansiaux,
1478.740157480315 3629.9212598425197 368.503937007874 127.55905511811024 peintre;
1755.9055118110236 3629.9212598425197 245.66929133858267 127.55905511811024 Bra,
1910.236220472441 3629.9212598425197 431.496062992126 127.55905511811024 statuaire;
2217.3228346456694 3629.9212598425197 338.5826771653543 127.55905511811024 Daguerre,

732.2834645669292 3749.6062992125985 404.7244094488189 78.74015748031496 peintre;
1034.6456692913387 3749.6062992125985 303.93700787401576 78.74015748031496 Debay
1237.7952755905512 3749.6062992125985 303.93700787401576 78.74015748031496 père,
1440.9448818897638 3749.6062992125985 472.4409448818898 78.74015748031496 statuaire;
1811.023622047244 3749.6062992125985 236.2204724409449 78.74015748031496 Mme
1946.4566929133857 3749.6062992125985 404.7244094488189 78.74015748031496 Hersent,
2217.3228346456694 3749.6062992125985 337.00787401574803 78.74015748031496 peintre;

598.4251968503937 3894.488188976378 193.70078740157481 132.28346456692913 (1)
710.2362204724409 3894.488188976378 220.4724409448819 132.28346456692913 Deux
820.4724409448819 3894.488188976378 330.70866141732284 132.28346456692913 portraits.
