2768.503937007874 4925.9842519685035
519.6850393700787 494.48818897637796 256.6929133858268 118.11023622047244 42
647.2440944881889 494.48818897637796 514.9606299212599 118.11023622047244 CARTONS,
1034.6456692913387 494.48818897637796 514.9606299212599 118.11023622047244 DESSINS,
1420.4724409448818 494.48818897637796 600.0 118.11023622047244 MINIATURES
1891.3385826771653 494.48818897637796 256.6929133858268 118.11023622047244 ET
1977.9527559055118 494.48818897637796 428.34645669291336 118.11023622047244 PASTELS.

519.6850393700787 633.0708661417323 440.9448818897638 125.98425196850394 SCHNETZ.
850.3937007874016 633.0708661417323 330.70866141732284 125.98425196850394 (Voir
1070.8661417322835 633.0708661417323 294.48818897637796 125.98425196850394 page
1217.3228346456692 633.0708661417323 220.4724409448819 125.98425196850394 35.)

521.2598425196851 755.9055118110236 259.84251968503935 146.45669291338584 204.
685.0393700787401 755.9055118110236 292.9133858267717 146.45669291338584 Saint
880.3149606299213 755.9055118110236 422.0472440944882 146.45669291338584 Philibert
1204.724409448819 755.9055118110236 422.0472440944882 146.45669291338584 rachetant
1530.708661417323 755.9055118110236 228.3464566929134 146.45669291338584 les
1626.7716535433071 755.9055118110236 325.98425196850394 146.45669291338584 captifs.

870.8661417322835 878.7401574803149 280.31496062992125 113.38582677165354 Dessin
1067.716535433071 878.7401574803149 168.50393700787401 113.38582677165354 au
1151.1811023622047 878.7401574803149 280.31496062992125 113.38582677165354 crayon
1348.0314960629921 878.7401574803149 225.1968503937008 113.38582677165354 noir
1488.1889763779527 878.7401574803149 168.50393700787401 113.38582677165354 et
1573.2283464566929 878.7401574803149 140.15748031496062 113.38582677165354 à
1628.3464566929133 878.7401574803149 392.12598425196853 113.38582677165354 l’estompe,
1937.007874015748 878.7401574803149 225.1968503937008 113.38582677165354 pour
2077.165354330709 878.7401574803149 420.4724409448819 113.38582677165354 l'exécution
2385.8267716535433 878.7401574803149 168.50393700787401 113.38582677165354 d’un

809.4488188976378 948.0314960629921 212.5984251968504 86.61417322834646 des
930.7086614173228 948.0314960629921 363.7795275590551 86.61417322834646 tableaux
1203.1496062992126 948.0314960629921 212.5984251968504 86.61417322834646 qui
1324.4094488188975 948.0314960629921 363.7795275590551 86.61417322834646 décorent
1596.8503937007874 948.0314960629921 363.7795275590551 86.61417322834646 l’église
1839.3700787401574 948.0314960629921 667.7165354330708 86.61417322834646 Notre

869.2913385826772 1011.0236220472441 165.35433070866142 119.68503937007874 H.
951.1811023622047 1011.0236220472441 165.35433070866142 119.68503937007874 9,
1034.6456692913387 1011.0236220472441 193.70078740157481 119.68503937007874 96.
1144.8818897637796 1011.0236220472441 138.58267716535434 119.68503937007874 —
1200.0 1011.0236220472441 165.35433070866142 119.68503937007874 L.
1281.8897637795276 1011.0236220472441 165.35433070866142 119.68503937007874 0,
1337.007874015748 1011.0236220472441 110.23622047244095 119.68503937007874 70

524.4094488188977 1171.6535433070867 314.96062992125985 107.08661417322834 VIDAL
733.8582677165355 1171.6535433070867 489.76377952755905 107.08661417322834 (VINCENT),
1119.6850393700788 1171.6535433070867 314.96062992125985 107.08661417322834 né
1329.1338582677165 1171.6535433070867 174.8031496062992 107.08661417322834 à
1400.0 1171.6535433070867 525.9842519685039 107.08661417322834 Carcassonne
1820.4724409448818 1171.6535433070867 385.8267716535433 107.08661417322834 (Aude),
2100.787401574803 1171.6535433070867 314.96062992125985 107.08661417322834 élève
2275.5905511811025 1171.6535433070867 280.31496062992125 107.08661417322834 de

609.4488188976378 1251.9685039370079 307.0866141732283 102.36220472440945 P.
814.1732283464567 1251.9685039370079 477.1653543307087 102.36220472440945 Delaroche;
1190.5511811023623 1251.9685039370079 444.09448818897636 102.36220472440945 chevalier
1530.708661417323 1251.9685039370079 204.7244094488189 102.36220472440945 de
1633.0708661417323 1251.9685039370079 204.7244094488189 102.36220472440945 la
1735.4330708661416 1251.9685039370079 681.8897637795276 102.36220472440945 Légion-d’Honneur
2281.8897637795276 1251.9685039370079 272.4409448818898 102.36220472440945 en

562.2047244094488 1325.984251968504 291.33858267716533 110.23622047244095 1852.

513.3858267716536 1434.6456692913387 300.78740157480314 137.00787401574803 205.
700.7874015748032 1434.6456692913387 374.8031496062992 137.00787401574803 L’ange
925.9842519685039 1434.6456692913387 300.78740157480314 137.00787401574803 déchu.

787.4015748031496 1519.6850393700788 237.79527559055117 114.96062992125984 Mes
924.4094488188977 1519.6850393700788 305.51181102362204 114.96062992125984 ailes
1127.5590551181103 1519.6850393700788 510.23622047244095 114.96062992125984 demeuraient
1535.4330708661416 1519.6850393700788 272.4409448818898 114.96062992125984 sans
1705.5118110236222 1519.6850393700788 407.87401574803147 114.96062992125984 vigueur,
2012.5984251968505 1519.6850393700788 442.5196850393701 114.96062992125984 immobiles
2318.1102362204724 1519.6850393700788 237.79527559055117 114.96062992125984 comme

721.2598425196851 1623.6220472440946 280.31496062992125 83.46456692913385 elles
908.6614173228346 1623.6220472440946 280.31496062992125 83.46456692913385 l'ont
1096.0629921259842 1623.6220472440946 217.3228346456693 83.46456692913385 été
1220.4724409448818 1623.6220472440946 311.81102362204723 83.46456692913385 depuis
1437.7952755905512 1623.6220472440946 280.31496062992125 83.46456692913385 cette
1625.1968503937007 1623.6220472440946 280.31496062992125 83.46456692913385 heure
1811.023622047244 1623.6220472440946 373.2283464566929 83.46456692913385 funeste,
2091.3385826771655 1623.6220472440946 280.31496062992125 83.46456692913385 comme
2278.740157480315 1623.6220472440946 280.31496062992125 83.46456692913385 elles
2434.6456692913384 1623.6220472440946 124.40944881889764 83.46456692913385 le

721.2598425196851 1694.4881889763778 310.23622047244095 100.78740157480316 seront
938.5826771653543 1694.4881889763778 154.33070866141733 100.78740157480316 à
1000.0 1694.4881889763778 340.15748031496065 100.78740157480316 jamais;
1247.244094488189 1694.4881889763778 278.74015748031496 100.78740157480316 ainsi
1433.0708661417323 1694.4881889763778 401.5748031496063 100.78740157480316 l’ordonne
1743.3070866141732 1694.4881889763778 185.82677165354332 100.78740157480316 un
1836.2204724409448 1694.4881889763778 247.24409448818898 100.78740157480316 Dieu
1959.0551181102362 1694.4881889763778 310.23622047244095 100.78740157480316 offensé.

862.992125984252 1774.8031496062993 166.9291338582677 122.83464566929133 H.
946.4566929133858 1774.8031496062993 166.9291338582677 122.83464566929133 0,
1029.9212598425197 1774.8031496062993 195.2755905511811 122.83464566929133 79.
1141.732283464567 1774.8031496062993 138.58267716535434 122.83464566929133 —
1196.8503937007874 1774.8031496062993 166.9291338582677 122.83464566929133 L.
1280.3149606299212 1774.8031496062993 166.9291338582677 122.83464566929133 0,
1363.7795275590552 1774.8031496062993 195.2755905511811 122.83464566929133 62.
1475.5905511811025 1774.8031496062993 138.58267716535434 122.83464566929133 —
1502.3622047244094 1774.8031496062993 250.39370078740157 122.83464566929133 Dessin.

1987.4015748031495 1839.3700787401574 296.06299212598424 144.88188976377953 (Salon
2195.2755905511813 1839.3700787401574 177.95275590551182 144.88188976377953 de
2253.5433070866143 1839.3700787401574 236.2204724409449 144.88188976377953 1849.)

513.3858267716536 1932.283464566929 296.06299212598424 132.28346456692913 206.
699.2125984251968 1932.283464566929 259.84251968503935 132.28346456692913 Une
847.2440944881889 1932.283464566929 333.8582677165354 132.28346456692913 larme
1070.8661417322835 1932.283464566929 222.04724409448818 132.28346456692913 de
1144.8818897637796 1932.283464566929 407.87401574803147 132.28346456692913 repentir.

788.9763779527559 2039.3700787401574 154.33070866141733 97.63779527559055 O
851.9685039370079 2039.3700787401574 371.65354330708664 97.63779527559055 pécheur!
1130.708661417323 2039.3700787401574 247.24409448818898 97.63779527559055 n’en
1285.0393700787401 2039.3700787401574 310.23622047244095 97.63779527559055 est-il
1502.3622047244094 2039.3700787401574 217.3228346456693 97.63779527559055 pas
1625.1968503937007 2039.3700787401574 278.74015748031496 97.63779527559055 ainsi
1811.023622047244 2039.3700787401574 217.3228346456693 97.63779527559055 des
1935.4330708661416 2039.3700787401574 310.23622047244095 97.63779527559055 pleurs
2151.181102362205 2039.3700787401574 185.82677165354332 97.63779527559055 du
2214.1732283464567 2039.3700787401574 340.15748031496065 97.63779527559055 repentir?

722.8346456692914 2110.236220472441 340.15748031496065 97.63779527559055 Quelque
971.6535433070866 2110.236220472441 433.07086614173227 97.63779527559055 saignantes
1311.8110236220473 2110.236220472441 217.3228346456693 97.63779527559055 que
1434.6456692913387 2110.236220472441 310.23622047244095 97.63779527559055 soient
1651.9685039370079 2110.236220472441 217.3228346456693 97.63779527559055 les
1776.3779527559054 2110.236220472441 310.23622047244095 97.63779527559055 plaies
1992.1259842519685 2110.236220472441 217.3228346456693 97.63779527559055 qui
2116.535433070866 2110.236220472441 185.82677165354332 97.63779527559055 le
2209.448818897638 2110.236220472441 340.15748031496065 97.63779527559055 rongent
2425.196850393701 2110.236220472441 124.40944881889764 97.63779527559055 au

718.1102362204724 2190.551181102362 343.3070866141732 91.33858267716535 dedans,
966.9291338582677 2190.551181102362 217.3228346456693 91.33858267716535 une
1092.9133858267717 2190.551181102362 280.31496062992125 91.33858267716535 larme
1278.740157480315 2190.551181102362 280.31496062992125 91.33858267716535 venue
1466.1417322834645 2190.551181102362 187.4015748031496 91.33858267716535 du
1559.0551181102362 2190.551181102362 248.8188976377953 91.33858267716535 ciel
1714.9606299212599 2190.551181102362 217.3228346456693 91.33858267716535 les
1839.3700787401574 2190.551181102362 155.90551181102362 91.33858267716535 a
1902.3622047244094 2190.551181102362 311.81102362204723 91.33858267716535 toutes
2088.1889763779527 2190.551181102362 311.81102362204723 91.33858267716535 guéries.

862.992125984252 2261.417322834646 165.35433070866142 85.03937007874016 H.
946.4566929133858 2261.417322834646 165.35433070866142 85.03937007874016 0,
1029.9212598425197 2261.417322834646 193.70078740157481 85.03937007874016 79.
1140.1574803149606 2261.417322834646 138.58267716535434 85.03937007874016 —
1195.275590551181 2261.417322834646 165.35433070866142 85.03937007874016 L.
1277.1653543307086 2261.417322834646 165.35433070866142 85.03937007874016 0,
1360.6299212598426 2261.417322834646 193.70078740157481 85.03937007874016 62.
1470.8661417322835 2261.417322834646 138.58267716535434 85.03937007874016 —
1497.6377952755906 2261.417322834646 248.8188976377953 85.03937007874016 Dessin.

1995.275590551181 2297.6377952755906 289.76377952755905 173.22834645669292 (Salon
2196.850393700787 2297.6377952755906 173.22834645669292 173.22834645669292 de
2255.1181102362207 2297.6377952755906 231.49606299212599 173.22834645669292 1849.)

511.81102362204723 2400.0 308.66141732283467 144.88188976377953 207.
666.1417322834645 2400.0 425.1968503937008 144.88188976377953 Polymnie.

866.1417322834645 2525.984251968504 165.35433070866142 105.51181102362204 H.
948.0314960629921 2525.984251968504 165.35433070866142 105.51181102362204 0,
1029.9212598425197 2525.984251968504 192.1259842519685 105.51181102362204 75.
1140.1574803149606 2525.984251968504 137.00787401574803 105.51181102362204 —
1195.275590551181 2525.984251968504 165.35433070866142 105.51181102362204 L.
1277.1653543307086 2525.984251968504 165.35433070866142 105.51181102362204 0,
1360.6299212598426 2525.984251968504 192.1259842519685 105.51181102362204 54.
1470.8661417322835 2525.984251968504 137.00787401574803 105.51181102362204 —
1525.984251968504 2525.984251968504 275.59055118110234 105.51181102362204 Dessin
1718.1102362204724 2525.984251968504 192.1259842519685 105.51181102362204 aux
1828.3464566929133 2525.984251968504 275.59055118110234 105.51181102362204 divers
1992.1259842519685 2525.984251968504 275.59055118110234 105.51181102362204 crayons.

1985.8267716535433 2612.5984251968503 292.9133858267717 127.55905511811024 (Salon
2192.1259842519685 2612.5984251968503 176.3779527559055 127.55905511811024 de
2250.3937007874015 2612.5984251968503 234.64566929133858 127.55905511811024 1843.)
