2866.1417322834645 4944.881889763779
888.1889763779527 540.1574803149606 525.9842519685039 127.55905511811024 SCULPTURE.

1971.6535433070867 521.2598425196851 226.77165354330708 125.98425196850394 45

170.07874015748033 688.1889763779527 275.59055118110234 125.98425196850394 220.
341.73228346456693 688.1889763779527 206.29921259842519 125.98425196850394 Le
445.6692913385827 688.1889763779527 377.9527559055118 125.98425196850394 Passant
721.2598425196851 688.1889763779527 206.29921259842519 125.98425196850394 et
823.6220472440945 688.1889763779527 206.29921259842519 125.98425196850394 la
892.9133858267717 688.1889763779527 343.3070866141732 125.98425196850394 Colombe.

370.0787401574803 774.8031496062993 253.54330708661416 100.78740157480316 D’où
529.1338582677165 774.8031496062993 412.59842519685037 100.78740157480316 viens-tu,
845.6692913385826 774.8031496062993 348.0314960629921 100.78740157480316 colombe
1067.716535433071 774.8031496062993 285.03937007874015 100.78740157480316 timide?

368.503937007874 867.7165354330708 256.6929133858268 80.31496062992126 D’où
529.1338582677165 867.7165354330708 289.76377952755905 80.31496062992126 vient
721.2598425196851 867.7165354330708 192.1259842519685 80.31496062992126 ce
817.3228346456693 867.7165354330708 321.25984251968504 80.31496062992126 parfum
1011.0236220472441 867.7165354330708 321.25984251968504 80.31496062992126 précieux

368.503937007874 929.1338582677165 218.89763779527559 78.74015748031496 Que
494.48818897637796 929.1338582677165 218.89763779527559 78.74015748031496 ton
618.8976377952756 929.1338582677165 281.8897637795276 78.74015748031496 aile,
806.2992125984252 929.1338582677165 187.4015748031496 78.74015748031496 en
900.7874015748032 929.1338582677165 218.89763779527559 78.74015748031496 son
1025.1968503937007 929.1338582677165 218.89763779527559 78.74015748031496 voi
1118.1102362204724 929.1338582677165 281.8897637795276 78.74015748031496 rapide,

368.503937007874 993.7007874015748 314.96062992125985 107.08661417322834 Exhale
588.9763779527559 993.7007874015748 188.9763779527559 107.08661417322834 et
683.4645669291339 993.7007874015748 314.96062992125985 107.08661417322834 répand
905.511811023622 993.7007874015748 251.96850393700788 107.08661417322834 vers
1062.992125984252 993.7007874015748 220.4724409448819 107.08661417322834 les
1157.4803149606298 993.7007874015748 251.96850393700788 107.08661417322834 cieux?

1277.1653543307086 1023.6220472440945 440.9448818897638 152.75590551181102 ANACRÉON,
1615.748031496063 1023.6220472440945 270.86614173228344 152.75590551181102 >ode
1751.1811023622047 1023.6220472440945 170.07874015748033 152.75590551181102 IX.

507.0866141732283 1121.259842519685 286.61417322834643 127.55905511811024 Statue
707.0866141732283 1121.259842519685 171.6535433070866 127.55905511811024 de
765.3543307086615 1121.259842519685 258.26771653543307 127.55905511811024 bronze.

1618.8976377952756 1140.1574803149606 303.93700787401576 137.00787401574803 (Salon
1831.4960629921259 1140.1574803149606 182.6771653543307 137.00787401574803 de
1892.9133858267717 1140.1574803149606 244.09448818897638 137.00787401574803 1861.)

166.9291338582677 1292.9133858267717 401.5748031496063 132.28346456692913 GATTEAUX
467.7165354330709 1292.9133858267717 434.6456692913386 132.28346456692913 (JACQUES-
801.5748031496063 1292.9133858267717 434.6456692913386 132.28346456692913 ÉDOUARD),
1135.4330708661416 1292.9133858267717 300.78740157480314 132.28346456692913 né
1335.4330708661416 1292.9133858267717 166.9291338582677 132.28346456692913 à
1403.1496062992126 1292.9133858267717 333.8582677165354 132.28346456692913 Paris,
1636.2204724409448 1292.9133858267717 300.78740157480314 132.28346456692913 élève
1837.7952755905512 1292.9133858267717 200.0 132.28346456692913 de
1903.9370078740158 1292.9133858267717 300.78740157480314 132.28346456692913 son

248.8188976377953 1411.023622047244 376.37795275590554 91.33858267716535 père
522.8346456692914 1411.023622047244 204.7244094488189 91.33858267716535 et
625.1968503937007 1411.023622047244 204.7244094488189 91.33858267716535 de
729.1338582677165 1411.023622047244 376.37795275590554 91.33858267716535 Moitte;
1001.5748031496063 1411.023622047244 308.66141732283467 91.33858267716535 grand
1207.8740157480315 1411.023622047244 274.01574803149606 91.33858267716535 prix
1377.9527559055118 1411.023622047244 204.7244094488189 91.33858267716535 de
1481.8897637795276 1411.023622047244 274.01574803149606 91.33858267716535 Rome
1651.9685039370079 1411.023622047244 411.0236220472441 91.33858267716535 (Gravure
1925.984251968504 1411.023622047244 274.01574803149606 91.33858267716535 en

251.96850393700788 1475.5905511811025 494.48818897637796 108.66141732283465 médailles)
658.2677165354331 1475.5905511811025 291.33858267716533 108.66141732283465 en
861.4173228346457 1475.5905511811025 261.4173228346457 108.66141732283465 1809,
1036.2204724409448 1475.5905511811025 466.1417322834646 108.66141732283465 chevalier
1414.1732283464567 1475.5905511811025 174.8031496062992 108.66141732283465 de
1502.3622047244094 1475.5905511811025 174.8031496062992 108.66141732283465 la
1560.6299212598426 1475.5905511811025 639.3700787401575 108.66141732283465 Légion

256.6929133858268 1570.0787401574803 327.5590551181102 138.58267716535434 en
508.66141732283467 1570.0787401574803 226.77165354330708 138.58267716535434 1833,
659.8425196850394 1570.0787401574803 327.5590551181102 138.58267716535434 membre
911.8110236220473 1570.0787401574803 151.1811023622047 138.58267716535434 de
987.4015748031496 1570.0787401574803 352.755905511811 138.58267716535434 l’Institut
1262.992125984252 1570.0787401574803 251.96850393700788 138.58267716535434 en
1439.3700787401574 1570.0787401574803 226.77165354330708 138.58267716535434 1845,
1590.5511811023623 1570.0787401574803 352.755905511811 138.58267716535434 <>officier
1867.716535433071 1570.0787401574803 251.96850393700788 138.58267716535434 en
2018.8976377952756 1570.0787401574803 176.3779527559055 138.58267716535434 1861.

160.62992125984252 1664.5669291338584 286.61417322834643 132.28346456692913 221.
340.15748031496065 1664.5669291338584 393.7007874015748 132.28346456692913 Minerve
626.7716535433071 1664.5669291338584 322.8346456692913 132.28346456692913 après
840.9448818897638 1664.5669291338584 214.17322834645668 132.28346456692913 le
948.0314960629921 1664.5669291338584 429.9212598425197 132.28346456692913 jugement
1270.8661417322835 1664.5669291338584 214.17322834645668 132.28346456692913 de
1341.732283464567 1664.5669291338584 286.61417322834643 132.28346456692913 Pâris.

503.93700787401576 1774.8031496062993 291.33858267716533 105.51181102362204 Figure
708.6614173228346 1774.8031496062993 174.8031496062992 105.51181102362204 de
796.8503937007874 1774.8031496062993 321.25984251968504 105.51181102362204 bronze.
1029.9212598425197 1774.8031496062993 146.45669291338584 105.51181102362204 —
1088.1889763779527 1774.8031496062993 204.7244094488189 105.51181102362204 Gr.
1176.3779527559054 1774.8031496062993 174.8031496062992 105.51181102362204 nat.

1631.4960629921259 1800.0 296.06299212598424 155.90551181102362 (Salon
1839.3700787401574 1800.0 177.95275590551182 155.90551181102362 de
1899.2125984251968 1800.0 237.79527559055117 155.90551181102362 1839.)

166.9291338582677 1963.7795275590552 447.244094488189 89.76377952755905 GUILLAUME
510.23622047244095 1963.7795275590552 1168.5039370078741 89.76377952755905 (CLAUDE-JEAN-BAPTISTE-EUGÈNE),
1574.8031496062993 1963.7795275590552 308.66141732283467 89.76377952755905 né
1781.1023622047244 1963.7795275590552 171.6535433070866 89.76377952755905 à
1815.748031496063 1963.7795275590552 377.9527559055118 89.76377952755905 Mont

250.39370078740157 2039.3700787401574 376.37795275590554 99.21259842519684 bard
524.4094488188977 2039.3700787401574 548.0314960629921 99.21259842519684 (Côte-d’Or),
970.0787401574803 2039.3700787401574 308.66141732283467 99.21259842519684 élève
1174.8031496062993 2039.3700787401574 204.7244094488189 99.21259842519684 de
1277.1653543307086 2039.3700787401574 411.0236220472441 99.21259842519684 Pradier;
1585.8267716535433 2039.3700787401574 308.66141732283467 99.21259842519684 grand
1790.5511811023623 2039.3700787401574 274.01574803149606 99.21259842519684 prix
1927.5590551181103 2039.3700787401574 274.01574803149606 99.21259842519684 de

258.26771653543307 2125.984251968504 333.8582677165354 92.91338582677166 Rome
500.78740157480314 2125.984251968504 303.93700787401576 92.91338582677166 en
713.3858267716536 2125.984251968504 274.01574803149606 92.91338582677166 1845,
896.0629921259842 2125.984251968504 486.61417322834643 92.91338582677166 chevalier
1289.763779527559 2125.984251968504 182.6771653543307 92.91338582677166 de
1381.1023622047244 2125.984251968504 182.6771653543307 92.91338582677166 la
1472.4409448818897 2125.984251968504 607.8740157480315 92.91338582677166 Légion-d’Honneur
1959.0551181102362 2125.984251968504 242.51968503937007 92.91338582677166 en

256.6929133858268 2203.149606299213 270.86614173228344 97.63779527559055 1855,
436.2204724409449 2203.149606299213 390.5511811023622 97.63779527559055 membre
737.007874015748 2203.149606299213 179.5275590551181 97.63779527559055 de
826.7716535433071 2203.149606299213 420.4724409448819 97.63779527559055 l’Institut
1157.4803149606298 2203.149606299213 300.78740157480314 97.63779527559055 en
1338.5826771653544 2203.149606299213 211.0236220472441 97.63779527559055 1862.

163.7795275590551 2327.5590551181103 318.1102362204724 119.68503937007874 222.
322.8346456692913 2327.5590551181103 436.2204724409449 119.68503937007874 Anacréon.

499.21259842519686 2412.5984251968503 300.78740157480314 140.15748031496062 Statue
710.2362204724409 2412.5984251968503 151.1811023622047 140.15748031496062 e
770.0787401574803 2412.5984251968503 332.2834645669291 140.15748031496062 marbre.
1011.0236220472441 2412.5984251968503 151.1811023622047 140.15748031496062 —
1072.4409448818897 2412.5984251968503 211.0236220472441 140.15748031496062 Gr.
1162.2047244094488 2412.5984251968503 181.10236220472441 140.15748031496062 nat.

160.62992125984252 2535.433070866142 289.76377952755905 125.98425196850394 223.
341.73228346456693 2535.433070866142 253.54330708661416 125.98425196850394 Les
450.3937007874016 2535.433070866142 398.4251968503937 125.98425196850394 Gracques.

502.3622047244094 2623.6220472440946 300.78740157480314 124.40944881889764 Groupe
711.8110236220473 2623.6220472440946 179.5275590551181 124.40944881889764 de
803.1496062992126 2623.6220472440946 330.70866141732284 124.40944881889764 bronze.
1042.5196850393702 2623.6220472440946 149.60629921259843 124.40944881889764 —
1102.3622047244094 2623.6220472440946 211.0236220472441 124.40944881889764 Gr.
1193.7007874015749 2623.6220472440946 179.5275590551181 124.40944881889764 nat.

1628.3464566929133 2417.3228346456694 297.6377952755906 151.1811023622047 (Salon
1836.2204724409448 2417.3228346456694 177.95275590551182 151.1811023622047 de
1896.0629921259842 2417.3228346456694 237.79527559055117 151.1811023622047 1852.)

1601.5748031496064 2670.8661417322833 310.23622047244095 118.11023622047244 (Salon
1818.8976377952756 2670.8661417322833 185.82677165354332 118.11023622047244 de
1881.8897637795276 2670.8661417322833 248.8188976377953 118.11023622047244 1853.)

166.9291338582677 2823.6220472440946 349.6062992125984 103.93700787401575 ISELIN
411.0236220472441 2823.6220472440946 735.4330708661417 103.93700787401575 (HENRI-FRÉDÉRIC),
1042.5196850393702 2823.6220472440946 314.96062992125985 103.93700787401575 né
1251.9685039370079 2823.6220472440946 174.8031496062992 103.93700787401575 à
1322.8346456692914 2823.6220472440946 560.6299212598425 103.93700787401575 Clairegoutte
1743.3070866141732 2823.6220472440946 455.11811023622045 103.93700787401575 (Haute

251.96850393700788 2929.1338582677167 455.11811023622045 89.76377952755905 Saône),
609.4488188976378 2929.1338582677167 291.33858267716533 89.76377952755905 élève
804.7244094488188 2929.1338582677167 195.2755905511811 89.76377952755905 de
902.3622047244095 2929.1338582677167 291.33858267716533 89.76377952755905 Rude,
1096.0629921259842 2929.1338582677167 422.0472440944882 89.76377952755905 chevalier
1420.4724409448818 2929.1338582677167 195.2755905511811 89.76377952755905 de
1518.1102362204724 2929.1338582677167 195.2755905511811 89.76377952755905 la
1582.6771653543308 2929.1338582677167 617.3228346456693 89.76377952755905 Légion

264.56692913385825 2987.4015748031497 275.59055118110234 108.66141732283465 neur
464.56692913385825 2987.4015748031497 250.39370078740157 108.66141732283465 en
615.7480314960629 2987.4015748031497 174.8031496062992 108.66141732283465 1863.

163.7795275590551 3089.763779527559 303.93700787401576 148.03149606299212 224.
354.3307086614173 3089.763779527559 343.3070866141732 148.03149606299212 Jeune
544.8818897637796 3089.763779527559 343.3070866141732 148.03149606299212 Romain.

507.0866141732283 3211.0236220472443 267.7165354330709 88.18897637795276 Buste
686.6141732283464 3211.0236220472443 179.5275590551181 88.18897637795276 de
774.8031496062993 3211.0236220472443 327.5590551181102 88.18897637795276 marbre.
1014.1732283464567 3211.0236220472443 149.60629921259843 88.18897637795276 —
1074.015748031496 3211.0236220472443 207.8740157480315 88.18897637795276 Gr.
1162.2047244094488 3211.0236220472443 179.5275590551181 88.18897637795276 nat.

1614.1732283464567 3259.8425196850394 300.78740157480314 124.40944881889764 (Salon
1823.6220472440946 3259.8425196850394 179.5275590551181 124.40944881889764 de
1885.0393700787401 3259.8425196850394 240.9448818897638 124.40944881889764 1852.)

173.22834645669292 3401.5748031496064 285.03937007874015 108.66141732283465 JALEY
363.7795275590551 3401.5748031496064 792.1259842519685 108.66141732283465 (JEAN-LOUIS-NICOLAS),
1059.8425196850394 3401.5748031496064 285.03937007874015 108.66141732283465 né
1250.3937007874015 3401.5748031496064 159.0551181102362 108.66141732283465 à
1313.3858267716535 3401.5748031496064 316.53543307086613 108.66141732283465 Paris,
1535.4330708661416 3401.5748031496064 285.03937007874015 108.66141732283465 élève
1724.4094488188975 3401.5748031496064 190.5511811023622 108.66141732283465 de
1788.976377952756 3401.5748031496064 411.0236220472441 108.66141732283465 Cartel

258.26771653543307 3483.464566929134 363.7795275590551 105.51181102362204 lier;
530.7086614173228 3483.464566929134 274.01574803149606 105.51181102362204 grand
713.3858267716536 3483.464566929134 242.51968503937007 105.51181102362204 prix
864.5669291338583 3483.464566929134 182.6771653543307 105.51181102362204 de
955.9055118110236 3483.464566929134 242.51968503937007 105.51181102362204 Rome
1108.6614173228347 3483.464566929134 303.93700787401576 105.51181102362204 en
1321.259842519685 3483.464566929134 274.01574803149606 105.51181102362204 1827,
1502.3622047244094 3483.464566929134 486.61417322834643 105.51181102362204 chevalier
1897.6377952755906 3483.464566929134 182.6771653543307 105.51181102362204 de
1959.0551181102362 3483.464566929134 242.51968503937007 105.51181102362204 la

262.99212598425197 3571.6535433070867 697.6377952755905 119.68503937007874 Légion-d’Honneur
869.2913385826772 3571.6535433070867 303.93700787401576 119.68503937007874 en
1081.8897637795276 3571.6535433070867 272.4409448818898 119.68503937007874 1837,
1264.5669291338584 3571.6535433070867 395.2755905511811 119.68503937007874 membre
1566.9291338582677 3571.6535433070867 182.6771653543307 119.68503937007874 de
1658.267716535433 3571.6535433070867 425.1968503937008 119.68503937007874 l’Institut
1962.2047244094488 3571.6535433070867 242.51968503937007 119.68503937007874 en

209.4488188976378 3651.968503937008 297.6377952755906 105.51181102362204 1856.

171.6535433070866 3760.6299212598424 286.61417322834643 116.53543307086615 225.
351.18110236220474 3760.6299212598424 215.748031496063 116.53543307086615 La
423.62204724409446 3760.6299212598424 322.8346456692913 116.53543307086615 Prière.

511.81102362204723 3850.3937007874015 296.06299212598424 151.1811023622047 Figure
719.6850393700787 3850.3937007874015 177.95275590551182 151.1811023622047 de
807.8740157480315 3850.3937007874015 324.40944881889766 151.1811023622047 marbre.
1044.0944881889764 3850.3937007874015 148.03149606299212 151.1811023622047 —
1102.3622047244094 3850.3937007874015 206.29921259842519 151.1811023622047 Gr.
1192.1259842519685 3850.3937007874015 177.95275590551182 151.1811023622047 nat.

1633.0708661417323 3905.511811023622 305.51181102362204 152.75590551181102 (Salon
1847.244094488189 3905.511811023622 184.251968503937 152.75590551181102 de
1907.0866141732283 3905.511811023622 184.251968503937 152.75590551181102 1833
