2787.4015748031497 4940.157480314961
1289.763779527559 508.66141732283467 525.9842519685039 160.62992125984252 SCULPTURE.

470.86614173228344 500.78740157480314 248.8188976377953 135.43307086614172 46

552.7559055118111 661.4173228346457 318.1102362204724 138.58267716535434 226.
751.1811023622047 661.4173228346457 239.37007874015748 138.58267716535434 La
831.496062992126 661.4173228346457 357.4803149606299 138.58267716535434 Pudeur.

900.7874015748032 762.2047244094488 292.9133858267717 132.28346456692913 Figure
1107.0866141732283 762.2047244094488 176.3779527559055 132.28346456692913 de
1193.7007874015749 762.2047244094488 322.8346456692913 132.28346456692913 marbre.
1428.3464566929133 762.2047244094488 146.45669291338584 132.28346456692913 —
1488.1889763779527 762.2047244094488 204.7244094488189 132.28346456692913 Gr.
1574.8031496062993 762.2047244094488 176.3779527559055 132.28346456692913 nat.

2028.3464566929133 820.4724409448819 292.9133858267717 146.45669291338584 (Salon
2234.6456692913384 820.4724409448819 176.3779527559055 146.45669291338584 de
2292.9133858267714 820.4724409448819 234.64566929133858 146.45669291338584 1834.)

560.6299212598425 946.4566929133858 400.0 138.58267716535434 JOUFFROY
859.8425196850394 946.4566929133858 499.21259842519686 138.58267716535434 (FRANÇOIS),
1259.8425196850394 946.4566929133858 299.21259842519686 138.58267716535434 né
1458.267716535433 946.4566929133858 166.9291338582677 138.58267716535434 à
1525.984251968504 946.4566929133858 299.21259842519686 138.58267716535434 Dijon
1725.984251968504 946.4566929133858 532.2834645669292 138.58267716535434 (Côte-d’Or),
2157.48031496063 946.4566929133858 299.21259842519686 138.58267716535434 élève
2324.4094488188975 946.4566929133858 266.1417322834646 138.58267716535434 de

661.4173228346457 1058.267716535433 346.45669291338584 100.78740157480316 Ramey
921.2598425196851 1058.267716535433 259.84251968503935 100.78740157480316 fils,
1094.4881889763778 1058.267716535433 259.84251968503935 100.78740157480316 grand
1267.716535433071 1058.267716535433 231.49606299212599 100.78740157480316 prix
1412.5984251968505 1058.267716535433 173.22834645669292 100.78740157480316 de
1499.2125984251968 1058.267716535433 231.49606299212599 100.78740157480316 Rome
1644.0944881889764 1058.267716535433 288.18897637795277 100.78740157480316 en
1845.6692913385828 1058.267716535433 259.84251968503935 100.78740157480316 1832,
2018.8976377952756 1058.267716535433 462.99212598425197 100.78740157480316 chevalier
2365.3543307086616 1058.267716535433 231.49606299212599 100.78740157480316 de

645.6692913385826 1138.5826771653544 261.4173228346457 113.38582677165354 la
818.8976377952756 1138.5826771653544 582.6771653543307 113.38582677165354 Légion-d’Honneur
1314.9606299212599 1138.5826771653544 291.33858267716533 113.38582677165354 en
1518.1102362204724 1138.5826771653544 261.4173228346457 113.38582677165354 1843,
1692.9133858267717 1138.5826771653544 377.9527559055118 113.38582677165354 membre
1984.251968503937 1138.5826771653544 174.8031496062992 113.38582677165354 de
2070.8661417322833 1138.5826771653544 407.87401574803147 113.38582677165354 l’Institut
2362.2047244094488 1138.5826771653544 233.0708661417323 113.38582677165354 en

651.9685039370079 1223.6220472440946 250.39370078740157 119.68503937007874 1857,
818.8976377952756 1223.6220472440946 417.3228346456693 119.68503937007874 officier
1152.755905511811 1223.6220472440946 278.74015748031496 119.68503937007874 en
1319.6850393700788 1223.6220472440946 195.2755905511811 119.68503937007874 1861.

555.9055118110236 1322.8346456692914 277.1653543307087 94.48818897637796 227.
729.1338582677165 1322.8346456692914 310.23622047244095 94.48818897637796 Jeune
935.4330708661417 1322.8346456692914 310.23622047244095 94.48818897637796 fille
1143.3070866141732 1322.8346456692914 414.1732283464567 94.48818897637796 confiant
1455.1181102362204 1322.8346456692914 242.51968503937007 94.48818897637796 son
1592.1259842519685 1322.8346456692914 379.5275590551181 94.48818897637796 premier
1869.291338582677 1322.8346456692914 344.88188976377955 94.48818897637796 secret
2111.8110236220473 1322.8346456692914 173.22834645669292 94.48818897637796 à
2144.8818897637793 1322.8346456692914 277.1653543307087 94.48818897637796 Vénus.

900.7874015748032 1420.4724409448818 294.48818897637796 102.36220472440945 Figure
1107.0866141732283 1420.4724409448818 176.3779527559055 102.36220472440945 de
1195.275590551181 1420.4724409448818 324.40944881889766 102.36220472440945 marbre.
1431.4960629921259 1420.4724409448818 148.03149606299212 102.36220472440945 —
1491.3385826771653 1420.4724409448818 206.29921259842519 102.36220472440945 Gr.
1579.5275590551182 1420.4724409448818 176.3779527559055 102.36220472440945 nat.

2022.0472440944882 1480.3149606299212 294.48818897637796 103.93700787401575 (Salon
2228.3464566929133 1480.3149606299212 176.3779527559055 103.93700787401575 de
2288.1889763779527 1480.3149606299212 236.2204724409449 103.93700787401575 1839.)

562.2047244094488 1565.3543307086613 371.65354330708664 144.88188976377953 LEMAIRE
831.496062992126 1565.3543307086613 708.6614173228346 144.88188976377953 (PHILIPPE-HENRI),
1439.3700787401574 1565.3543307086613 303.93700787401576 144.88188976377953 né
1642.5196850393702 1565.3543307086613 168.50393700787401 144.88188976377953 à
1710.236220472441 1565.3543307086613 573.2283464566929 144.88188976377953 Valenciennes>
2148.031496062992 1565.3543307086613 439.37007874015745 144.88188976377953 (Nord)

644.0944881889764 1707.0866141732283 343.3070866141732 103.93700787401575 élève
900.7874015748032 1707.0866141732283 171.6535433070866 103.93700787401575 de
987.4015748031496 1707.0866141732283 429.9212598425197 103.93700787401575 Cartellier,
1330.708661417323 1707.0866141732283 258.26771653543307 103.93700787401575 grand
1502.3622047244094 1707.0866141732283 228.3464566929134 103.93700787401575 prix
1645.6692913385828 1707.0866141732283 171.6535433070866 103.93700787401575 de
1732.283464566929 1707.0866141732283 228.3464566929134 103.93700787401575 Rome
1875.5905511811025 1707.0866141732283 286.61417322834643 103.93700787401575 en
2075.5905511811025 1707.0866141732283 258.26771653543307 103.93700787401575 1821,
2218.8976377952754 1707.0866141732283 371.65354330708664 103.93700787401575 che

644.0944881889764 1785.8267716535433 388.9763779527559 96.06299212598425 valier
943.3070866141733 1785.8267716535433 179.5275590551181 96.06299212598425 de
1033.0708661417323 1785.8267716535433 179.5275590551181 96.06299212598425 la
1122.8346456692914 1785.8267716535433 596.8503937007874 96.06299212598425 Légion-d’Honneur
1629.9212598425197 1785.8267716535433 299.21259842519686 96.06299212598425 en
1839.3700787401574 1785.8267716535433 269.29133858267716 96.06299212598425 1834,
2018.8976377952756 1785.8267716535433 448.81889763779526 96.06299212598425 officier
2346.4566929133857 1785.8267716535433 239.37007874015748 96.06299212598425 en

645.6692913385826 1872.4409448818897 272.4409448818898 118.11023622047244 1843,
826.7716535433071 1872.4409448818897 392.12598425196853 118.11023622047244 membre
1129.1338582677165 1872.4409448818897 181.10236220472441 118.11023622047244 de
1218.8976377952756 1872.4409448818897 423.62204724409446 118.11023622047244 l’Institut
1552.755905511811 1872.4409448818897 302.3622047244094 118.11023622047244 en
1733.8582677165355 1872.4409448818897 211.0236220472441 118.11023622047244 1845.

549.6062992125984 1981.1023622047244 291.33858267716533 116.53543307086615 228.
732.2834645669292 1981.1023622047244 291.33858267716533 116.53543307086615 Tête
913.3858267716536 1981.1023622047244 218.89763779527559 116.53543307086615 de
987.4015748031496 1981.1023622047244 327.5590551181102 116.53543307086615 Vierge.

894.488188976378 2083.464566929134 333.8582677165354 114.96062992125984 Marbre.
1137.007874015748 2083.464566929134 151.1811023622047 114.96062992125984 —
1198.4251968503936 2083.464566929134 212.5984251968504 114.96062992125984 Gr.
1288.1889763779527 2083.464566929134 182.6771653543307 114.96062992125984 nat.

2018.8976377952756 2103.9370078740158 296.06299212598424 135.43307086614172 (Salon
2226.771653543307 2103.9370078740158 177.95275590551182 135.43307086614172 de
2285.0393700787404 2103.9370078740158 236.2204724409449 135.43307086614172 1846.)

552.7559055118111 2270.8661417322833 373.2283464566929 85.03937007874016 MAILLET
825.1968503937007 2270.8661417322833 746.4566929133858 85.03937007874016 (JACQUES-LÉONARD),
1469.291338582677 2270.8661417322833 305.51181102362204 85.03937007874016 né
1672.4409448818897 2270.8661417322833 170.07874015748033 85.03937007874016 à
1740.1574803149606 2270.8661417322833 338.5826771653543 85.03937007874016 Paris,
1977.9527559055118 2270.8661417322833 305.51181102362204 85.03937007874016 élève
2181.1023622047246 2270.8661417322833 203.1496062992126 85.03937007874016 de
2248.818897637795 2270.8661417322833 338.5826771653543 85.03937007874016 Pra

640.9448818897638 2337.0078740157483 363.7795275590551 96.06299212598425 dier;
913.3858267716536 2337.0078740157483 272.4409448818898 96.06299212598425 grand
1096.0629921259842 2337.0078740157483 242.51968503937007 96.06299212598425 prix
1247.244094488189 2337.0078740157483 182.6771653543307 96.06299212598425 de
1338.5826771653544 2337.0078740157483 242.51968503937007 96.06299212598425 Rome
1489.763779527559 2337.0078740157483 303.93700787401576 96.06299212598425 en
1702.3622047244094 2337.0078740157483 272.4409448818898 96.06299212598425 1847,
1885.0393700787401 2337.0078740157483 485.03937007874015 96.06299212598425 chevalier
2278.740157480315 2337.0078740157483 182.6771653543307 96.06299212598425 de
2340.1574803149606 2337.0078740157483 242.51968503937007 96.06299212598425 la

639.3700787401575 2423.6220472440946 710.2362204724409 94.48818897637796 Légion-d’Honneur
1256.6929133858268 2423.6220472440946 308.66141732283467 94.48818897637796 en
1442.5196850393702 2423.6220472440946 215.748031496063 94.48818897637796 1861.

548.0314960629921 2516.535433070866 272.4409448818898 135.43307086614172 229.
719.6850393700787 2516.535433070866 442.5196850393701 135.43307086614172 Agrippine
1059.8425196850394 2516.535433070866 204.7244094488189 135.43307086614172 et
1127.5590551181103 2516.535433070866 374.8031496062992 135.43307086614172 Caligula.

811.0236220472441 2626.771653543307 253.54330708661416 91.33858267716535 Quel
968.503937007874 2626.771653543307 411.0236220472441 91.33858267716535 spectacle
1285.0393700787401 2626.771653543307 285.03937007874015 91.33858267716535 digne
1474.015748031496 2626.771653543307 188.9763779527559 91.33858267716535 de
1570.0787401574803 2626.771653543307 316.53543307086613 91.33858267716535 pitié,
1790.5511811023623 2626.771653543307 188.9763779527559 91.33858267716535 de
1885.0393700787401 2626.771653543307 253.54330708661416 91.33858267716535 voir
2044.0944881889764 2626.771653543307 379.5275590551181 91.33858267716535 l’épouse
2327.5590551181103 2626.771653543307 188.9763779527559 91.33858267716535 de
2392.1259842519685 2626.771653543307 188.9763779527559 91.33858267716535 Ger-

751.1811023622047 2705.511811023622 371.65354330708664 85.03937007874016 manicus
1020.4724409448819 2705.511811023622 203.1496062992126 85.03937007874016 se
1122.8346456692914 2705.511811023622 338.5826771653543 85.03937007874016 sauver
1359.0551181102362 2705.511811023622 203.1496062992126 85.03937007874016 du
1459.8425196850394 2705.511811023622 270.86614173228344 85.03937007874016 camp
1629.9212598425197 2705.511811023622 203.1496062992126 85.03937007874016 de
1730.708661417323 2705.511811023622 236.2204724409449 85.03937007874016 son
1866.1417322834645 2705.511811023622 338.5826771653543 85.03937007874016 époux,
2102.3622047244094 2705.511811023622 439.37007874015745 85.03937007874016 emportant
2407.8740157480315 2705.511811023622 168.50393700787401 85.03937007874016 son

749.6062992125984 2776.3779527559054 319.68503937007875 77.16535433070867 enfant
973.2283464566929 2776.3779527559054 255.11811023622047 77.16535433070867 dans
1132.283464566929 2776.3779527559054 223.6220472440945 77.16535433070867 ses
1259.8425196850394 2776.3779527559054 255.11811023622047 77.16535433070867 bras
1387.4015748031495 2776.3779527559054 351.18110236220474 77.16535433070867 (TACITE).

889.7637795275591 2851.968503937008 302.3622047244094 102.36220472440945 Groupe
1100.7874015748032 2851.968503937008 181.10236220472441 102.36220472440945 de
1192.1259842519685 2851.968503937008 332.2834645669291 102.36220472440945 marbre.
1434.6456692913387 2851.968503937008 151.1811023622047 102.36220472440945 —
1494.4881889763778 2851.968503937008 212.5984251968504 102.36220472440945 Gr.
1585.8267716535433 2851.968503937008 181.10236220472441 102.36220472440945 nat.

2000.0 2823.6220472440946 297.6377952755906 171.6535433070866 (Salon
2207.8740157480315 2823.6220472440946 177.95275590551182 171.6535433070866 de
2267.716535433071 2823.6220472440946 237.79527559055117 171.6535433070866 1853.)

548.0314960629921 2979.527559055118 278.74015748031496 102.36220472440945 230.
722.8346456692914 2979.527559055118 453.54330708661416 102.36220472440945 Agrippine
1072.4409448818897 2979.527559055118 384.251968503937 102.36220472440945 portant
1351.1811023622047 2979.527559055118 244.09448818897638 102.36220472440945 les
1491.3385826771653 2979.527559055118 384.251968503937 102.36220472440945 cendres
1770.0787401574803 2979.527559055118 209.4488188976378 102.36220472440945 de
1840.9448818897638 2979.527559055118 453.54330708661416 102.36220472440945 Germanicus.

812.5984251968504 3078.740157480315 403.1496062992126 96.06299212598425 Agrippine
1122.8346456692914 3078.740157480315 310.23622047244095 96.06299212598425 partit
1340.1574803149606 3078.740157480315 185.82677165354332 96.06299212598425 de
1433.0708661417323 3078.740157480315 278.74015748031496 96.06299212598425 Syrie
1618.8976377952756 3078.740157480315 247.24409448818898 96.06299212598425 pour
1773.2283464566929 3078.740157480315 310.23622047244095 96.06299212598425 porter
1990.5511811023623 3078.740157480315 154.33070866141733 96.06299212598425 à
2051.968503937008 3078.740157480315 247.24409448818898 96.06299212598425 Rome
2207.8740157480315 3078.740157480315 217.3228346456693 96.06299212598425 les
2300.787401574803 3078.740157480315 278.74015748031496 96.06299212598425 cendres

744.8818897637796 3152.755905511811 196.8503937007874 81.88976377952756 de
844.0944881889764 3152.755905511811 228.3464566929134 81.88976377952756 son
974.8031496062993 3152.755905511811 327.5590551181102 81.88976377952756 époux.
1203.1496062992126 3152.755905511811 196.8503937007874 81.88976377952756 Le
1302.3622047244094 3152.755905511811 327.5590551181102 81.88976377952756 sénat,
1530.708661417323 3152.755905511811 196.8503937007874 81.88976377952756 le
1628.3464566929133 3152.755905511811 360.62992125984255 81.88976377952756 peuple,
1891.3385826771653 3152.755905511811 261.4173228346457 81.88976377952756 tout
2053.5433070866143 3152.755905511811 196.8503937007874 81.88976377952756 le
2152.755905511811 3152.755905511811 294.48818897637796 81.88976377952756 monde
2316.535433070866 3152.755905511811 261.4173228346457 81.88976377952756 enfin,

746.4566929133858 3218.8976377952754 278.74015748031496 80.31496062992126 était
932.2834645669292 3218.8976377952754 248.8188976377953 80.31496062992126 allé
1088.1889763779527 3218.8976377952754 403.1496062992126 80.31496062992126 au-devant
1398.4251968503936 3218.8976377952754 185.82677165354332 80.31496062992126 de
1491.3385826771653 3218.8976377952754 341.73228346456693 80.31496062992126 l’urne,
1738.5826771653544 3218.8976377952754 278.74015748031496 80.31496062992126 qu’on
1925.984251968504 3218.8976377952754 278.74015748031496 80.31496062992126 reçut
2111.8110236220473 3218.8976377952754 248.8188976377953 80.31496062992126 avec
2266.1417322834645 3218.8976377952754 310.23622047244095 80.31496062992126 autant
2451.968503937008 3218.8976377952754 124.40944881889764 80.31496062992126 de

749.6062992125984 3280.314960629921 333.8582677165354 86.61417322834646 respect
992.1259842519685 3280.314960629921 212.5984251968504 86.61417322834646 que
1113.3858267716535 3280.314960629921 182.6771653543307 86.61417322834646 si
1204.724409448819 3280.314960629921 274.01574803149606 86.61417322834646 c’eût
1387.4015748031495 3280.314960629921 212.5984251968504 86.61417322834646 été
1508.6614173228347 3280.314960629921 182.6771653543307 86.61417322834646 le
1600.0 3280.314960629921 395.2755905511811 86.61417322834646 simulacre
1902.3622047244094 3280.314960629921 182.6771653543307 86.61417322834646 de
1993.7007874015749 3280.314960629921 333.8582677165354 86.61417322834646 quelque
2206.299212598425 3280.314960629921 212.5984251968504 86.61417322834646 Dieu.

886.6141732283464 3362.2047244094488 313.38582677165357 124.40944881889764 Figure
1105.5118110236222 3362.2047244094488 187.4015748031496 124.40944881889764 de
1200.0 3362.2047244094488 343.3070866141732 124.40944881889764 marbre.
1450.3937007874015 3362.2047244094488 155.90551181102362 124.40944881889764 —
1511.8110236220473 3362.2047244094488 218.89763779527559 124.40944881889764 Gr.
1606.2992125984251 3362.2047244094488 187.4015748031496 124.40944881889764 nat.

1996.8503937007874 3409.448818897638 300.78740157480314 111.81102362204724 (Salon
2207.8740157480315 3409.448818897638 181.10236220472441 111.81102362204724 de
2267.716535433071 3409.448818897638 240.9448818897638 111.81102362204724 1861.)

544.8818897637796 3551.181102362205 722.8346456692914 127.55905511811024 MICHEL-PASCAL
1122.8346456692914 3551.181102362205 470.86614173228344 127.55905511811024 (FRANÇOIS),

615.7480314960629 3645.6692913385828 393.7007874015748 114.96062992125984 d’Angers</.

543.3070866141733 3729.1338582677167 270.86614173228344 119.68503937007874 231.
713.3858267716536 3729.1338582677167 338.5826771653543 119.68503937007874 Moines
916.5354330708661 3729.1338582677167 305.51181102362204 119.68503937007874 lisant.

888.1889763779527 3820.472440944882 316.53543307086613 108.66141732283465 Groupe
1110.236220472441 3820.472440944882 190.5511811023622 108.66141732283465 de
1173.2283464566929 3820.472440944882 285.03937007874015 108.66141732283465 marbre.

1577.9527559055118 3524.4094488188975 262.99212598425197 146.45669291338584 né
1754.3307086614172 3524.4094488188975 146.45669291338584 146.45669291338584 à
1812.5984251968505 3524.4094488188975 291.33858267716533 146.45669291338584 Paris,
2015.748031496063 3524.4094488188975 262.99212598425197 146.45669291338584 élève
2190.551181102362 3524.4094488188975 174.8031496062992 146.45669291338584 de
2248.818897637795 3524.4094488188975 321.25984251968504 146.45669291338584 David

2011.023622047244 3872.4409448818897 289.76377952755905 114.96062992125984 (Salon
2214.1732283464567 3872.4409448818897 174.8031496062992 114.96062992125984 de
2272.4409448818897 3872.4409448818897 233.0708661417323 114.96062992125984 1847.)
