2837.7952755905512 4930.708661417323
850.3937007874016 511.81102362204723 529.1338582677165 133.85826771653544 SCULPTURE.

1932.283464566929 508.66141732283467 220.4724409448819 105.51181102362204 47

138.58267716535434 666.1417322834645 325.98425196850394 103.93700787401575 MILLET
366.92913385826773 666.1417322834645 359.0551181102362 103.93700787401575 (AIME),
628.3464566929134 666.1417322834645 292.9133858267717 103.93700787401575 né
823.6220472440945 666.1417322834645 162.20472440944883 103.93700787401575 à
888.1889763779527 666.1417322834645 325.98425196850394 103.93700787401575 Paris,
1116.5354330708662 666.1417322834645 292.9133858267717 103.93700787401575 élève
1311.8110236220473 666.1417322834645 195.2755905511811 103.93700787401575 de
1409.4488188976377 666.1417322834645 228.3464566929134 103.93700787401575 son
1540.1574803149606 666.1417322834645 292.9133858267717 103.93700787401575 père,
1735.4330708661416 666.1417322834645 195.2755905511811 103.93700787401575 de
1800.0 666.1417322834645 359.0551181102362 103.93700787401575 David

226.77165354330708 768.503937007874 483.46456692913387 96.06299212598425 d’Angers
612.5984251968504 768.503937007874 193.70078740157481 96.06299212598425 et
708.6614173228346 768.503937007874 193.70078740157481 96.06299212598425 de
806.2992125984252 768.503937007874 193.70078740157481 96.06299212598425 M.
902.3622047244095 768.503937007874 193.70078740157481 96.06299212598425 E.
1000.0 768.503937007874 354.3307086614173 96.06299212598425 Viollet
1256.6929133858268 768.503937007874 193.70078740157481 96.06299212598425 le
1354.3307086614172 768.503937007874 258.26771653543307 96.06299212598425 Duc;
1514.9606299212599 768.503937007874 418.8976377952756 96.06299212598425 chevalier
1836.2204724409448 768.503937007874 193.70078740157481 96.06299212598425 de
1900.7874015748032 768.503937007874 258.26771653543307 96.06299212598425 la

225.1968503937008 837.7952755905512 705.511811023622 143.30708661417322 Légion-d’Honneur
837.7952755905512 837.7952755905512 307.0866141732283 143.30708661417322 en
1022.0472440944882 837.7952755905512 214.17322834645668 143.30708661417322 1859.

127.55905511811024 965.3543307086615 297.6377952755906 122.83464566929133 232.
277.1653543307087 965.3543307086615 333.8582677165354 122.83464566929133 Ariane.

472.4409448818898 1040.9448818897638 294.48818897637796 140.15748031496062 Figure
678.7401574803149 1040.9448818897638 176.3779527559055 140.15748031496062 de
766.9291338582677 1040.9448818897638 322.8346456692913 140.15748031496062 marbre.
1003.1496062992126 1040.9448818897638 146.45669291338584 140.15748031496062 —
1061.4173228346456 1040.9448818897638 206.29921259842519 140.15748031496062 Gr.
1149.6062992125985 1040.9448818897638 176.3779527559055 140.15748031496062 nat.

1587.4015748031495 1080.3149606299212 299.21259842519686 144.88188976377953 (Salon
1796.8503937007874 1080.3149606299212 179.5275590551181 144.88188976377953 de
1856.6929133858268 1080.3149606299212 239.37007874015748 144.88188976377953 1857.)

137.00787401574803 1256.6929133858268 343.3070866141732 103.93700787401575 MOREAU
377.9527559055118 1256.6929133858268 513.3858267716536 103.93700787401575 (MATHURIN),
788.9763779527559 1256.6929133858268 308.66141732283467 103.93700787401575 né
993.7007874015748 1256.6929133858268 171.6535433070866 103.93700787401575 à
1062.992125984252 1256.6929133858268 308.66141732283467 103.93700787401575 Dijon
1267.716535433071 1256.6929133858268 548.0314960629921 103.93700787401575 (Côte-d’Or),
1713.3858267716535 1256.6929133858268 308.66141732283467 103.93700787401575 élève
1885.0393700787401 1256.6929133858268 274.01574803149606 103.93700787401575 de

226.77165354330708 1325.984251968504 382.6771653543307 103.93700787401575 Ramey
513.3858267716536 1325.984251968504 192.1259842519685 103.93700787401575 et
609.4488188976378 1325.984251968504 192.1259842519685 103.93700787401575 de
705.511811023622 1325.984251968504 192.1259842519685 103.93700787401575 M.
800.0 1325.984251968504 192.1259842519685 103.93700787401575 A.
864.5669291338583 1325.984251968504 414.1732283464567 103.93700787401575 Dumont

135.43307086614172 1428.3464566929133 275.59055118110234 155.90551181102362 233.
308.66141732283467 1428.3464566929133 240.9448818897638 155.90551181102362 Une
411.0236220472441 1428.3464566929133 344.88188976377955 155.90551181102362 fileuse.

475.59055118110234 1514.9606299212599 308.66141732283467 122.83464566929133 Figure
692.9133858267717 1514.9606299212599 185.82677165354332 122.83464566929133 de
784.2519685039371 1514.9606299212599 340.15748031496065 122.83464566929133 marbre.
1031.4960629921259 1514.9606299212599 154.33070866141733 122.83464566929133 —
1094.4881889763778 1514.9606299212599 215.748031496063 122.83464566929133 Gr.
1185.8267716535433 1514.9606299212599 185.82677165354332 122.83464566929133 nat.

1570.0787401574803 1559.0551181102362 308.66141732283467 157.48031496062993 (Salon
1787.4015748031495 1559.0551181102362 185.82677165354332 157.48031496062993 de
1848.8188976377953 1559.0551181102362 247.24409448818898 157.48031496062993 1861.)

138.58267716535434 1702.3622047244094 418.8976377952756 118.11023622047244 NANTEUIL
451.9685039370079 1702.3622047244094 732.2834645669292 118.11023622047244 (CHARLES-FRANÇOIS
1080.3149606299212 1702.3622047244094 488.18897637795277 118.11023622047244 LEBOEUF-),
1464.5669291338584 1702.3622047244094 313.38582677165357 118.11023622047244 né
1674.015748031496 1702.3622047244094 174.8031496062992 118.11023622047244 à
1708.6614173228347 1702.3622047244094 453.54330708661416 118.11023622047244 Paris,

228.3464566929134 1815.748031496063 414.1732283464567 91.33858267716535 élève
538.5826771653543 1815.748031496063 206.29921259842519 91.33858267716535 de
642.5196850393701 1815.748031496063 516.5354330708661 91.33858267716535 Cartellier;
1055.1181102362204 1815.748031496063 310.23622047244095 91.33858267716535 grand
1262.992125984252 1815.748031496063 275.59055118110234 91.33858267716535 prix
1434.6456692913387 1815.748031496063 206.29921259842519 91.33858267716535 de
1538.5826771653544 1815.748031496063 275.59055118110234 91.33858267716535 Rome
1710.236220472441 1815.748031496063 344.88188976377955 91.33858267716535 en
1918.1102362204724 1815.748031496063 240.9448818897638 91.33858267716535 1817,

229.92125984251967 1914.9606299212599 370.0787401574803 86.61417322834646 membre
514.9606299212599 1914.9606299212599 170.07874015748033 86.61417322834646 de
600.0 1914.9606299212599 398.4251968503937 86.61417322834646 l’Institut
913.3858267716536 1914.9606299212599 285.03937007874015 86.61417322834646 en
1111.8110236220473 1914.9606299212599 256.6929133858268 86.61417322834646 1831,
1283.4645669291338 1914.9606299212599 455.11811023622045 86.61417322834646 chevalier
1653.5433070866143 1914.9606299212599 170.07874015748033 86.61417322834646 de
1738.5826771653544 1914.9606299212599 170.07874015748033 86.61417322834646 la
1795.275590551181 1914.9606299212599 370.0787401574803 86.61417322834646 Légion

231.49606299212599 1973.2283464566929 440.9448818897638 113.38582677165354 d’honneur
588.9763779527559 1973.2283464566929 275.59055118110234 113.38582677165354 en
754.3307086614174 1973.2283464566929 192.1259842519685 113.38582677165354 1837.

133.85826771653544 2088.1889763779527 299.21259842519686 129.13385826771653 234.
283.46456692913387 2088.1889763779527 411.0236220472441 129.13385826771653 Eurydice.

420.4724409448819 2185.8267716535433 308.66141732283467 110.23622047244095 Figure
637.7952755905512 2185.8267716535433 185.82677165354332 110.23622047244095 de
730.7086614173228 2185.8267716535433 340.15748031496065 110.23622047244095 marbre.
977.9527559055118 2185.8267716535433 154.33070866141733 110.23622047244095 —
1039.3700787401574 2185.8267716535433 215.748031496063 110.23622047244095 Gr.
1132.283464566929 2185.8267716535433 154.33070866141733 110.23622047244095 nat

1581.1023622047244 2229.9212598425197 305.51181102362204 137.00787401574803 (Salon
1795.275590551181 2229.9212598425197 184.251968503937 137.00787401574803 de
1856.6929133858268 2229.9212598425197 245.66929133858267 137.00787401574803 1824.)

138.58267716535434 2377.952755905512 319.68503937007875 91.33858267716535 OLIVA
352.755905511811 2377.952755905512 818.8976377952756 91.33858267716535 (ALEXANDRE-JOSEPH),
1064.5669291338584 2377.952755905512 319.68503937007875 91.33858267716535 né
1277.1653543307086 2377.952755905512 177.95275590551182 91.33858267716535 à
1348.0314960629921 2377.952755905512 533.8582677165355 91.33858267716535 Saillagouze
1740.1574803149606 2377.952755905512 426.7716535433071 91.33858267716535 (Pyré

229.92125984251967 2472.4409448818897 669.2913385826772 116.53543307086615 nées-Orientales),
815.7480314960629 2472.4409448818897 250.39370078740157 116.53543307086615 élève
984.2519685039371 2472.4409448818897 166.9291338582677 116.53543307086615 de
1039.3700787401574 2472.4409448818897 418.8976377952756 116.53543307086615 Delestre

133.85826771653544 2566.9291338582675 310.23622047244095 124.40944881889764 235.
289.76377952755905 2566.9291338582675 466.1417322834646 124.40944881889764 Rembrandt.

483.46456692913387 2670.8661417322833 261.4173228346457 124.40944881889764 Buste
656.6929133858267 2670.8661417322833 174.8031496062992 124.40944881889764 de
744.8818897637796 2670.8661417322833 319.68503937007875 124.40944881889764 bronze.
977.9527559055118 2670.8661417322833 144.88188976377953 124.40944881889764 —
1036.2204724409448 2670.8661417322833 203.1496062992126 124.40944881889764 Gr.
1122.8346456692914 2670.8661417322833 174.8031496062992 124.40944881889764 nat.

1598.4251968503936 2722.834645669291 296.06299212598424 127.55905511811024 (Salon
1806.2992125984251 2722.834645669291 177.95275590551182 127.55905511811024 de
1864.5669291338584 2722.834645669291 236.2204724409449 127.55905511811024 1853.)

138.58267716535434 2833.0708661417325 280.31496062992125 103.93700787401575 236.
313.38582677165357 2833.0708661417325 418.8976377952756 103.93700787401575 Portrait
628.3464566929134 2833.0708661417325 209.4488188976378 103.93700787401575 du
732.2834645669292 2833.0708661417325 209.4488188976378 103.93700787401575 R.
837.7952755905512 2833.0708661417325 209.4488188976378 103.93700787401575 P.
941.7322834645669 2833.0708661417325 384.251968503937 103.93700787401575 Ventura
1222.0472440944882 2833.0708661417325 209.4488188976378 103.93700787401575 de
1325.984251968504 2833.0708661417325 418.8976377952756 103.93700787401575 Raulica,
1640.9448818897638 2833.0708661417325 349.6062992125984 103.93700787401575 ancien
1850.3937007874015 2833.0708661417325 314.96062992125985 103.93700787401575 général

362.20472440944883 2930.7086614173227 247.24409448818898 96.06299212598425 des
502.3622047244094 2930.7086614173227 459.84251968503935 96.06299212598425 Théatins,
856.6929133858267 2930.7086614173227 496.06299212598424 96.06299212598425 consulteur
1247.244094488189 2930.7086614173227 212.5984251968504 96.06299212598425 de
1352.755905511811 2930.7086614173227 212.5984251968504 96.06299212598425 la
1458.267716535433 2930.7086614173227 354.3307086614173 96.06299212598425 Sacrée
1670.8661417322835 2930.7086614173227 496.06299212598424 96.06299212598425 Congregation

365.3543307086614 3006.299212598425 242.51968503937007 80.31496062992126 des
503.93700787401576 3006.299212598425 346.45669291338584 80.31496062992126 Rites,
746.4566929133858 3006.299212598425 519.6850393700787 80.31496062992126 examinateur
1162.2047244094488 3006.299212598425 242.51968503937007 80.31496062992126 des
1300.7874015748032 3006.299212598425 381.1023622047244 80.31496062992126 évêques
1577.9527559055118 3006.299212598425 207.8740157480315 80.31496062992126 et
1681.8897637795276 3006.299212598425 207.8740157480315 80.31496062992126 du
1785.8267716535433 3006.299212598425 346.45669291338584 80.31496062992126 clergé
1993.7007874015749 3006.299212598425 173.22834645669292 80.31496062992126 ro

314.96062992125985 3077.165354330709 291.33858267716533 94.48818897637796 main.

470.86614173228344 3157.48031496063 281.8897637795276 114.96062992125984 Buste
658.2677165354331 3157.48031496063 187.4015748031496 114.96062992125984 en
721.2598425196851 3157.48031496063 281.8897637795276 114.96062992125984 marbre.

1595.275590551181 3182.6771653543306 299.21259842519686 143.30708661417322 (Salon
1804.724409448819 3182.6771653543306 179.5275590551181 143.30708661417322 de
1864.5669291338584 3182.6771653543306 239.37007874015748 143.30708661417322 1857.)

143.30708661417322 3341.732283464567 384.251968503937 107.08661417322834 PERRAUD
422.0472440944882 3341.732283464567 628.3464566929134 107.08661417322834 (JEAN-JOSEPH),
944.8818897637796 3341.732283464567 313.38582677165357 107.08661417322834 né
1154.3307086614172 3341.732283464567 174.8031496062992 107.08661417322834 à
1223.6220472440946 3341.732283464567 313.38582677165357 107.08661417322834 Money
1433.0708661417323 3341.732283464567 384.251968503937 107.08661417322834 (Jura),
1711.8110236220473 3341.732283464567 313.38582677165357 107.08661417322834 élève
1886.6141732283465 3341.732283464567 278.74015748031496 107.08661417322834 de

228.3464566929134 3412.5984251968503 447.244094488189 105.51181102362204 Ramey
563.7795275590552 3412.5984251968503 223.6220472440945 105.51181102362204 et
675.5905511811023 3412.5984251968503 223.6220472440945 105.51181102362204 de
787.4015748031496 3412.5984251968503 223.6220472440945 105.51181102362204 M.
899.2125984251968 3412.5984251968503 409.4488188976378 105.51181102362204 Dumont;
1196.8503937007874 3412.5984251968503 335.43307086614175 105.51181102362204 grand
1418.8976377952756 3412.5984251968503 297.6377952755906 105.51181102362204 prix
1606.2992125984251 3412.5984251968503 223.6220472440945 105.51181102362204 de
1716.5354330708662 3412.5984251968503 297.6377952755906 105.51181102362204 Rome
1866.1417322834645 3412.5984251968503 297.6377952755906 105.51181102362204 en

237.79527559055117 3507.0866141732286 289.76377952755905 125.98425196850394 1847,
429.9212598425197 3507.0866141732286 513.3858267716536 125.98425196850394 chevalier
847.2440944881889 3507.0866141732286 192.1259842519685 125.98425196850394 de
943.3070866141733 3507.0866141732286 192.1259842519685 125.98425196850394 la
1039.3700787401574 3507.0866141732286 642.5196850393701 125.98425196850394 Légion-d’Honneur
1585.8267716535433 3507.0866141732286 321.25984251968504 125.98425196850394 en
1777.9527559055118 3507.0866141732286 225.1968503937008 125.98425196850394 1857.

138.58267716535434 3609.448818897638 291.33858267716533 132.28346456692913 237.
319.68503937007875 3609.448818897638 400.0 132.28346456692913 Enfance
611.0236220472441 3609.448818897638 218.89763779527559 132.28346456692913 de
683.4645669291339 3609.448818897638 363.7795275590551 132.28346456692913 Bacchus.

403.1496062992126 3702.3622047244094 338.5826771653543 122.83464566929133 Groupe
640.9448818897638 3702.3622047244094 203.1496062992126 122.83464566929133 de
743.3070866141733 3702.3622047244094 338.5826771653543 122.83464566929133 marbre
979.5275590551181 3702.3622047244094 237.79527559055117 122.83464566929133 qui
1116.5354330708662 3702.3622047244094 170.07874015748033 122.83464566929133 a
1184.251968503937 3702.3622047244094 338.5826771653543 122.83464566929133 obtenu
1420.4724409448818 3702.3622047244094 203.1496062992126 122.83464566929133 la
1522.8346456692914 3702.3622047244094 406.2992125984252 122.83464566929133 médaille
1793.7007874015749 3702.3622047244094 373.2283464566929 122.83464566929133 d’honneur

335.43307086614175 3792.1259842519685 187.4015748031496 99.21259842519684 au
429.9212598425197 3792.1259842519685 280.31496062992125 99.21259842519684 salon
617.3228346456693 3792.1259842519685 187.4015748031496 99.21259842519684 de
678.7401574803149 3792.1259842519685 218.89763779527559 99.21259842519684 1863.

480.31496062992125 3864.566929133858 277.1653543307087 108.66141732283465 Figure
675.5905511811023 3864.566929133858 193.70078740157481 108.66141732283465 gr.
757.4803149606299 3864.566929133858 166.9291338582677 108.66141732283465 nat.
