2732.283464566929 4927.55905511811
1247.244094488189 552.7559055118111 579.5275590551181 135.43307086614172 SUPPLÉMENT.

466.1417322834646 577.9527559055118 229.92125984251967 111.81102362204724 54

543.3070866141733 713.3858267716536 338.5826771653543 137.00787401574803 APPERT
781.1023622047244 713.3858267716536 440.9448818897638 137.00787401574803 (EUGÈNE),
1119.6850393700788 713.3858267716536 305.51181102362204 137.00787401574803 né
1324.4094488188975 713.3858267716536 170.07874015748033 137.00787401574803 à
1392.1259842519685 713.3858267716536 338.5826771653543 137.00787401574803 Angers
1628.3464566929133 713.3858267716536 711.8110236220473 137.00787401574803 (Maine-et-Loire),
2204.7244094488187 713.3858267716536 373.2283464566929 137.00787401574803 élève

629.9212598425197 840.9448818897638 278.74015748031496 116.53543307086615 de
815.7480314960629 840.9448818897638 185.82677165354332 116.53543307086615 M.
908.6614173228346 840.9448818897638 340.15748031496065 116.53543307086615 Ingres,
1155.9055118110236 840.9448818897638 401.5748031496063 116.53543307086615 chevalier
1464.5669291338584 840.9448818897638 185.82677165354332 116.53543307086615 de
1557.4803149606298 840.9448818897638 185.82677165354332 116.53543307086615 la
1650.3937007874015 840.9448818897638 617.3228346456693 116.53543307086615 Légion-d’Honneur
2174.803149606299 840.9448818897638 308.66141732283467 116.53543307086615 en
2360.6299212598424 840.9448818897638 215.748031496063 116.53543307086615 1859.

541.7322834645669 949.6062992125984 280.31496062992125 127.55905511811024 244.
716.5354330708661 949.6062992125984 211.0236220472441 127.55905511811024 Le
822.0472440944882 949.6062992125984 280.31496062992125 127.55905511811024 pape
998.4251968503937 949.6062992125984 456.6929133858268 127.55905511811024 Alexandre
1313.3858267716535 949.6062992125984 211.0236220472441 127.55905511811024 III.

804.7244094488188 1089.763779527559 360.62992125984255 97.63779527559055 Proscrit
1075.5905511811025 1089.763779527559 181.10236220472441 97.63779527559055 de
1165.3543307086613 1089.763779527559 240.9448818897638 97.63779527559055 Rome
1316.5354330708662 1089.763779527559 211.0236220472441 97.63779527559055 par
1436.2204724409448 1089.763779527559 451.9685039370079 97.63779527559055 l’anti-pape
1798.4251968503936 1089.763779527559 360.62992125984255 97.63779527559055 Calixte,
2069.2913385826773 1089.763779527559 181.10236220472441 97.63779527559055 il
2159.0551181102364 1089.763779527559 270.86614173228344 97.63779527559055 vint,
2310.236220472441 1089.763779527559 270.86614173228344 97.63779527559055 déguisé

738.5826771653543 1170.0787401574803 204.7244094488189 67.71653543307086 en
840.9448818897638 1170.0787401574803 442.5196850393701 67.71653543307086 mendiant,
1181.1023622047244 1170.0787401574803 373.2283464566929 67.71653543307086 frapper
1453.5433070866143 1170.0787401574803 204.7244094488189 67.71653543307086 un
1554.3307086614172 1170.0787401574803 272.4409448818898 67.71653543307086 jour
1724.4094488188975 1170.0787401574803 170.07874015748033 67.71653543307086 à
1793.7007874015749 1170.0787401574803 204.7244094488189 67.71653543307086 la
1894.4881889763778 1170.0787401574803 305.51181102362204 67.71653543307086 porte
2099.212598425197 1170.0787401574803 272.4409448818898 67.71653543307086 d’un
2234.6456692913384 1170.0787401574803 340.15748031496065 67.71653543307086 couvent.

741.7322834645669 1233.0708661417323 348.0314960629921 91.33858267716535 Reconnu
993.7007874015748 1233.0708661417323 379.5275590551181 91.33858267716535 aussitôt
1278.740157480315 1233.0708661417323 188.9763779527559 91.33858267716535 et
1373.2283464566929 1233.0708661417323 348.0314960629921 91.33858267716535 acclamé
1626.7716535433071 1233.0708661417323 220.4724409448819 91.33858267716535 par
1752.755905511811 1233.0708661417323 220.4724409448819 91.33858267716535 les
1878.740157480315 1233.0708661417323 316.53543307086613 91.33858267716535 moines
2100.787401574803 1233.0708661417323 285.03937007874015 91.33858267716535 comme
2289.763779527559 1233.0708661417323 188.9763779527559 91.33858267716535 le
2354.3307086614172 1233.0708661417323 220.4724409448819 91.33858267716535 véri-

741.7322834645669 1297.6377952755906 277.1653543307087 108.66141732283465 table
927.5590551181102 1297.6377952755906 462.99212598425197 108.66141732283465 Saint-Père,
1297.6377952755906 1297.6377952755906 184.251968503937 108.66141732283465 il
1388.976377952756 1297.6377952755906 247.24409448818898 108.66141732283465 leur
1543.3070866141732 1297.6377952755906 277.1653543307087 108.66141732283465 donne
1729.1338582677165 1297.6377952755906 184.251968503937 108.66141732283465 sa
1790.5511811023623 1297.6377952755906 431.496062992126 108.66141732283465 bénédiction.

885.0393700787401 1384.251968503937 165.35433070866142 113.38582677165354 H.
966.9291338582677 1384.251968503937 247.24409448818898 113.38582677165354 1,40.
1132.283464566929 1384.251968503937 137.00787401574803 113.38582677165354 —
1187.4015748031495 1384.251968503937 165.35433070866142 113.38582677165354 L.
1269.291338582677 1384.251968503937 247.24409448818898 113.38582677165354 1,95.
1434.6456692913387 1384.251968503937 137.00787401574803 113.38582677165354 —
1489.763779527559 1384.251968503937 220.4724409448819 113.38582677165354 Fig.
1626.7716535433071 1384.251968503937 165.35433070866142 113.38582677165354 de
1681.8897637795276 1384.251968503937 192.1259842519685 113.38582677165354 0,48.

2062.9921259842517 1448.8188976377953 266.1417322834646 108.66141732283465 (Salon
2250.3937007874015 1448.8188976377953 160.62992125984252 108.66141732283465 de
2303.9370078740158 1448.8188976377953 214.17322834645668 108.66141732283465 1864.)

535.4330708661417 1598.4251968503936 429.9212598425197 141.73228346456693 BERCHÈRE
858.2677165354331 1598.4251968503936 537.007874015748 141.73228346456693 (NARCISSE),
1288.1889763779527 1598.4251968503936 322.8346456692913 141.73228346456693 né
1503.9370078740158 1598.4251968503936 179.5275590551181 141.73228346456693 à
1574.8031496062993 1598.4251968503936 393.7007874015748 141.73228346456693 Étampes
1825.1968503937007 1598.4251968503936 752.7559055118111 141.73228346456693 (Seine

628.3464566929134 1708.6614173228347 376.37795275590554 124.40944881889764 élève
910.2362204724409 1708.6614173228347 188.9763779527559 124.40944881889764 de
1004.7244094488188 1708.6614173228347 313.38582677165357 124.40944881889764 Renoux
1225.1968503937007 1708.6614173228347 188.9763779527559 124.40944881889764 et
1318.1102362204724 1708.6614173228347 188.9763779527559 124.40944881889764 de
1412.5984251968505 1708.6614173228347 188.9763779527559 124.40944881889764 M.
1475.5905511811025 1708.6614173228347 407.87401574803147 124.40944881889764 Rémond

533.8582677165355 1848.8188976377953 272.4409448818898 132.28346456692913 245.
703.9370078740158 1848.8188976377953 475.59055118110234 132.28346456692913 Crépuscule
1078.740157480315 1848.8188976377953 340.15748031496065 132.28346456692913 (Nubie
1281.8897637795276 1848.8188976377953 475.59055118110234 132.28346456692913 inférieure).

881.8897637795276 1971.6535433070867 159.0551181102362 103.93700787401575 H.
962.2047244094488 1971.6535433070867 212.5984251968504 103.93700787401575 1,00
1094.4881889763778 1971.6535433070867 132.28346456692913 103.93700787401575 —
1148.0314960629921 1971.6535433070867 159.0551181102362 103.93700787401575 L.
1226.7716535433071 1971.6535433070867 159.0551181102362 103.93700787401575 1,
1280.3149606299212 1971.6535433070867 132.28346456692913 103.93700787401575 43.

2066.1417322834645 2031.4960629921259 266.1417322834646 163.7795275590551 (Salon
2251.968503937008 2031.4960629921259 159.0551181102362 163.7795275590551 de
2305.511811023622 2031.4960629921259 212.5984251968504 163.7795275590551 1864.)

537.007874015748 2188.9763779527557 349.6062992125984 144.88188976377953 BRENDEL
790.5511811023622 2188.9763779527557 414.1732283464567 144.88188976377953 (ALBERT),
1108.6614173228347 2188.9763779527557 286.61417322834643 144.88188976377953 né
1300.7874015748032 2188.9763779527557 159.0551181102362 144.88188976377953 à
1363.7795275590552 2188.9763779527557 318.1102362204724 144.88188976377953 Berlin
1554.3307086614172 2188.9763779527557 477.1653543307087 144.88188976377953 (Prusse)

533.8582677165355 2338.582677165354 285.03937007874015 130.70866141732284 246.
711.8110236220473 2338.582677165354 426.7716535433071 130.70866141732284 Bergerie
1033.0708661417323 2338.582677165354 177.95275590551182 130.70866141732284 à
1067.716535433071 2338.582677165354 392.12598425196853 130.70866141732284 Barbison.

880.3149606299213 2462.9921259842517 166.9291338582677 113.38582677165354 H.
963.7795275590552 2462.9921259842517 251.96850393700788 113.38582677165354 1,15.
1132.283464566929 2462.9921259842517 140.15748031496062 113.38582677165354 —
1187.4015748031495 2462.9921259842517 166.9291338582677 113.38582677165354 L.
1244.0944881889764 2462.9921259842517 195.2755905511811 113.38582677165354 1,45.

2053.5433070866143 2494.488188976378 270.86614173228344 135.43307086614172 (Salon
2242.51968503937 2494.488188976378 162.20472440944883 135.43307086614172 de
2297.6377952755906 2494.488188976378 217.3228346456693 135.43307086614172 1863.)

530.7086614173228 2672.4409448818897 338.5826771653543 137.00787401574803 BRION
755.9055118110236 2672.4409448818897 525.9842519685039 137.00787401574803 (GUSTAVE).
1168.5039370078741 2672.4409448818897 338.5826771653543 137.00787401574803 (Voir
1393.7007874015749 2672.4409448818897 300.78740157480314 137.00787401574803 page
1544.8818897637796 2672.4409448818897 149.60629921259843 137.00787401574803 7.

533.8582677165355 2818.8976377952754 281.8897637795276 127.55905511811024 247.
708.6614173228346 2818.8976377952754 211.0236220472441 127.55905511811024 La
815.7480314960629 2818.8976377952754 247.24409448818898 127.55905511811024 fin
955.9055118110236 2818.8976377952754 211.0236220472441 127.55905511811024 du
1026.7716535433071 2818.8976377952754 316.53543307086613 127.55905511811024 Déluge.

803.1496062992126 2925.984251968504 303.93700787401576 99.21259842519684 .....
1004.7244094488188 2925.984251968504 203.1496062992126 99.21259842519684 La
1107.0866141732283 2925.984251968504 371.65354330708664 99.21259842519684 colombe
1377.9527559055118 2925.984251968504 338.5826771653543 99.21259842519684 revint
1614.1732283464567 2925.984251968504 338.5826771653543 99.21259842519684 auprès
1851.9685039370079 2925.984251968504 203.1496062992126 99.21259842519684 de
1952.755905511811 2925.984251968504 236.2204724409449 99.21259842519684 lui
2088.1889763779527 2925.984251968504 270.86614173228344 99.21259842519684 vers
2258.267716535433 2925.984251968504 203.1496062992126 99.21259842519684 le
2325.984251968504 2925.984251968504 236.2204724409449 99.21259842519684 soir;

737.007874015748 3015.748031496063 283.46456692913387 69.29133858267717 voilà
925.9842519685039 3015.748031496063 314.96062992125985 69.29133858267717 qu’une
1146.4566929133857 3015.748031496063 346.45669291338584 69.29133858267717 feuille
1400.0 3015.748031496063 377.9527559055118 69.29133858267717 arrachée
1683.4645669291338 3015.748031496063 251.96850393700788 69.29133858267717 d’un
1840.9448818897638 3015.748031496063 346.45669291338584 69.29133858267717 olivier
2092.9133858267714 3015.748031496063 283.46456692913387 69.29133858267717 était
2283.464566929134 3015.748031496063 251.96850393700788 69.29133858267717 dans
2409.448818897638 3015.748031496063 157.48031496062993 69.29133858267717 son

735.4330708661417 3077.165354330709 261.4173228346457 114.96062992125984 bec;
899.2125984251968 3077.165354330709 294.48818897637796 114.96062992125984 alors
1096.0629921259842 3077.165354330709 228.3464566929134 114.96062992125984 Noé
1226.7716535433071 3077.165354330709 360.62992125984255 114.96062992125984 comprit
1488.1889763779527 3077.165354330709 228.3464566929134 114.96062992125984 que
1618.8976377952756 3077.165354330709 228.3464566929134 114.96062992125984 les
1749.6062992125985 3077.165354330709 261.4173228346457 114.96062992125984 eaux
1913.3858267716535 3077.165354330709 360.62992125984255 114.96062992125984 avaient
2176.3779527559054 3077.165354330709 360.62992125984255 114.96062992125984 diminué
2404.7244094488187 3077.165354330709 163.7795275590551 114.96062992125984 sur

737.007874015748 3149.6062992125985 177.95275590551182 94.48818897637796 la
796.8503937007874 3149.6062992125985 237.79527559055117 94.48818897637796 terre.

1658.267716535433 3179.527559055118 370.0787401574803 173.22834645669292 (Genèse
1965.3543307086613 3179.527559055118 143.30708661417322 173.22834645669292 ch.
2048.818897637795 3179.527559055118 184.251968503937 173.22834645669292 VIII,
2171.6535433070867 3179.527559055118 122.83464566929133 173.22834645669292 v.
2212.5984251968503 3179.527559055118 122.83464566929133 173.22834645669292 11.)

875.5905511811023 3233.0708661417325 171.6535433070866 141.73228346456693 H.
960.6299212598425 3233.0708661417325 258.26771653543307 141.73228346456693 0,90.
1133.8582677165355 3233.0708661417325 143.30708661417322 141.73228346456693 —
1190.5511811023623 3233.0708661417325 171.6535433070866 141.73228346456693 L.
1248.8188976377953 3233.0708661417325 171.6535433070866 141.73228346456693 1,60

2051.968503937008 3310.236220472441 266.1417322834646 130.70866141732284 (Salon
2239.3700787401576 3310.236220472441 160.62992125984252 130.70866141732284 de
2292.9133858267714 3310.236220472441 214.17322834645668 130.70866141732284 1864.)

529.1338582677165 3527.5590551181103 385.8267716535433 152.75590551181102 CHAPLIN
809.4488188976378 3527.5590551181103 491.33858267716533 152.75590551181102 (CHABIES),
1195.275590551181 3527.5590551181103 316.53543307086613 152.75590551181102 né
1406.2992125984251 3527.5590551181103 245.66929133858267 152.75590551181102 aux
1546.4566929133857 3527.5590551181103 385.8267716535433 152.75590551181102 Andelys
1828.3464566929133 3527.5590551181103 385.8267716535433 152.75590551181102 (Eure),
2108.6614173228345 3527.5590551181103 316.53543307086613 152.75590551181102 élève
2285.0393700787404 3527.5590551181103 280.31496062992125 152.75590551181102 de

609.4488188976378 3628.3464566929133 385.8267716535433 110.23622047244095 Dralling

527.5590551181102 3748.031496062992 270.86614173228344 143.30708661417322 248.
697.6377952755905 3748.031496062992 237.79527559055117 143.30708661417322 Les
833.0708661417323 3748.031496062992 338.5826771653543 143.30708661417322 bulles
1070.8661417322835 3748.031496062992 203.1496062992126 143.30708661417322 de
1138.5826771653544 3748.031496062992 270.86614173228344 143.30708661417322 savon.

875.5905511811023 3870.8661417322833 159.0551181102362 135.43307086614172 H.
955.9055118110236 3870.8661417322833 237.79527559055117 135.43307086614172 1,15.
1114.9606299212599 3870.8661417322833 132.28346456692913 135.43307086614172 —
1166.9291338582677 3870.8661417322833 159.0551181102362 135.43307086614172 L.
1247.244094488189 3870.8661417322833 237.79527559055117 135.43307086614172 0,90.
1404.724409448819 3870.8661417322833 132.28346456692913 135.43307086614172 —
1458.267716535433 3870.8661417322833 529.1338582677165 135.43307086614172 Demi-figure,zgr.
1881.8897637795276 3870.8661417322833 159.0551181102362 135.43307086614172 Inat

2129.1338582677167 3914.9606299212596 185.82677165354332 137.00787401574803 lon
2236.220472440945 3914.9606299212596 159.0551181102362 137.00787401574803 de
2288.1889763779527 3914.9606299212596 212.5984251968504 137.00787401574803 1864.)
