2922.834645669291 4921.259842519685
869.2913385826772 503.93700787401576 576.3779527559055 148.03149606299212 SUPPLÉMENT.

1995.275590551181 530.7086614173228 220.4724409448819 138.58267716535434 55

185.82677165354332 692.9133858267717 316.53543307086613 165.35433070866142 CIBOT
395.2755905511811 692.9133858267717 491.33858267716533 165.35433070866142 (ÉDOUARD),
781.1023622047244 692.9133858267717 316.53543307086613 165.35433070866142 né
992.1259842519685 692.9133858267717 174.8031496062992 165.35433070866142 à
1062.992125984252 692.9133858267717 351.18110236220474 165.35433070866142 Paris,
1308.6614173228347 692.9133858267717 316.53543307086613 165.35433070866142 élève
1518.1102362204724 692.9133858267717 211.0236220472441 165.35433070866142 de
1623.6220472440946 692.9133858267717 351.18110236220474 165.35433070866142 Guérin
1869.291338582677 692.9133858267717 211.0236220472441 165.35433070866142 et
1940.1574803149606 692.9133858267717 280.31496062992125 165.35433070866142 de

278.74015748031496 814.1732283464567 292.9133858267717 121.25984251968504 M.
474.01574803149606 814.1732283464567 325.98425196850394 121.25984251968504 Picot,
702.3622047244095 814.1732283464567 423.62204724409446 121.25984251968504 chevalier
1026.7716535433071 814.1732283464567 195.2755905511811 121.25984251968504 de
1124.4094488188975 814.1732283464567 195.2755905511811 121.25984251968504 la
1222.0472440944882 814.1732283464567 650.3937007874016 121.25984251968504 Légion-d’Honneur
1774.8031496062993 814.1732283464567 325.98425196850394 121.25984251968504 en
1970.0787401574803 814.1732283464567 228.3464566929134 121.25984251968504 1863.

190.5511811023622 944.8818897637796 264.56692913385825 97.63779527559055 249.
355.90551181102364 944.8818897637796 198.4251968503937 97.63779527559055 Le
455.11811023622045 944.8818897637796 395.2755905511811 97.63779527559055 gouffre,
751.1811023622047 944.8818897637796 264.56692913385825 97.63779527559055 près
916.5354330708661 944.8818897637796 428.34645669291336 97.63779527559055 Seineport
1212.5984251968505 944.8818897637796 626.7716535433071 97.63779527559055 (Seine

525.9842519685039 1042.5196850393702 176.3779527559055 118.11023622047244 H.
614.1732283464567 1042.5196850393702 264.56692913385825 118.11023622047244 0,65.
790.5511811023622 1042.5196850393702 146.45669291338584 118.11023622047244 —
850.3937007874016 1042.5196850393702 176.3779527559055 118.11023622047244 L.
908.6614173228346 1042.5196850393702 206.29921259842519 118.11023622047244 1,02.

1702.3622047244094 1102.3622047244094 272.4409448818898 132.28346456692913 (Salon
1892.9133858267717 1102.3622047244094 163.7795275590551 132.28346456692913 de
1946.4566929133857 1102.3622047244094 217.3228346456693 132.28346456692913 1864.)

203.1496062992126 1211.023622047244 319.68503937007875 184.251968503937 DAUBAN
426.7716535433071 1211.023622047244 384.251968503937 184.251968503937 (JULES),
714.9606299212599 1211.023622047244 288.18897637795277 184.251968503937 né
907.0866141732283 1211.023622047244 160.62992125984252 184.251968503937 à
971.6535433070866 1211.023622047244 319.68503937007875 184.251968503937 Paris,
1195.275590551181 1211.023622047244 288.18897637795277 184.251968503937 élève
1387.4015748031495 1211.023622047244 192.1259842519685 184.251968503937 de
1483.4645669291338 1211.023622047244 192.1259842519685 184.251968503937 M.
1579.5275590551182 1211.023622047244 192.1259842519685 184.251968503937 A.
1675.5905511811025 1211.023622047244 192.1259842519685 184.251968503937 de
1740.1574803149606 1211.023622047244 319.68503937007875 184.251968503937 Bay

196.8503937007874 1384.251968503937 264.56692913385825 127.55905511811024 250.
362.20472440944883 1384.251968503937 429.9212598425197 127.55905511811024 Réception
692.9133858267717 1384.251968503937 264.56692913385825 127.55905511811024 d’un
858.2677165354331 1384.251968503937 396.8503937007874 127.55905511811024 étranger
1154.3307086614172 1384.251968503937 264.56692913385825 127.55905511811024 chez
1319.6850393700788 1384.251968503937 231.49606299212599 127.55905511811024 les
1418.8976377952756 1384.251968503937 429.9212598425197 127.55905511811024 trappistes.

543.3070866141733 1496.0629921259842 154.33070866141733 155.90551181102362 H.
620.4724409448819 1496.0629921259842 231.49606299212599 155.90551181102362 1,28.
774.8031496062993 1496.0629921259842 129.13385826771653 155.90551181102362 —
826.7716535433071 1496.0629921259842 154.33070866141733 155.90551181102362 L.
903.9370078740158 1496.0629921259842 231.49606299212599 155.90551181102362 1,62.
1058.267716535433 1496.0629921259842 129.13385826771653 155.90551181102362 —
1110.236220472441 1496.0629921259842 206.29921259842519 155.90551181102362 Fig.
1237.7952755905512 1496.0629921259842 154.33070866141733 155.90551181102362 de
1314.9606299212599 1496.0629921259842 154.33070866141733 155.90551181102362 0,
1366.9291338582677 1496.0629921259842 129.13385826771653 155.90551181102362 70.

1714.9606299212599 1537.007874015748 269.29133858267716 119.68503937007874 (Salon
1902.3622047244094 1537.007874015748 160.62992125984252 119.68503937007874 de
1957.4803149606298 1537.007874015748 215.748031496063 119.68503937007874 1864.)

201.5748031496063 1683.4645669291338 447.244094488189 121.25984251968504 DUVERGER
538.5826771653543 1683.4645669291338 932.2834645669292 121.25984251968504 (THÉOPHILE-EMMANUEL),
1359.0551181102362 1683.4645669291338 299.21259842519686 121.25984251968504 à
1508.6614173228347 1683.4645669291338 559.0551181102362 121.25984251968504 Bordeaux

203.1496062992126 1818.8976377952756 283.46456692913387 118.11023622047244 251.
346.45669291338584 1818.8976377952756 496.06299212598424 118.11023622047244 Cache

551.1811023622047 1905.5118110236222 159.0551181102362 151.1811023622047 H.
631.496062992126 1905.5118110236222 159.0551181102362 151.1811023622047 0,
710.2362204724409 1905.5118110236222 184.251968503937 151.1811023622047 42.
815.7480314960629 1905.5118110236222 132.28346456692913 151.1811023622047 —
867.7165354330708 1905.5118110236222 159.0551181102362 151.1811023622047 L.
948.0314960629921 1905.5118110236222 237.79527559055117 151.1811023622047 0,64.
1105.5118110236222 1905.5118110236222 132.28346456692913 151.1811023622047 —
1159.0551181102362 1905.5118110236222 211.0236220472441 151.1811023622047 Fig.
1289.763779527559 1905.5118110236222 159.0551181102362 151.1811023622047 de
1343.3070866141732 1905.5118110236222 184.251968503937 151.1811023622047 0,22.

1722.8346456692914 1984.251968503937 270.86614173228344 133.85826771653544 (Salon
1911.8110236220473 1984.251968503937 162.20472440944883 133.85826771653544 de
1966.9291338582677 1984.251968503937 217.3228346456693 133.85826771653544 1864.)

204.7244094488189 2097.6377952755906 466.1417322834646 125.98425196850394 FLANDRIN
554.3307086614174 2097.6377952755906 620.4724409448819 125.98425196850394 (HIPPOLYTE).
1058.267716535433 2097.6377952755906 349.6062992125984 125.98425196850394 (Voir
1291.3385826771653 2097.6377952755906 310.23622047244095 125.98425196850394 page
1447.244094488189 2097.6377952755906 193.70078740157481 125.98425196850394 16.

206.29921259842519 2236.220472440945 272.4409448818898 111.81102362204724 252.
377.9527559055118 2236.220472440945 409.4488188976378 111.81102362204724 Portrait
683.4645669291339 2236.220472440945 204.7244094488189 111.81102362204724 de
785.8267716535433 2236.220472440945 204.7244094488189 111.81102362204724 S.
888.1889763779527 2236.220472440945 204.7244094488189 111.81102362204724 M.
957.4803149606299 2236.220472440945 442.5196850393701 111.81102362204724 l’Empereur.

549.6062992125984 2355.9055118110236 165.35433070866142 146.45669291338584 H.
633.0708661417323 2355.9055118110236 248.8188976377953 146.45669291338584 2,10.
798.4251968503937 2355.9055118110236 138.58267716535434 146.45669291338584 —
853.5433070866142 2355.9055118110236 165.35433070866142 146.45669291338584 L.
908.6614173228346 2355.9055118110236 193.70078740157481 146.45669291338584 1,45.

1735.4330708661416 2388.9763779527557 262.99212598425197 146.45669291338584 (Salon
1919.6850393700788 2388.9763779527557 157.48031496062993 146.45669291338584 de
1973.2283464566929 2388.9763779527557 211.0236220472441 146.45669291338584 1863.)

215.748031496063 2486.6141732283463 447.244094488189 203.1496062992126 FLANDRIN
552.7559055118111 2486.6141732283463 411.0236220472441 203.1496062992126 (PAUL).
850.3937007874016 2486.6141732283463 335.43307086614175 203.1496062992126 (Voir
1074.015748031496 2486.6141732283463 299.21259842519686 203.1496062992126 page
1223.6220472440946 2486.6141732283463 223.6220472440945 203.1496062992126 16.)

215.748031496063 2651.968503937008 277.1653543307087 127.55905511811024 253.
388.9763779527559 2651.968503937008 207.8740157480315 127.55905511811024 La
492.9133858267717 2651.968503937008 451.9685039370079 127.55905511811024 solitude,
806.2992125984252 2651.968503937008 346.45669291338584 127.55905511811024 paysage.

563.7795275590552 2762.2047244094488 157.48031496062993 103.93700787401575 H.
642.5196850393701 2762.2047244094488 157.48031496062993 103.93700787401575 0,
721.2598425196851 2762.2047244094488 182.6771653543307 103.93700787401575 60.
825.1968503937007 2762.2047244094488 130.70866141732284 103.93700787401575 —
878.7401574803149 2762.2047244094488 157.48031496062993 103.93700787401575 L.
930.7086614173228 2762.2047244094488 182.6771653543307 103.93700787401575 0,50.

222.04724409448818 2929.1338582677167 338.5826771653543 86.61417322834646 GLAIZE
459.84251968503935 2929.1338582677167 847.2440944881889 86.61417322834646 (AUGUSTE-BARTHÉLEMY),
1206.2992125984251 2929.1338582677167 305.51181102362204 86.61417322834646 né
1409.4488188976377 2929.1338582677167 170.07874015748033 86.61417322834646 à
1477.1653543307086 2929.1338582677167 541.7322834645669 86.61417322834646 Montpellier,
1883.4645669291338 2929.1338582677167 373.2283464566929 86.61417322834646 élève

311.81102362204723 3017.3228346456694 508.66141732283467 96.06299212598425 d’Achille
724.4094488188977 3017.3228346456694 349.6062992125984 96.06299212598425 Devéria
979.5275590551181 3017.3228346456694 190.5511811023622 96.06299212598425 et
1075.5905511811025 3017.3228346456694 190.5511811023622 96.06299212598425 de
1170.0787401574803 3017.3228346456694 190.5511811023622 96.06299212598425 M.
1266.1417322834645 3017.3228346456694 318.1102362204724 96.06299212598425 Eugène
1488.1889763779527 3017.3228346456694 381.1023622047244 96.06299212598425 Devéria,
1743.3070866141732 3017.3228346456694 508.66141732283467 96.06299212598425 chevalier

311.81102362204723 3091.3385826771655 277.1653543307087 105.51181102362204 de
497.6377952755906 3091.3385826771655 185.82677165354332 105.51181102362204 la
590.5511811023622 3091.3385826771655 617.3228346456693 105.51181102362204 Légion-d’Honneur
1114.9606299212599 3091.3385826771655 308.66141732283467 105.51181102362204 en
1300.7874015748032 3091.3385826771655 215.748031496063 105.51181102362204 1855.

226.77165354330708 3198.4251968503936 267.7165354330709 135.43307086614172 254.
393.7007874015748 3198.4251968503936 234.64566929133858 135.43307086614172 Les
494.48818897637796 3198.4251968503936 333.8582677165354 135.43307086614172 écueils.

576.3779527559055 3292.9133858267714 152.75590551181102 122.83464566929133 H.
651.9685039370079 3292.9133858267714 152.75590551181102 122.83464566929133 1,
729.1338582677165 3292.9133858267714 177.95275590551182 122.83464566929133 22.
831.496062992126 3292.9133858267714 127.55905511811024 122.83464566929133 —
881.8897637795276 3292.9133858267714 152.75590551181102 122.83464566929133 L.
959.0551181102362 3292.9133858267714 229.92125984251967 122.83464566929133 2,50.
1111.8110236220473 3292.9133858267714 127.55905511811024 122.83464566929133 —
1162.2047244094488 3292.9133858267714 204.7244094488189 122.83464566929133 Fig.
1289.763779527559 3292.9133858267714 152.75590551181102 122.83464566929133 de
1366.9291338582677 3292.9133858267714 152.75590551181102 122.83464566929133 0,
1417.3228346456692 3292.9133858267714 127.55905511811024 122.83464566929133 60.

233.0708661417323 3459.8425196850394 362.20472440944883 105.51181102362204 HAMMAN
486.61417322834643 3459.8425196850394 941.7322834645669 105.51181102362204 (ÉDOUARD-JEAN-CONRAD),
1319.6850393700788 3459.8425196850394 325.98425196850394 105.51181102362204 né
1537.007874015748 3459.8425196850394 181.10236220472441 105.51181102362204 à
1609.4488188976377 3459.8425196850394 398.4251968503937 105.51181102362204 Ostende
1862.992125984252 3459.8425196850394 398.4251968503937 105.51181102362204 (Bel

318.1102362204724 3548.031496062992 444.09448818897636 111.81102362204724 gique),
666.1417322834645 3548.031496062992 412.59842519685037 111.81102362204724 chevalier
984.2519685039371 3548.031496062992 190.5511811023622 111.81102362204724 de
1078.740157480315 3548.031496062992 190.5511811023622 111.81102362204724 la
1174.8031496062993 3548.031496062992 634.6456692913385 111.81102362204724 Légion-d’Honneur
1713.3858267716535 3548.031496062992 316.53543307086613 111.81102362204724 en
1903.9370078740158 3548.031496062992 222.04724409448818 111.81102362204724 1864.

231.49606299212599 3653.5433070866143 311.81102362204723 157.48031496062993 255.
426.7716535433071 3653.5433070866143 429.9212598425197 157.48031496062993 Enfance
738.5826771653543 3653.5433070866143 234.64566929133858 157.48031496062993 de
856.6929133858267 3653.5433070866143 702.3622047244095 157.48031496062993 Charles-Quint;
1442.5196850393702 3653.5433070866143 272.4409448818898 157.48031496062993 une
1598.4251968503936 3653.5433070866143 429.9212598425197 157.48031496062993 lecture
1870.8661417322835 3653.5433070866143 390.5511811023622 157.48031496062993 d’Erasme

507.0866141732283 3738.582677165354 464.56692913385825 99.21259842519684 (Bruxelles
839.3700787401575 3738.582677165354 264.56692913385825 99.21259842519684 1511).

582.6771653543307 3829.9212598425197 151.1811023622047 177.95275590551182 H.
658.2677165354331 3829.9212598425197 151.1811023622047 177.95275590551182 0,
733.8582677165355 3829.9212598425197 176.3779527559055 177.95275590551182 72.
834.6456692913385 3829.9212598425197 125.98425196850394 177.95275590551182 —
883.4645669291339 3829.9212598425197 151.1811023622047 177.95275590551182 L.
959.0551181102362 3829.9212598425197 226.77165354330708 177.95275590551182 0,92.
1110.236220472441 3829.9212598425197 125.98425196850394 177.95275590551182 —
1160.6299212598426 3829.9212598425197 201.5748031496063 177.95275590551182 Fig.
1286.6141732283465 3829.9212598425197 151.1811023622047 177.95275590551182 de
1360.6299212598426 3829.9212598425197 151.1811023622047 177.95275590551182 0,
1411.023622047244 3829.9212598425197 125.98425196850394 177.95275590551182 45.

1754.3307086614172 3899.212598425197 266.1417322834646 127.55905511811024 (Salon
1940.1574803149606 3899.212598425197 159.0551181102362 127.55905511811024 de
1993.7007874015749 3899.212598425197 212.5984251968504 127.55905511811024 1863.)
