2787.4015748031497 4951.181102362205
445.6692913385827 491.33858267716533 229.92125984251967 168.50393700787401 56

1215.748031496063 469.29133858267716 581.1023622047244 182.6771653543307 SUPPLÉMENT.

521.2598425196851 696.0629921259842 390.5511811023622 132.28346456692913 LANOUE
795.2755905511812 696.0629921259842 859.8425196850394 132.28346456692913 (FÉLIX-HIPPOLYTE).
1538.5826771653544 696.0629921259842 351.18110236220474 132.28346456692913 (Voir
1773.2283464566929 696.0629921259842 313.38582677165357 132.28346456692913 page
1929.1338582677165 696.0629921259842 195.2755905511811 132.28346456692913 26)

519.6850393700787 811.0236220472441 291.33858267716533 146.45669291338584 256.
702.3622047244095 811.0236220472441 255.11811023622047 146.45669291338584 Vue
847.2440944881889 811.0236220472441 218.89763779527559 146.45669291338584 du
955.9055118110236 811.0236220472441 363.7795275590551 146.45669291338584 Tibre,
1211.023622047244 811.0236220472441 327.5590551181102 146.45669291338584 prise
1429.9212598425197 811.0236220472441 218.89763779527559 146.45669291338584 de
1538.5826771653544 811.0236220472441 691.3385826771654 146.45669291338584 l’Aqua-Acetosa:
2121.259842519685 811.0236220472441 437.79527559055117 146.45669291338584 campagne
2412.5984251968503 811.0236220472441 146.45669291338584 146.45669291338584 de

737.007874015748 940.1574803149606 324.40944881889766 110.23622047244095 Rome.

870.8661417322835 1029.9212598425197 155.90551181102362 140.15748031496062 H.
948.0314960629921 1029.9212598425197 155.90551181102362 140.15748031496062 0,
1025.1968503937007 1029.9212598425197 181.10236220472441 140.15748031496062 75.
1129.1338582677165 1029.9212598425197 129.13385826771653 140.15748031496062 —
1181.1023622047244 1029.9212598425197 155.90551181102362 140.15748031496062 L.
1233.0708661417323 1029.9212598425197 181.10236220472441 140.15748031496062 1,50.

2036.2204724409448 1042.5196850393702 275.59055118110234 146.45669291338584 (Salon
2228.3464566929133 1042.5196850393702 165.35433070866142 146.45669291338584 de
2283.464566929134 1042.5196850393702 220.4724409448819 146.45669291338584 1864.)

522.8346456692914 1228.3464566929133 385.8267716535433 149.60629921259843 LELEUX
792.1259842519685 1228.3464566929133 500.78740157480314 149.60629921259843 (ARMAND).
1177.9527559055118 1228.3464566929133 346.45669291338584 149.60629921259843 (Voir
1407.8740157480315 1228.3464566929133 308.66141732283467 149.60629921259843 page
1562.2047244094488 1228.3464566929133 231.49606299212599 149.60629921259843 28.)

525.9842519685039 1395.275590551181 264.56692913385825 122.83464566929133 257.
691.3385826771654 1395.275590551181 198.4251968503937 122.83464566929133 La
790.5511811023622 1395.275590551181 330.70866141732284 122.83464566929133 partie
1020.4724409448819 1395.275590551181 428.34645669291336 122.83464566929133 d’êchecs:
1351.1811023622047 1395.275590551181 297.6377952755906 122.83464566929133 abbés
1516.5354330708662 1395.275590551181 362.20472440944883 122.83464566929133 italiens.

874.0157480314961 1535.4330708661416 162.20472440944883 124.40944881889764 H.
954.3307086614174 1535.4330708661416 162.20472440944883 124.40944881889764 0,
1036.2204724409448 1535.4330708661416 188.9763779527559 124.40944881889764 72.
1143.3070866141732 1535.4330708661416 135.43307086614172 124.40944881889764 —
1198.4251968503936 1535.4330708661416 162.20472440944883 124.40944881889764 L.
1278.740157480315 1535.4330708661416 242.51968503937007 124.40944881889764 0,65.
1440.9448818897638 1535.4330708661416 135.43307086614172 124.40944881889764 —
1494.4881889763778 1535.4330708661416 215.748031496063 124.40944881889764 Fig.
1629.9212598425197 1535.4330708661416 162.20472440944883 124.40944881889764 de
1683.4645669291338 1535.4330708661416 188.9763779527559 124.40944881889764 0,35.

2031.4960629921259 1571.6535433070867 277.1653543307087 143.30708661417322 (Salon
2226.771653543307 1571.6535433070867 166.9291338582677 143.30708661417322 de
2281.8897637795276 1571.6535433070867 222.04724409448818 143.30708661417322 1864.)

535.4330708661417 1727.5590551181103 322.8346456692913 166.9291338582677 LEROUX
760.6299212598425 1727.5590551181103 418.8976377952756 166.9291338582677 (EUGÈNE),
1083.4645669291338 1727.5590551181103 289.76377952755905 166.9291338582677 né
1277.1653543307086 1727.5590551181103 160.62992125984252 166.9291338582677 à
1341.732283464567 1727.5590551181103 322.8346456692913 166.9291338582677 Paris,
1566.9291338582677 1727.5590551181103 289.76377952755905 166.9291338582677 élève
1760.6299212598426 1727.5590551181103 193.70078740157481 166.9291338582677 de
1856.6929133858268 1727.5590551181103 193.70078740157481 166.9291338582677 M.
1921.259842519685 1727.5590551181103 387.40157480314963 166.9291338582677 Picot

529.1338582677165 1929.1338582677165 275.59055118110234 100.78740157480316 258.
702.3622047244095 1929.1338582677165 207.8740157480315 100.78740157480316 Le
804.7244094488188 1929.1338582677165 518.1102362204724 100.78740157480316 nouveau-né,
1220.4724409448818 1929.1338582677165 448.81889763779526 100.78740157480316 intérieur
1530.708661417323 1929.1338582677165 448.81889763779526 100.78740157480316 bas

874.0157480314961 2015.748031496063 163.7795275590551 116.53543307086615 H.
955.9055118110236 2015.748031496063 218.89763779527559 116.53543307086615 1,00
1091.3385826771653 2015.748031496063 137.00787401574803 116.53543307086615 —
1146.4566929133857 2015.748031496063 163.7795275590551 116.53543307086615 L.
1228.3464566929133 2015.748031496063 245.66929133858267 116.53543307086615 1,30.
1392.1259842519685 2015.748031496063 137.00787401574803 116.53543307086615 —
1447.244094488189 2015.748031496063 218.89763779527559 116.53543307086615 Fig.
1584.251968503937 2015.748031496063 163.7795275590551 116.53543307086615 de
1639.3700787401574 2015.748031496063 190.5511811023622 116.53543307086615 0,60.

2040.9448818897638 2047.244094488189 275.59055118110234 174.8031496062992 (Salon
2233.0708661417325 2047.244094488189 165.35433070866142 174.8031496062992 de
2288.1889763779527 2047.244094488189 220.4724409448819 174.8031496062992 1864,)

546.4566929133858 2195.2755905511813 329.13385826771656 163.7795275590551 LEROUX
776.3779527559055 2195.2755905511813 426.7716535433071 163.7795275590551 (HECTOR),
1105.5118110236222 2195.2755905511813 296.06299212598424 163.7795275590551 né
1302.3622047244094 2195.2755905511813 163.7795275590551 163.7795275590551 à
1368.5039370078741 2195.2755905511813 362.20472440944883 163.7795275590551 Verdun,
1631.4960629921259 2195.2755905511813 296.06299212598424 163.7795275590551 élève
1828.3464566929133 2195.2755905511813 196.8503937007874 163.7795275590551 de
1927.5590551181103 2195.2755905511813 196.8503937007874 163.7795275590551 M.
1993.7007874015749 2195.2755905511813 393.7007874015748 163.7795275590551 Picot

529.1338582677165 2395.2755905511813 285.03937007874015 119.68503937007874 259.
708.6614173228346 2395.2755905511813 535.4330708661417 119.68503937007874 Funérailles
1135.4330708661416 2395.2755905511813 214.17322834645668 119.68503937007874 au
1242.5196850393702 2395.2755905511813 535.4330708661417 119.68503937007874 columbarium
1670.8661417322835 2395.2755905511813 214.17322834645668 119.68503937007874 de
1777.9527559055118 2395.2755905511813 214.17322834645668 119.68503937007874 la
1885.0393700787401 2395.2755905511813 355.90551181102364 119.68503937007874 maison
2133.8582677165355 2395.2755905511813 250.39370078740157 119.68503937007874 des
2240.9448818897636 2395.2755905511813 321.25984251968504 119.68503937007874 Césars,

793.7007874015748 2480.314960629921 330.70866141732284 127.55905511811024 porte
1014.1732283464567 2480.314960629921 368.503937007874 127.55905511811024 Capène
1270.8661417322835 2480.314960629921 184.251968503937 127.55905511811024 à
1308.6614173228347 2480.314960629921 256.6929133858268 127.55905511811024 Rome.

878.7401574803149 2557.48031496063 157.48031496062993 176.3779527559055 H.
957.4803149606299 2557.48031496063 157.48031496062993 176.3779527559055 1,
1036.2204724409448 2557.48031496063 182.6771653543307 176.3779527559055 40.
1141.732283464567 2557.48031496063 130.70866141732284 176.3779527559055 —
1193.7007874015749 2557.48031496063 157.48031496062993 176.3779527559055 L.
1272.4409448818897 2557.48031496063 209.4488188976378 176.3779527559055 1,00
1403.1496062992126 2557.48031496063 130.70866141732284 176.3779527559055 —
1455.1181102362204 2557.48031496063 209.4488188976378 176.3779527559055 Fig.
1585.8267716535433 2557.48031496063 157.48031496062993 176.3779527559055 de
1639.3700787401574 2557.48031496063 182.6771653543307 176.3779527559055 0,50.

2056.6929133858266 2615.748031496063 266.1417322834646 135.43307086614172 (Salon
2244.0944881889764 2615.748031496063 160.62992125984252 135.43307086614172 de
2297.6377952755906 2615.748031496063 214.17322834645668 135.43307086614172 1864.)

532.2834645669292 2806.299212598425 423.62204724409446 149.60629921259843 MARCHAL
839.3700787401575 2806.299212598425 886.6141732283464 149.60629921259843 (CHARLES-FRANÇOIS).
1611.023622047244 2806.299212598425 346.45669291338584 149.60629921259843 (Voir
1842.5196850393702 2806.299212598425 308.66141732283467 149.60629921259843 page
1996.8503937007874 2806.299212598425 231.49606299212599 149.60629921259843 29.)

533.8582677165355 2965.3543307086616 277.1653543307087 135.43307086614172 260.
707.0866141732283 2965.3543307086616 207.8740157480315 135.43307086614172 La
811.0236220472441 2965.3543307086616 311.81102362204723 135.43307086614172 foire
1017.3228346456693 2965.3543307086616 242.51968503937007 135.43307086614172 aux
1155.9055118110236 2965.3543307086616 483.46456692913387 135.43307086614172 servantes,
1537.007874015748 2965.3543307086616 173.22834645669292 135.43307086614172 à
1606.2992125984251 2965.3543307086616 483.46456692913387 135.43307086614172 Bouxwiller
1951.1811023622047 2965.3543307086616 381.1023622047244 135.43307086614172 (Alsace).

883.4645669291339 3075.5905511811025 159.0551181102362 111.81102362204724 H.
963.7795275590552 3075.5905511811025 159.0551181102362 111.81102362204724 1,
1042.5196850393702 3075.5905511811025 185.82677165354332 111.81102362204724 10.
1148.0314960629921 3075.5905511811025 132.28346456692913 111.81102362204724 —
1201.5748031496064 3075.5905511811025 159.0551181102362 111.81102362204724 L.
1280.3149606299212 3075.5905511811025 237.79527559055117 111.81102362204724 1,75.
1439.3700787401574 3075.5905511811025 132.28346456692913 111.81102362204724 —
1492.9133858267717 3075.5905511811025 211.0236220472441 111.81102362204724 Fig.
1625.1968503937007 3075.5905511811025 159.0551181102362 111.81102362204724 de
1677.1653543307086 3075.5905511811025 185.82677165354332 111.81102362204724 0,60.

2062.9921259842517 3113.3858267716537 264.56692913385825 103.93700787401575 (Salon
2248.818897637795 3113.3858267716537 159.0551181102362 103.93700787401575 de
2302.3622047244094 3113.3858267716537 212.5984251968504 103.93700787401575 1864.)

540.1574803149606 3302.3622047244094 481.8897637795276 141.73228346456693 MEISSONIER
918.1102362204724 3302.3622047244094 825.1968503937007 141.73228346456693 (JEAN-LOUIS-ERNEST),
1640.9448818897638 3302.3622047244094 308.66141732283467 141.73228346456693 né
1847.244094488189 3302.3622047244094 171.6535433070866 141.73228346456693 à
1914.9606299212599 3302.3622047244094 308.66141732283467 141.73228346456693 Lyon,
2121.259842519685 3302.3622047244094 308.66141732283467 141.73228346456693 élève
2292.9133858267714 3302.3622047244094 275.59055118110234 141.73228346456693 de

623.6220472440945 3382.6771653543306 215.748031496063 118.11023622047244 M.
732.2834645669292 3382.6771653543306 288.18897637795277 118.11023622047244 Léon
911.8110236220473 3382.6771653543306 433.07086614173227 118.11023622047244 Cogniet;
1236.2204724409448 3382.6771653543306 469.29133858267716 118.11023622047244 chevalier
1596.8503937007874 3382.6771653543306 215.748031496063 118.11023622047244 de
1705.5118110236222 3382.6771653543306 215.748031496063 118.11023622047244 la
1776.3779527559054 3382.6771653543306 793.7007874015748 118.11023622047244 Légion

631.496062992126 3483.464566929134 393.7007874015748 97.63779527559055 en
933.8582677165355 3483.464566929134 272.4409448818898 97.63779527559055 1846,
1114.9606299212599 3483.464566929134 453.54330708661416 97.63779527559055 officier
1478.740157480315 3483.464566929134 181.10236220472441 97.63779527559055 de
1568.5039370078741 3483.464566929134 181.10236220472441 97.63779527559055 la
1659.8425196850394 3483.464566929134 604.7244094488188 97.63779527559055 Légion-d’Honneur
2173.228346456693 3483.464566929134 302.3622047244094 97.63779527559055 en
2355.9055118110236 3483.464566929134 211.0236220472441 97.63779527559055 1856;

629.9212598425197 3563.779527559055 401.5748031496063 108.66141732283465 membre
938.5826771653543 3563.779527559055 185.82677165354332 108.66141732283465 de
1031.4960629921259 3563.779527559055 431.496062992126 108.66141732283465 l’Institut
1370.0787401574803 3563.779527559055 308.66141732283467 108.66141732283465 en
1555.9055118110236 3563.779527559055 215.748031496063 108.66141732283465 1861.

541.7322834645669 3699.212598425197 280.31496062992125 125.98425196850394 261.
716.5354330708661 3699.212598425197 491.33858267716533 125.98425196850394 L’Empereur
1102.3622047244094 3699.212598425197 174.8031496062992 125.98425196850394 à
1138.5826771653544 3699.212598425197 420.4724409448819 125.98425196850394 Solférino.

892.9133858267717 3814.1732283464567 151.1811023622047 149.60629921259843 H.
968.503937007874 3814.1732283464567 151.1811023622047 149.60629921259843 0,
1044.0944881889764 3814.1732283464567 176.3779527559055 149.60629921259843 45.
1144.8818897637796 3814.1732283464567 125.98425196850394 149.60629921259843 —
1195.275590551181 3814.1732283464567 151.1811023622047 149.60629921259843 L.
1270.8661417322835 3814.1732283464567 151.1811023622047 149.60629921259843 0,
1346.4566929133857 3814.1732283464567 176.3779527559055 149.60629921259843 75.
1448.8188976377953 3814.1732283464567 125.98425196850394 149.60629921259843 —
1499.2125984251968 3814.1732283464567 201.5748031496063 149.60629921259843 Fig.
1625.1968503937007 3814.1732283464567 151.1811023622047 149.60629921259843 de
1675.5905511811025 3814.1732283464567 176.3779527559055 149.60629921259843 0,07.

2059.8425196850394 3825.196850393701 272.4409448818898 140.15748031496062 (Salon
2250.3937007874015 3825.196850393701 163.7795275590551 140.15748031496062 de
2303.9370078740158 3825.196850393701 217.3228346456693 140.15748031496062 1864.)
