<alto xmlns:xsi="http://www.w3.org/2001/XMLSchema-instance" xmlns="http://www.loc.gov/standards/alto/ns-v2#" xmlns:page="http://schema.primaresearch.org/PAGE/gts/pagecontent/2013-07-15" xsi:schemaLocation="http://www.loc.gov/standards/alto/ns-v2# http://www.loc.gov/standards/alto/alto.xsd">
  <Description>
    <MeasurementUnit>pixel</MeasurementUnit>
    <sourceImageInformation>
         <fileName>89.xml</fileName>
      </sourceImageInformation>
    <OCRProcessing ID="IdOcr">
      <ocrProcessingStep>
        <processingDateTime>2020-06-24T12:02:18.533+02:00</processingDateTime>
        <processingSoftware>
               <softwareCreator>CONTRIBUTORS</softwareCreator>
               <softwareName>pdfalto</softwareName>
               <softwareVersion>0.1</softwareVersion>
            </processingSoftware>
      </ocrProcessingStep>
    </OCRProcessing>
  </Description>
  <Styles>
     <TextStyle ID="FONT0" FONTFAMILY="unknown" FONTSIZE="unknown" FONTTYPE="unknown" FONTWIDTH="unknown" FONTCOLOR="unknown" FONTSTYLE=""/>
     <TextStyle ID="FONT1" FONTFAMILY="unknown" FONTSIZE="unknown" FONTTYPE="unknown" FONTWIDTH="unknown" FONTCOLOR="unknown" FONTSTYLE="bold"/>
     <TextStyle ID="FONT2" FONTFAMILY="unknown" FONTSIZE="unknown" FONTTYPE="unknown" FONTWIDTH="unknown" FONTCOLOR="unknown" FONTSTYLE="italics"/>
</Styles>
  <Tags/>
  <Layout>
    <Page ID="Page1" PHYSICAL_IMG_NR="1" HEIGHT="4864.566929133858" WIDTH="2842.51968503937">
      <PrintSpace HEIGHT="4048.818897637795" WIDTH="2456.6929133858266" VPOS="18.89763779527559" HPOS="234.64566929133858">
        <TextBlock ID="r_1_1" HEIGHT="74.01574803149606" WIDTH="467.7165354330709" VPOS="480.31496062992125" HPOS="1012.5984251968504">
          <TextLine ID="tl_1" BASELINE="371" HEIGHT="130.70866141732284" WIDTH="491.33858267716533" VPOS="453.54330708661416" HPOS="1001.5748031496063">
            <String HEIGHT="130.70866141732284" WIDTH="581.1023622047244" VPOS="453.54330708661416" HPOS="911.8110236220473" CONTENT="SUPPLÉMENT." ID="tl_1_1" STYLEREFS="FONT0"/>
          </TextLine>
        </TextBlock>
        <TextBlock ID="r_2_1" HEIGHT="91.33858267716535" WIDTH="623.6220472440945" VPOS="1083.4645669291338" HPOS="937.007874015748">
          <TextLine ID="tl_2" BASELINE="767" HEIGHT="154.33070866141733" WIDTH="644.0944881889764" VPOS="1053.5433070866143" HPOS="925.9842519685039">
            <String HEIGHT="154.33070866141733" WIDTH="773.2283464566929" VPOS="1053.5433070866143" HPOS="796.8503937007874" CONTENT="SCULPTURE." ID="tl_2_1" STYLEREFS="FONT0"/>
          </TextLine>
        </TextBlock>
        <TextBlock ID="r_3_1" HEIGHT="155.90551181102362" WIDTH="1971.6535433070867" VPOS="1677.1653543307086" HPOS="266.1417322834646">
          <TextLine ID="tl_3" BASELINE="1150" HEIGHT="159.0551181102362" WIDTH="1993.7007874015749" VPOS="1651.9685039370079" HPOS="255.11811023622047">
            <String HEIGHT="159.0551181102362" WIDTH="332.2834645669291" VPOS="1651.9685039370079" HPOS="222.04724409448818" CONTENT="DUBOIS" ID="tl_3_1" STYLEREFS="FONT0"/>
            <SP HEIGHT="159.0551181102362" WIDTH="33.07086614173228" VPOS="1651.9685039370079" HPOS="554.3307086614174"/>
            <String HEIGHT="159.0551181102362" WIDTH="365.3543307086614" VPOS="1651.9685039370079" HPOS="455.11811023622045" CONTENT="(PAUL)," ID="tl_3_2" STYLEREFS="FONT0"/>
            <SP HEIGHT="159.0551181102362" WIDTH="33.07086614173228" VPOS="1651.9685039370079" HPOS="820.4724409448819"/>
            <String HEIGHT="159.0551181102362" WIDTH="299.21259842519686" VPOS="1651.9685039370079" HPOS="719.6850393700787" CONTENT="né" ID="tl_3_3" STYLEREFS="FONT2"/>
            <SP HEIGHT="159.0551181102362" WIDTH="33.07086614173228" VPOS="1651.9685039370079" HPOS="1018.8976377952756"/>
            <String HEIGHT="159.0551181102362" WIDTH="166.9291338582677" VPOS="1651.9685039370079" HPOS="919.6850393700787" CONTENT="à" ID="tl_3_4" STYLEREFS="FONT2"/>
            <SP HEIGHT="159.0551181102362" WIDTH="33.07086614173228" VPOS="1651.9685039370079" HPOS="1086.6141732283465"/>
            <String HEIGHT="159.0551181102362" WIDTH="664.5669291338583" VPOS="1651.9685039370079" HPOS="985.8267716535433" CONTENT="Nogent-sur-Seine" ID="tl_3_5" STYLEREFS="FONT2"/>
            <SP HEIGHT="159.0551181102362" WIDTH="33.07086614173228" VPOS="1651.9685039370079" HPOS="1650.3937007874015"/>
            <String HEIGHT="159.0551181102362" WIDTH="365.3543307086614" VPOS="1651.9685039370079" HPOS="1551.1811023622047" CONTENT="(Aube)," ID="tl_3_6" STYLEREFS="FONT2"/>
            <SP HEIGHT="159.0551181102362" WIDTH="33.07086614173228" VPOS="1651.9685039370079" HPOS="1916.5354330708662"/>
            <String HEIGHT="159.0551181102362" WIDTH="299.21259842519686" VPOS="1651.9685039370079" HPOS="1817.3228346456692" CONTENT="élève" ID="tl_3_7" STYLEREFS="FONT2"/>
            <SP HEIGHT="159.0551181102362" WIDTH="33.07086614173228" VPOS="1651.9685039370079" HPOS="2116.535433070866"/>
            <String HEIGHT="159.0551181102362" WIDTH="266.1417322834646" VPOS="1651.9685039370079" HPOS="1982.6771653543308" CONTENT="de" ID="tl_3_8" STYLEREFS="FONT2"/>
          </TextLine>
          <TextLine ID="tl_4" BASELINE="1183" HEIGHT="118.11023622047244" WIDTH="379.5275590551181" VPOS="1744.8818897637796" HPOS="344.88188976377955">
            <String HEIGHT="118.11023622047244" WIDTH="423.62204724409446" VPOS="1744.8818897637796" HPOS="300.78740157480314" CONTENT="Toussaint" ID="tl_4_1" STYLEREFS="FONT2"/>
          </TextLine>
        </TextBlock>
        <TextBlock ID="r_4_1" HEIGHT="86.61417322834646" WIDTH="787.4015748031496" VPOS="1910.236220472441" HPOS="256.6929133858268">
          <TextLine ID="tl_5" BASELINE="1286" HEIGHT="137.00787401574803" WIDTH="811.0236220472441" VPOS="1888.1889763779527" HPOS="245.66929133858267">
            <String HEIGHT="137.00787401574803" WIDTH="270.86614173228344" VPOS="1888.1889763779527" HPOS="212.5984251968504" CONTENT="274." ID="tl_5_1" STYLEREFS="FONT0"/>
            <SP HEIGHT="137.00787401574803" WIDTH="33.07086614173228" VPOS="1888.1889763779527" HPOS="481.8897637795276"/>
            <String HEIGHT="137.00787401574803" WIDTH="303.93700787401576" VPOS="1888.1889763779527" HPOS="381.1023622047244" CONTENT="Saint" ID="tl_5_2" STYLEREFS="FONT0"/>
            <SP HEIGHT="137.00787401574803" WIDTH="33.07086614173228" VPOS="1888.1889763779527" HPOS="685.0393700787401"/>
            <String HEIGHT="137.00787401574803" WIDTH="303.93700787401576" VPOS="1888.1889763779527" HPOS="584.2519685039371" CONTENT="Jean," ID="tl_5_3" STYLEREFS="FONT0"/>
            <SP HEIGHT="137.00787401574803" WIDTH="33.07086614173228" VPOS="1888.1889763779527" HPOS="888.1889763779527"/>
            <String HEIGHT="137.00787401574803" WIDTH="303.93700787401576" VPOS="1888.1889763779527" HPOS="752.7559055118111" CONTENT="enfant." ID="tl_5_4" STYLEREFS="FONT0"/>
          </TextLine>
        </TextBlock>
        <TextBlock ID="r_4_2" HEIGHT="58.267716535433074" WIDTH="740.1574803149606" VPOS="2036.2204724409448" HPOS="592.1259842519685">
          <TextLine ID="tl_6" BASELINE="1360" HEIGHT="138.58267716535434" WIDTH="762.2047244094488" VPOS="2003.1496062992126" HPOS="581.1023622047244">
            <String HEIGHT="138.58267716535434" WIDTH="272.4409448818898" VPOS="2003.1496062992126" HPOS="554.3307086614174" CONTENT="Statue" ID="tl_6_1" STYLEREFS="FONT0"/>
            <SP HEIGHT="138.58267716535434" WIDTH="26.771653543307085" VPOS="2003.1496062992126" HPOS="826.7716535433071"/>
            <String HEIGHT="138.58267716535434" WIDTH="163.7795275590551" VPOS="2003.1496062992126" HPOS="744.8818897637796" CONTENT="de" ID="tl_6_2" STYLEREFS="FONT0"/>
            <SP HEIGHT="138.58267716535434" WIDTH="26.771653543307085" VPOS="2003.1496062992126" HPOS="907.0866141732283"/>
            <String HEIGHT="138.58267716535434" WIDTH="299.21259842519686" VPOS="2003.1496062992126" HPOS="826.7716535433071" CONTENT="bronze." ID="tl_6_3" STYLEREFS="FONT0"/>
            <SP HEIGHT="138.58267716535434" WIDTH="26.771653543307085" VPOS="2003.1496062992126" HPOS="1125.984251968504"/>
            <String HEIGHT="138.58267716535434" WIDTH="135.43307086614172" VPOS="2003.1496062992126" HPOS="1044.0944881889764" CONTENT="—" ID="tl_6_4" STYLEREFS="FONT0"/>
            <SP HEIGHT="138.58267716535434" WIDTH="26.771653543307085" VPOS="2003.1496062992126" HPOS="1179.5275590551182"/>
            <String HEIGHT="138.58267716535434" WIDTH="190.5511811023622" VPOS="2003.1496062992126" HPOS="1097.6377952755906" CONTENT="Gr." ID="tl_6_5" STYLEREFS="FONT0"/>
            <SP HEIGHT="138.58267716535434" WIDTH="26.771653543307085" VPOS="2003.1496062992126" HPOS="1288.1889763779527"/>
            <String HEIGHT="138.58267716535434" WIDTH="163.7795275590551" VPOS="2003.1496062992126" HPOS="1179.5275590551182" CONTENT="nat." ID="tl_6_6" STYLEREFS="FONT0"/>
          </TextLine>
        </TextBlock>
        <TextBlock ID="r_5_1" HEIGHT="62.99212598425197" WIDTH="411.0236220472441" VPOS="2108.6614173228345" HPOS="1765.3543307086613">
          <TextLine ID="tl_7" BASELINE="1398" HEIGHT="122.83464566929133" WIDTH="434.6456692913386" VPOS="2078.740157480315" HPOS="1754.3307086614172">
            <String HEIGHT="122.83464566929133" WIDTH="272.4409448818898" VPOS="2078.740157480315" HPOS="1727.5590551181103" CONTENT="(Salon" ID="tl_7_1" STYLEREFS="FONT0"/>
            <SP HEIGHT="122.83464566929133" WIDTH="26.771653543307085" VPOS="2078.740157480315" HPOS="1998.4251968503936"/>
            <String HEIGHT="122.83464566929133" WIDTH="163.7795275590551" VPOS="2078.740157480315" HPOS="1918.1102362204724" CONTENT="de" ID="tl_7_2" STYLEREFS="FONT0"/>
            <SP HEIGHT="122.83464566929133" WIDTH="26.771653543307085" VPOS="2078.740157480315" HPOS="2080.314960629921"/>
            <String HEIGHT="122.83464566929133" WIDTH="217.3228346456693" VPOS="2078.740157480315" HPOS="1971.6535433070867" CONTENT="1864.)" ID="tl_7_3" STYLEREFS="FONT0"/>
          </TextLine>
        </TextBlock>
        <TextBlock ID="r_6_1" HEIGHT="192.1259842519685" WIDTH="1974.8031496062993" VPOS="2289.763779527559" HPOS="259.84251968503935">
          <TextLine ID="tl_8" BASELINE="1526" HEIGHT="113.38582677165354" WIDTH="1996.8503937007874" VPOS="2289.763779527559" HPOS="248.8188976377953">
            <String HEIGHT="113.38582677165354" WIDTH="480.31496062992125" VPOS="2289.763779527559" HPOS="212.5984251968504" CONTENT="FALGUIÈRE" ID="tl_8_1" STYLEREFS="FONT0"/>
            <SP HEIGHT="113.38582677165354" WIDTH="36.22047244094488" VPOS="2289.763779527559" HPOS="692.9133858267717"/>
            <String HEIGHT="113.38582677165354" WIDTH="592.1259842519685" VPOS="2289.763779527559" HPOS="581.1023622047244" CONTENT="(ALEXANDRE)," ID="tl_8_2" STYLEREFS="FONT0"/>
            <SP HEIGHT="113.38582677165354" WIDTH="36.22047244094488" VPOS="2289.763779527559" HPOS="1173.2283464566929"/>
            <String HEIGHT="113.38582677165354" WIDTH="332.2834645669291" VPOS="2289.763779527559" HPOS="1062.992125984252" CONTENT="né" ID="tl_8_3" STYLEREFS="FONT2"/>
            <SP HEIGHT="113.38582677165354" WIDTH="36.22047244094488" VPOS="2289.763779527559" HPOS="1395.275590551181"/>
            <String HEIGHT="113.38582677165354" WIDTH="184.251968503937" VPOS="2289.763779527559" HPOS="1283.4645669291338" CONTENT="à" ID="tl_8_4" STYLEREFS="FONT2"/>
            <SP HEIGHT="113.38582677165354" WIDTH="36.22047244094488" VPOS="2289.763779527559" HPOS="1469.291338582677"/>
            <String HEIGHT="113.38582677165354" WIDTH="518.1102362204724" VPOS="2289.763779527559" HPOS="1357.4803149606298" CONTENT="Toulouse," ID="tl_8_5" STYLEREFS="FONT2"/>
            <SP HEIGHT="113.38582677165354" WIDTH="36.22047244094488" VPOS="2289.763779527559" HPOS="1875.5905511811025"/>
            <String HEIGHT="113.38582677165354" WIDTH="332.2834645669291" VPOS="2289.763779527559" HPOS="1765.3543307086613" CONTENT="élève" ID="tl_8_6" STYLEREFS="FONT0"/>
            <SP HEIGHT="113.38582677165354" WIDTH="36.22047244094488" VPOS="2289.763779527559" HPOS="2097.6377952755906"/>
            <String HEIGHT="113.38582677165354" WIDTH="296.06299212598424" VPOS="2289.763779527559" HPOS="1949.6062992125985" CONTENT="de" ID="tl_8_7" STYLEREFS="FONT0"/>
          </TextLine>
          <TextLine ID="tl_9" BASELINE="1586" HEIGHT="132.28346456692913" WIDTH="1779.5275590551182" VPOS="2365.3543307086616" HPOS="330.70866141732284">
            <String HEIGHT="132.28346456692913" WIDTH="308.66141732283467" VPOS="2365.3543307086616" HPOS="296.06299212598424" CONTENT="M." ID="tl_9_1" STYLEREFS="FONT2"/>
            <SP HEIGHT="132.28346456692913" WIDTH="34.645669291338585" VPOS="2365.3543307086616" HPOS="604.7244094488188"/>
            <String HEIGHT="132.28346456692913" WIDTH="445.6692913385827" VPOS="2365.3543307086616" HPOS="502.3622047244094" CONTENT="Jouffroy," ID="tl_9_2" STYLEREFS="FONT2"/>
            <SP HEIGHT="132.28346456692913" WIDTH="34.645669291338585" VPOS="2365.3543307086616" HPOS="946.4566929133858"/>
            <String HEIGHT="132.28346456692913" WIDTH="376.37795275590554" VPOS="2365.3543307086616" HPOS="844.0944881889764" CONTENT="Premier" ID="tl_9_3" STYLEREFS="FONT2"/>
            <SP HEIGHT="132.28346456692913" WIDTH="34.645669291338585" VPOS="2365.3543307086616" HPOS="1220.4724409448818"/>
            <String HEIGHT="132.28346456692913" WIDTH="308.66141732283467" VPOS="2365.3543307086616" HPOS="1118.1102362204724" CONTENT="Grand" ID="tl_9_4" STYLEREFS="FONT2"/>
            <SP HEIGHT="132.28346456692913" WIDTH="34.645669291338585" VPOS="2365.3543307086616" HPOS="1425.1968503937007"/>
            <String HEIGHT="132.28346456692913" WIDTH="274.01574803149606" VPOS="2365.3543307086616" HPOS="1322.8346456692914" CONTENT="Prix" ID="tl_9_5" STYLEREFS="FONT2"/>
            <SP HEIGHT="132.28346456692913" WIDTH="34.645669291338585" VPOS="2365.3543307086616" HPOS="1596.8503937007874"/>
            <String HEIGHT="132.28346456692913" WIDTH="204.7244094488189" VPOS="2365.3543307086616" HPOS="1494.4881889763778" CONTENT="de" ID="tl_9_6" STYLEREFS="FONT2"/>
            <SP HEIGHT="132.28346456692913" WIDTH="34.645669291338585" VPOS="2365.3543307086616" HPOS="1699.2125984251968"/>
            <String HEIGHT="132.28346456692913" WIDTH="411.0236220472441" VPOS="2365.3543307086616" HPOS="1596.8503937007874" CONTENT="Rome" ID="tl_9_7" STYLEREFS="FONT2"/>
            <SP HEIGHT="132.28346456692913" WIDTH="34.645669291338585" VPOS="2365.3543307086616" HPOS="2007.8740157480315"/>
            <String HEIGHT="132.28346456692913" WIDTH="239.37007874015748" VPOS="2365.3543307086616" HPOS="1870.8661417322835" CONTENT="1859." ID="tl_9_8" STYLEREFS="FONT0"/>
          </TextLine>
        </TextBlock>
        <TextBlock ID="r_6_2" HEIGHT="96.06299212598425" WIDTH="1274.015748031496" VPOS="2518.1102362204724" HPOS="253.54330708661416">
          <TextLine ID="tl_10" BASELINE="1677" HEIGHT="140.15748031496062" WIDTH="1292.9133858267717" VPOS="2500.787401574803" HPOS="245.66929133858267">
            <String HEIGHT="140.15748031496062" WIDTH="286.61417322834643" VPOS="2500.787401574803" HPOS="209.4488188976378" CONTENT="275." ID="tl_10_1" STYLEREFS="FONT0"/>
            <SP HEIGHT="140.15748031496062" WIDTH="36.22047244094488" VPOS="2500.787401574803" HPOS="497.6377952755906"/>
            <String HEIGHT="140.15748031496062" WIDTH="215.748031496063" VPOS="2500.787401574803" HPOS="388.9763779527559" CONTENT="Un" ID="tl_10_2" STYLEREFS="FONT0"/>
            <SP HEIGHT="140.15748031496062" WIDTH="36.22047244094488" VPOS="2500.787401574803" HPOS="604.7244094488188"/>
            <String HEIGHT="140.15748031496062" WIDTH="466.1417322834646" VPOS="2500.787401574803" HPOS="497.6377952755906" CONTENT="vainqueur" ID="tl_10_3" STYLEREFS="FONT0"/>
            <SP HEIGHT="140.15748031496062" WIDTH="36.22047244094488" VPOS="2500.787401574803" HPOS="963.7795275590552"/>
            <String HEIGHT="140.15748031496062" WIDTH="215.748031496063" VPOS="2500.787401574803" HPOS="856.6929133858267" CONTENT="au" ID="tl_10_4" STYLEREFS="FONT0"/>
            <SP HEIGHT="140.15748031496062" WIDTH="36.22047244094488" VPOS="2500.787401574803" HPOS="1072.4409448818897"/>
            <String HEIGHT="140.15748031496062" WIDTH="359.0551181102362" VPOS="2500.787401574803" HPOS="963.7795275590552" CONTENT="combat" ID="tl_10_5" STYLEREFS="FONT0"/>
            <SP HEIGHT="140.15748031496062" WIDTH="36.22047244094488" VPOS="2500.787401574803" HPOS="1322.8346456692914"/>
            <String HEIGHT="140.15748031496062" WIDTH="215.748031496063" VPOS="2500.787401574803" HPOS="1215.748031496063" CONTENT="de" ID="tl_10_6" STYLEREFS="FONT0"/>
            <SP HEIGHT="140.15748031496062" WIDTH="36.22047244094488" VPOS="2500.787401574803" HPOS="1431.4960629921259"/>
            <String HEIGHT="140.15748031496062" WIDTH="251.96850393700788" VPOS="2500.787401574803" HPOS="1286.6141732283465" CONTENT="coqs." ID="tl_10_7" STYLEREFS="FONT0"/>
          </TextLine>
        </TextBlock>
        <TextBlock ID="r_6_3" HEIGHT="58.267716535433074" WIDTH="751.1811023622047" VPOS="2642.51968503937" HPOS="593.7007874015748">
          <TextLine ID="tl_11" BASELINE="1747" HEIGHT="140.15748031496062" WIDTH="774.8031496062993" VPOS="2611.0236220472443" HPOS="581.1023622047244">
            <String HEIGHT="140.15748031496062" WIDTH="277.1653543307087" VPOS="2611.0236220472443" HPOS="552.7559055118111" CONTENT="Statue" ID="tl_11_1" STYLEREFS="FONT0"/>
            <SP HEIGHT="140.15748031496062" WIDTH="28.346456692913385" VPOS="2611.0236220472443" HPOS="829.9212598425197"/>
            <String HEIGHT="140.15748031496062" WIDTH="165.35433070866142" VPOS="2611.0236220472443" HPOS="746.4566929133858" CONTENT="de" ID="tl_11_2" STYLEREFS="FONT0"/>
            <SP HEIGHT="140.15748031496062" WIDTH="28.346456692913385" VPOS="2611.0236220472443" HPOS="913.3858267716536"/>
            <String HEIGHT="140.15748031496062" WIDTH="303.93700787401576" VPOS="2611.0236220472443" HPOS="829.9212598425197" CONTENT="bronze." ID="tl_11_3" STYLEREFS="FONT0"/>
            <SP HEIGHT="140.15748031496062" WIDTH="28.346456692913385" VPOS="2611.0236220472443" HPOS="1133.8582677165355"/>
            <String HEIGHT="140.15748031496062" WIDTH="138.58267716535434" VPOS="2611.0236220472443" HPOS="1051.9685039370079" CONTENT="—" ID="tl_11_4" STYLEREFS="FONT0"/>
            <SP HEIGHT="140.15748031496062" WIDTH="28.346456692913385" VPOS="2611.0236220472443" HPOS="1190.5511811023623"/>
            <String HEIGHT="140.15748031496062" WIDTH="193.70078740157481" VPOS="2611.0236220472443" HPOS="1107.0866141732283" CONTENT="Gr." ID="tl_11_5" STYLEREFS="FONT0"/>
            <SP HEIGHT="140.15748031496062" WIDTH="28.346456692913385" VPOS="2611.0236220472443" HPOS="1300.7874015748032"/>
            <String HEIGHT="140.15748031496062" WIDTH="165.35433070866142" VPOS="2611.0236220472443" HPOS="1190.5511811023623" CONTENT="nat." ID="tl_11_6" STYLEREFS="FONT0"/>
          </TextLine>
        </TextBlock>
        <TextBlock ID="r_6_4" HEIGHT="59.84251968503937" WIDTH="401.5748031496063" VPOS="2716.535433070866" HPOS="1773.2283464566929">
          <TextLine ID="tl_12" BASELINE="1804" HEIGHT="154.33070866141733" WIDTH="426.7716535433071" VPOS="2686.6141732283463" HPOS="1760.6299212598426">
            <String HEIGHT="154.33070866141733" WIDTH="266.1417322834646" VPOS="2686.6141732283463" HPOS="1733.8582677165355" CONTENT="(Salon" ID="tl_12_1" STYLEREFS="FONT0"/>
            <SP HEIGHT="154.33070866141733" WIDTH="26.771653543307085" VPOS="2686.6141732283463" HPOS="2000.0"/>
            <String HEIGHT="154.33070866141733" WIDTH="160.62992125984252" VPOS="2686.6141732283463" HPOS="1921.259842519685" CONTENT="de" ID="tl_12_2" STYLEREFS="FONT0"/>
            <SP HEIGHT="154.33070866141733" WIDTH="26.771653543307085" VPOS="2686.6141732283463" HPOS="2080.314960629921"/>
            <String HEIGHT="154.33070866141733" WIDTH="214.17322834645668" VPOS="2686.6141732283463" HPOS="1974.8031496062993" CONTENT="1864.)" ID="tl_12_3" STYLEREFS="FONT0"/>
          </TextLine>
        </TextBlock>
        <TextBlock ID="r_7_1" HEIGHT="192.1259842519685" WIDTH="1970.0787401574803" VPOS="2903.9370078740158" HPOS="258.26771653543307">
          <TextLine ID="tl_13" BASELINE="1921" HEIGHT="157.48031496062993" WIDTH="1992.1259842519685" VPOS="2867.716535433071" HPOS="247.24409448818898">
            <String HEIGHT="157.48031496062993" WIDTH="811.0236220472441" VPOS="2867.716535433071" HPOS="211.0236220472441" CONTENT="LEHARIVEL-DUROCHER" ID="tl_13_1" STYLEREFS="FONT0"/>
            <SP HEIGHT="157.48031496062993" WIDTH="36.22047244094488" VPOS="2867.716535433071" HPOS="1022.0472440944882"/>
            <String HEIGHT="157.48031496062993" WIDTH="480.31496062992125" VPOS="2867.716535433071" HPOS="911.8110236220473" CONTENT="(VICTOR)," ID="tl_13_2" STYLEREFS="FONT0"/>
            <SP HEIGHT="157.48031496062993" WIDTH="36.22047244094488" VPOS="2867.716535433071" HPOS="1390.5511811023623"/>
            <String HEIGHT="157.48031496062993" WIDTH="332.2834645669291" VPOS="2867.716535433071" HPOS="1280.3149606299212" CONTENT="né" ID="tl_13_3" STYLEREFS="FONT2"/>
            <SP HEIGHT="157.48031496062993" WIDTH="36.22047244094488" VPOS="2867.716535433071" HPOS="1612.5984251968505"/>
            <String HEIGHT="157.48031496062993" WIDTH="184.251968503937" VPOS="2867.716535433071" HPOS="1500.7874015748032" CONTENT="à" ID="tl_13_4" STYLEREFS="FONT2"/>
            <SP HEIGHT="157.48031496062993" WIDTH="36.22047244094488" VPOS="2867.716535433071" HPOS="1686.6141732283465"/>
            <String HEIGHT="157.48031496062993" WIDTH="332.2834645669291" VPOS="2867.716535433071" HPOS="1574.8031496062993" CONTENT="Chanu" ID="tl_13_5" STYLEREFS="FONT2"/>
            <SP HEIGHT="157.48031496062993" WIDTH="36.22047244094488" VPOS="2867.716535433071" HPOS="1907.0866141732283"/>
            <String HEIGHT="157.48031496062993" WIDTH="480.31496062992125" VPOS="2867.716535433071" HPOS="1759.0551181102362" CONTENT="(Orne)" ID="tl_13_6" STYLEREFS="FONT2"/>
          </TextLine>
          <TextLine ID="tl_14" BASELINE="2001" HEIGHT="162.20472440944883" WIDTH="1902.3622047244094" VPOS="2988.9763779527557" HPOS="329.13385826771656">
            <String HEIGHT="162.20472440944883" WIDTH="381.1023622047244" VPOS="2988.9763779527557" HPOS="297.6377952755906" CONTENT="élève" ID="tl_14_1" STYLEREFS="FONT2"/>
            <SP HEIGHT="162.20472440944883" WIDTH="31.496062992125985" VPOS="2988.9763779527557" HPOS="677.1653543307086"/>
            <String HEIGHT="162.20472440944883" WIDTH="190.5511811023622" VPOS="2988.9763779527557" HPOS="582.6771653543307" CONTENT="de" ID="tl_14_2" STYLEREFS="FONT2"/>
            <SP HEIGHT="162.20472440944883" WIDTH="31.496062992125985" VPOS="2988.9763779527557" HPOS="773.2283464566929"/>
            <String HEIGHT="162.20472440944883" WIDTH="190.5511811023622" VPOS="2988.9763779527557" HPOS="677.1653543307086" CONTENT="M." ID="tl_14_3" STYLEREFS="FONT2"/>
            <SP HEIGHT="162.20472440944883" WIDTH="31.496062992125985" VPOS="2988.9763779527557" HPOS="867.7165354330708"/>
            <String HEIGHT="162.20472440944883" WIDTH="348.0314960629921" VPOS="2988.9763779527557" HPOS="773.2283464566929" CONTENT="Belloc," ID="tl_14_4" STYLEREFS="FONT2"/>
            <SP HEIGHT="162.20472440944883" WIDTH="31.496062992125985" VPOS="2988.9763779527557" HPOS="1121.259842519685"/>
            <String HEIGHT="162.20472440944883" WIDTH="190.5511811023622" VPOS="2988.9763779527557" HPOS="1026.7716535433071" CONTENT="de" ID="tl_14_5" STYLEREFS="FONT2"/>
            <SP HEIGHT="162.20472440944883" WIDTH="31.496062992125985" VPOS="2988.9763779527557" HPOS="1217.3228346456692"/>
            <String HEIGHT="162.20472440944883" WIDTH="285.03937007874015" VPOS="2988.9763779527557" HPOS="1121.259842519685" CONTENT="Ramey" ID="tl_14_6" STYLEREFS="FONT2"/>
            <SP HEIGHT="162.20472440944883" WIDTH="31.496062992125985" VPOS="2988.9763779527557" HPOS="1407.8740157480315"/>
            <String HEIGHT="162.20472440944883" WIDTH="253.54330708661416" VPOS="2988.9763779527557" HPOS="1311.8110236220473" CONTENT="fils" ID="tl_14_7" STYLEREFS="FONT2"/>
            <SP HEIGHT="162.20472440944883" WIDTH="31.496062992125985" VPOS="2988.9763779527557" HPOS="1565.3543307086613"/>
            <String HEIGHT="162.20472440944883" WIDTH="190.5511811023622" VPOS="2988.9763779527557" HPOS="1470.8661417322835" CONTENT="et" ID="tl_14_8" STYLEREFS="FONT2"/>
            <SP HEIGHT="162.20472440944883" WIDTH="31.496062992125985" VPOS="2988.9763779527557" HPOS="1661.4173228346456"/>
            <String HEIGHT="162.20472440944883" WIDTH="190.5511811023622" VPOS="2988.9763779527557" HPOS="1565.3543307086613" CONTENT="de" ID="tl_14_9" STYLEREFS="FONT2"/>
            <SP HEIGHT="162.20472440944883" WIDTH="31.496062992125985" VPOS="2988.9763779527557" HPOS="1755.9055118110236"/>
            <String HEIGHT="162.20472440944883" WIDTH="190.5511811023622" VPOS="2988.9763779527557" HPOS="1661.4173228346456" CONTENT="M." ID="tl_14_10" STYLEREFS="FONT2"/>
            <SP HEIGHT="162.20472440944883" WIDTH="31.496062992125985" VPOS="2988.9763779527557" HPOS="1850.3937007874015"/>
            <String HEIGHT="162.20472440944883" WIDTH="190.5511811023622" VPOS="2988.9763779527557" HPOS="1755.9055118110236" CONTENT="A." ID="tl_14_11" STYLEREFS="FONT2"/>
            <SP HEIGHT="162.20472440944883" WIDTH="31.496062992125985" VPOS="2988.9763779527557" HPOS="1946.4566929133857"/>
            <String HEIGHT="162.20472440944883" WIDTH="412.59842519685037" VPOS="2988.9763779527557" HPOS="1818.8976377952756" CONTENT="Dumont" ID="tl_14_12" STYLEREFS="FONT2"/>
          </TextLine>
        </TextBlock>
        <TextBlock ID="r_7_2" HEIGHT="97.63779527559055" WIDTH="696.0629921259842" VPOS="3118.1102362204724" HPOS="253.54330708661416">
          <TextLine ID="tl_15" BASELINE="2058" HEIGHT="137.00787401574803" WIDTH="718.1102362204724" VPOS="3103.9370078740158" HPOS="242.51968503937007">
            <String HEIGHT="137.00787401574803" WIDTH="261.4173228346457" VPOS="3103.9370078740158" HPOS="209.4488188976378" CONTENT="276." ID="tl_15_1" STYLEREFS="FONT0"/>
            <SP HEIGHT="137.00787401574803" WIDTH="33.07086614173228" VPOS="3103.9370078740158" HPOS="470.86614173228344"/>
            <String HEIGHT="137.00787401574803" WIDTH="261.4173228346457" VPOS="3103.9370078740158" HPOS="373.2283464566929" CONTENT="Étre" ID="tl_15_2" STYLEREFS="FONT0"/>
            <SP HEIGHT="137.00787401574803" WIDTH="33.07086614173228" VPOS="3103.9370078740158" HPOS="634.6456692913385"/>
            <String HEIGHT="137.00787401574803" WIDTH="195.2755905511811" VPOS="3103.9370078740158" HPOS="537.007874015748" CONTENT="et" ID="tl_15_3" STYLEREFS="FONT0"/>
            <SP HEIGHT="137.00787401574803" WIDTH="33.07086614173228" VPOS="3103.9370078740158" HPOS="732.2834645669292"/>
            <String HEIGHT="137.00787401574803" WIDTH="359.0551181102362" VPOS="3103.9370078740158" HPOS="601.5748031496063" CONTENT="paraître." ID="tl_15_4" STYLEREFS="FONT0"/>
          </TextLine>
        </TextBlock>
        <TextBlock ID="r_7_3" HEIGHT="64.56692913385827" WIDTH="727.5590551181102" VPOS="3250.3937007874015" HPOS="590.5511811023622">
          <TextLine ID="tl_16" BASELINE="2128" HEIGHT="132.28346456692913" WIDTH="749.6062992125984" VPOS="3218.8976377952754" HPOS="579.5275590551181">
            <String HEIGHT="132.28346456692913" WIDTH="229.92125984251967" VPOS="3218.8976377952754" HPOS="551.1811023622047" CONTENT="Fig." ID="tl_16_1" STYLEREFS="FONT0"/>
            <SP HEIGHT="132.28346456692913" WIDTH="28.346456692913385" VPOS="3218.8976377952754" HPOS="781.1023622047244"/>
            <String HEIGHT="132.28346456692913" WIDTH="173.22834645669292" VPOS="3218.8976377952754" HPOS="694.488188976378" CONTENT="de" ID="tl_16_2" STYLEREFS="FONT0"/>
            <SP HEIGHT="132.28346456692913" WIDTH="28.346456692913385" VPOS="3218.8976377952754" HPOS="867.7165354330708"/>
            <String HEIGHT="132.28346456692913" WIDTH="316.53543307086613" VPOS="3218.8976377952754" HPOS="781.1023622047244" CONTENT="marbre." ID="tl_16_3" STYLEREFS="FONT0"/>
            <SP HEIGHT="132.28346456692913" WIDTH="28.346456692913385" VPOS="3218.8976377952754" HPOS="1099.2125984251968"/>
            <String HEIGHT="132.28346456692913" WIDTH="144.88188976377953" VPOS="3218.8976377952754" HPOS="1012.5984251968504" CONTENT="—" ID="tl_16_4" STYLEREFS="FONT0"/>
            <SP HEIGHT="132.28346456692913" WIDTH="28.346456692913385" VPOS="3218.8976377952754" HPOS="1155.9055118110236"/>
            <String HEIGHT="132.28346456692913" WIDTH="201.5748031496063" VPOS="3218.8976377952754" HPOS="1069.291338582677" CONTENT="Gr." ID="tl_16_5" STYLEREFS="FONT0"/>
            <SP HEIGHT="132.28346456692913" WIDTH="28.346456692913385" VPOS="3218.8976377952754" HPOS="1270.8661417322835"/>
            <String HEIGHT="132.28346456692913" WIDTH="173.22834645669292" VPOS="3218.8976377952754" HPOS="1155.9055118110236" CONTENT="nat." ID="tl_16_6" STYLEREFS="FONT0"/>
          </TextLine>
        </TextBlock>
        <TextBlock ID="r_7_4" HEIGHT="59.84251968503937" WIDTH="393.7007874015748" VPOS="3322.834645669291" HPOS="1781.1023622047244">
          <TextLine ID="tl_17" BASELINE="2168" HEIGHT="122.83464566929133" WIDTH="414.1732283464567" VPOS="3291.3385826771655" HPOS="1771.6535433070867">
            <String HEIGHT="122.83464566929133" WIDTH="258.26771653543307" VPOS="3291.3385826771655" HPOS="1746.4566929133857" CONTENT="(Salon" ID="tl_17_1" STYLEREFS="FONT0"/>
            <SP HEIGHT="122.83464566929133" WIDTH="25.19685039370079" VPOS="3291.3385826771655" HPOS="2004.724409448819"/>
            <String HEIGHT="122.83464566929133" WIDTH="155.90551181102362" VPOS="3291.3385826771655" HPOS="1927.5590551181103" CONTENT="de" ID="tl_17_2" STYLEREFS="FONT0"/>
            <SP HEIGHT="122.83464566929133" WIDTH="25.19685039370079" VPOS="3291.3385826771655" HPOS="2081.8897637795276"/>
            <String HEIGHT="122.83464566929133" WIDTH="207.8740157480315" VPOS="3291.3385826771655" HPOS="1979.5275590551182" CONTENT="1861.)" ID="tl_17_3" STYLEREFS="FONT0"/>
          </TextLine>
        </TextBlock>
        <TextBlock ID="r_7_5" HEIGHT="184.251968503937" WIDTH="1977.9527559055118" VPOS="3474.015748031496" HPOS="255.11811023622047">
          <TextLine ID="tl_18" BASELINE="2283" HEIGHT="125.98425196850394" WIDTH="2001.5748031496064" VPOS="3469.2913385826773" HPOS="244.09448818897638">
            <String HEIGHT="125.98425196850394" WIDTH="393.7007874015748" VPOS="3469.2913385826773" HPOS="211.0236220472441" CONTENT="MONTAGNY" ID="tl_18_1" STYLEREFS="FONT0"/>
            <SP HEIGHT="125.98425196850394" WIDTH="33.07086614173228" VPOS="3469.2913385826773" HPOS="604.7244094488188"/>
            <String HEIGHT="125.98425196850394" WIDTH="459.84251968503935" VPOS="3469.2913385826773" HPOS="507.0866141732283" CONTENT="(ÉTIENNE)," ID="tl_18_2" STYLEREFS="FONT0"/>
            <SP HEIGHT="125.98425196850394" WIDTH="33.07086614173228" VPOS="3469.2913385826773" HPOS="965.3543307086615"/>
            <String HEIGHT="125.98425196850394" WIDTH="296.06299212598424" VPOS="3469.2913385826773" HPOS="867.7165354330708" CONTENT="né" ID="tl_18_3" STYLEREFS="FONT2"/>
            <SP HEIGHT="125.98425196850394" WIDTH="33.07086614173228" VPOS="3469.2913385826773" HPOS="1162.2047244094488"/>
            <String HEIGHT="125.98425196850394" WIDTH="163.7795275590551" VPOS="3469.2913385826773" HPOS="1064.5669291338584" CONTENT="à" ID="tl_18_4" STYLEREFS="FONT2"/>
            <SP HEIGHT="125.98425196850394" WIDTH="33.07086614173228" VPOS="3469.2913385826773" HPOS="1228.3464566929133"/>
            <String HEIGHT="125.98425196850394" WIDTH="590.5511811023622" VPOS="3469.2913385826773" HPOS="1130.708661417323" CONTENT="Saint-Étienne," ID="tl_18_5" STYLEREFS="FONT2"/>
            <SP HEIGHT="125.98425196850394" WIDTH="33.07086614173228" VPOS="3469.2913385826773" HPOS="1721.259842519685"/>
            <String HEIGHT="125.98425196850394" WIDTH="296.06299212598424" VPOS="3469.2913385826773" HPOS="1622.0472440944882" CONTENT="élève" ID="tl_18_6" STYLEREFS="FONT2"/>
            <SP HEIGHT="125.98425196850394" WIDTH="33.07086614173228" VPOS="3469.2913385826773" HPOS="1918.1102362204724"/>
            <String HEIGHT="125.98425196850394" WIDTH="196.8503937007874" VPOS="3469.2913385826773" HPOS="1818.8976377952756" CONTENT="de" ID="tl_18_7" STYLEREFS="FONT2"/>
            <SP HEIGHT="125.98425196850394" WIDTH="33.07086614173228" VPOS="3469.2913385826773" HPOS="2015.748031496063"/>
            <String HEIGHT="125.98425196850394" WIDTH="360.62992125984255" VPOS="3469.2913385826773" HPOS="1885.0393700787401" CONTENT="David" ID="tl_18_8" STYLEREFS="FONT2"/>
          </TextLine>
          <TextLine ID="tl_19" BASELINE="2338" HEIGHT="122.83464566929133" WIDTH="724.4094488188977" VPOS="3559.0551181102364" HPOS="329.13385826771656">
            <String HEIGHT="122.83464566929133" WIDTH="403.1496062992126" VPOS="3559.0551181102364" HPOS="302.3622047244094" CONTENT="d’Angers" ID="tl_19_1" STYLEREFS="FONT2"/>
            <SP HEIGHT="122.83464566929133" WIDTH="26.771653543307085" VPOS="3559.0551181102364" HPOS="705.511811023622"/>
            <String HEIGHT="122.83464566929133" WIDTH="160.62992125984252" VPOS="3559.0551181102364" HPOS="623.6220472440945" CONTENT="et" ID="tl_19_2" STYLEREFS="FONT2"/>
            <SP HEIGHT="122.83464566929133" WIDTH="26.771653543307085" VPOS="3559.0551181102364" HPOS="785.8267716535433"/>
            <String HEIGHT="122.83464566929133" WIDTH="160.62992125984252" VPOS="3559.0551181102364" HPOS="705.511811023622" CONTENT="de" ID="tl_19_3" STYLEREFS="FONT2"/>
            <SP HEIGHT="122.83464566929133" WIDTH="26.771653543307085" VPOS="3559.0551181102364" HPOS="866.1417322834645"/>
            <String HEIGHT="122.83464566929133" WIDTH="294.48818897637796" VPOS="3559.0551181102364" HPOS="759.0551181102362" CONTENT="Rude" ID="tl_19_4" STYLEREFS="FONT2"/>
          </TextLine>
        </TextBlock>
        <TextBlock ID="r_7_6" HEIGHT="91.33858267716535" WIDTH="998.4251968503937" VPOS="3711.8110236220473" HPOS="250.39370078740157">
          <TextLine ID="tl_20" BASELINE="2432" HEIGHT="143.30708661417322" WIDTH="1022.0472440944882" VPOS="3686.6141732283463" HPOS="237.79527559055117">
            <String HEIGHT="143.30708661417322" WIDTH="281.8897637795276" VPOS="3686.6141732283463" HPOS="203.1496062992126" CONTENT="277." ID="tl_20_1" STYLEREFS="FONT0"/>
            <SP HEIGHT="143.30708661417322" WIDTH="34.645669291338585" VPOS="3686.6141732283463" HPOS="485.03937007874015"/>
            <String HEIGHT="143.30708661417322" WIDTH="316.53543307086613" VPOS="3686.6141732283463" HPOS="379.5275590551181" CONTENT="Saint" ID="tl_20_2" STYLEREFS="FONT0"/>
            <SP HEIGHT="143.30708661417322" WIDTH="34.645669291338585" VPOS="3686.6141732283463" HPOS="696.0629921259842"/>
            <String HEIGHT="143.30708661417322" WIDTH="316.53543307086613" VPOS="3686.6141732283463" HPOS="590.5511811023622" CONTENT="Louis" ID="tl_20_3" STYLEREFS="FONT0"/>
            <SP HEIGHT="143.30708661417322" WIDTH="34.645669291338585" VPOS="3686.6141732283463" HPOS="907.0866141732283"/>
            <String HEIGHT="143.30708661417322" WIDTH="211.0236220472441" VPOS="3686.6141732283463" HPOS="801.5748031496063" CONTENT="de" ID="tl_20_4" STYLEREFS="FONT0"/>
            <SP HEIGHT="143.30708661417322" WIDTH="34.645669291338585" VPOS="3686.6141732283463" HPOS="1012.5984251968504"/>
            <String HEIGHT="143.30708661417322" WIDTH="387.40157480314963" VPOS="3686.6141732283463" HPOS="872.4409448818898" CONTENT="Gonzague." ID="tl_20_5" STYLEREFS="FONT0"/>
          </TextLine>
        </TextBlock>
        <TextBlock ID="r_7_7" HEIGHT="59.84251968503937" WIDTH="869.2913385826772" VPOS="3839.3700787401576" HPOS="584.2519685039371">
          <TextLine ID="tl_21" BASELINE="2504" HEIGHT="129.13385826771653" WIDTH="892.9133858267717" VPOS="3814.1732283464567" HPOS="573.2283464566929">
            <String HEIGHT="129.13385826771653" WIDTH="288.18897637795277" VPOS="3814.1732283464567" HPOS="544.8818897637796" CONTENT="Statue" ID="tl_21_1" STYLEREFS="FONT0"/>
            <SP HEIGHT="129.13385826771653" WIDTH="28.346456692913385" VPOS="3814.1732283464567" HPOS="833.0708661417323"/>
            <String HEIGHT="129.13385826771653" WIDTH="173.22834645669292" VPOS="3814.1732283464567" HPOS="746.4566929133858" CONTENT="en" ID="tl_21_2" STYLEREFS="FONT0"/>
            <SP HEIGHT="129.13385826771653" WIDTH="28.346456692913385" VPOS="3814.1732283464567" HPOS="918.1102362204724"/>
            <String HEIGHT="129.13385826771653" WIDTH="259.84251968503935" VPOS="3814.1732283464567" HPOS="833.0708661417323" CONTENT="terre" ID="tl_21_3" STYLEREFS="FONT0"/>
            <SP HEIGHT="129.13385826771653" WIDTH="28.346456692913385" VPOS="3814.1732283464567" HPOS="1091.3385826771653"/>
            <String HEIGHT="129.13385826771653" WIDTH="288.18897637795277" VPOS="3814.1732283464567" HPOS="1004.7244094488188" CONTENT="cuite," ID="tl_21_4" STYLEREFS="FONT0"/>
            <SP HEIGHT="129.13385826771653" WIDTH="28.346456692913385" VPOS="3814.1732283464567" HPOS="1292.9133858267717"/>
            <String HEIGHT="129.13385826771653" WIDTH="201.5748031496063" VPOS="3814.1732283464567" HPOS="1206.2992125984251" CONTENT="Gr." ID="tl_21_5" STYLEREFS="FONT0"/>
            <SP HEIGHT="129.13385826771653" WIDTH="28.346456692913385" VPOS="3814.1732283464567" HPOS="1407.8740157480315"/>
            <String HEIGHT="129.13385826771653" WIDTH="173.22834645669292" VPOS="3814.1732283464567" HPOS="1292.9133858267717" CONTENT="nat." ID="tl_21_6" STYLEREFS="FONT0"/>
          </TextLine>
        </TextBlock>
        <TextBlock ID="r_7_8" HEIGHT="144.88188976377953" WIDTH="412.59842519685037" VPOS="3910.236220472441" HPOS="1773.2283464566929">
          <TextLine ID="tl_22" BASELINE="2535" HEIGHT="108.66141732283465" WIDTH="436.2204724409449" VPOS="3883.464566929134" HPOS="1760.6299212598426">
            <String HEIGHT="108.66141732283465" WIDTH="291.33858267716533" VPOS="3883.464566929134" HPOS="1732.283464566929" CONTENT="(Salon" ID="tl_22_1" STYLEREFS="FONT0"/>
            <SP HEIGHT="108.66141732283465" WIDTH="28.346456692913385" VPOS="3883.464566929134" HPOS="2022.0472440944882"/>
            <String HEIGHT="108.66141732283465" WIDTH="174.8031496062992" VPOS="3883.464566929134" HPOS="1935.4330708661416" CONTENT="de" ID="tl_22_2" STYLEREFS="FONT0"/>
            <SP HEIGHT="108.66141732283465" WIDTH="28.346456692913385" VPOS="3883.464566929134" HPOS="2110.236220472441"/>
            <String HEIGHT="108.66141732283465" WIDTH="203.1496062992126" VPOS="3883.464566929134" HPOS="1993.7007874015749" CONTENT="1864)" ID="tl_22_3" STYLEREFS="FONT0"/>
          </TextLine>
          <TextLine ID="tl_23" BASELINE="2605" HEIGHT="114.96062992125984" WIDTH="111.81102362204724" VPOS="3987.4015748031497" HPOS="1850.3937007874015">
            <String HEIGHT="114.96062992125984" WIDTH="223.6220472440945" VPOS="3987.4015748031497" HPOS="1738.5826771653544" CONTENT="★." ID="tl_23_1" STYLEREFS="FONT0"/>
          </TextLine>
        </TextBlock>
        <GraphicalElement ID="r_8" HEIGHT="18.89763779527559" WIDTH="1688.1889763779527" VPOS="18.89763779527559" HPOS="1003.1496062992126"/>
        <GraphicalElement ID="r_9" HEIGHT="9.448818897637794" WIDTH="365.3543307086614" VPOS="18.89763779527559" HPOS="552.7559055118111"/>
        <GraphicalElement ID="r_10" HEIGHT="4.724409448818897" WIDTH="163.7795275590551" VPOS="20.47244094488189" HPOS="300.78740157480314"/>
        <GraphicalElement ID="r_11" HEIGHT="14.173228346456693" WIDTH="250.39370078740157" VPOS="1377.9527559055118" HPOS="1091.3385826771653"/>
      </PrintSpace>
    </Page>
  </Layout>
</alto>
