2837.7952755905512 4859.842519685039
905.511811023622 475.59055118110234 262.99212598425197 144.88188976377953 2°
993.7007874015748 475.59055118110234 570.0787401574803 144.88188976377953 SUPPLÉMENT.

2033.0708661417323 489.76377952755905 217.3228346456693 124.40944881889764 63

225.1968503937008 639.3700787401575 543.3070866141733 157.48031496062993 GIACOMOTTI
653.5433070866142 639.3700787401575 699.2125984251968 157.48031496062993 (FÉLIX-HENRI),
1236.2204724409448 639.3700787401575 349.6062992125984 157.48031496062993 né
1469.291338582677 639.3700787401575 193.70078740157481 157.48031496062993 à
1546.4566929133857 639.3700787401575 426.7716535433071 157.48031496062993 Quingey
1818.8976377952756 639.3700787401575 426.7716535433071 157.48031496062993 (Doubsi),

311.81102362204723 762.2047244094488 393.7007874015748 97.63779527559055 élève
607.8740157480315 762.2047244094488 196.8503937007874 97.63779527559055 de
705.511811023622 762.2047244094488 196.8503937007874 97.63779527559055 M.
804.7244094488188 762.2047244094488 327.5590551181102 97.63779527559055 Picot,
1034.6456692913387 762.2047244094488 296.06299212598424 97.63779527559055 grand
1231.4960629921259 762.2047244094488 262.99212598425197 97.63779527559055 prix
1395.275590551181 762.2047244094488 196.8503937007874 97.63779527559055 de
1494.4881889763778 762.2047244094488 262.99212598425197 97.63779527559055 Rome
1658.267716535433 762.2047244094488 459.84251968503935 97.63779527559055 (Histoire)
1985.8267716535433 762.2047244094488 262.99212598425197 97.63779527559055 en

259.84251968503935 858.2677165354331 299.21259842519686 124.40944881889764 1854.

218.89763779527559 1012.5984251968504 307.0866141732283 133.85826771653544 287.
411.0236220472441 1012.5984251968504 614.1732283464567 133.85826771653544 L’enlèvement
870.8661417322835 1012.5984251968504 461.4173228346457 133.85826771653544 d’Amymoné.

565.3543307086615 1179.5275590551182 157.48031496062993 83.46456692913385 H.
644.0944881889764 1179.5275590551182 236.2204724409449 83.46456692913385 2,23.
803.1496062992126 1179.5275590551182 132.28346456692913 83.46456692913385 —
855.1181102362204 1179.5275590551182 157.48031496062993 83.46456692913385 L.
933.8582677165355 1179.5275590551182 236.2204724409449 83.46456692913385 1,62.
1092.9133858267717 1179.5275590551182 132.28346456692913 83.46456692913385 —
1144.8818897637796 1179.5275590551182 211.0236220472441 83.46456692913385 Fig.
1277.1653543307086 1179.5275590551182 184.251968503937 83.46456692913385 gr.
1355.9055118110236 1179.5275590551182 157.48031496062993 83.46456692913385 nat.

1738.5826771653544 1240.9448818897638 264.56692913385825 100.78740157480316 (Salon
1924.4094488188975 1240.9448818897638 159.0551181102362 100.78740157480316 de
1976.3779527559054 1240.9448818897638 211.0236220472441 100.78740157480316 1865.)

218.89763779527559 1524.4094488188975 371.65354330708664 163.7795275590551 GIGOUX
480.31496062992125 1524.4094488188975 409.4488188976378 163.7795275590551 (JEAN).
777.9527559055118 1524.4094488188975 335.43307086614175 163.7795275590551 (Voir
1001.5748031496063 1524.4094488188975 297.6377952755906 163.7795275590551 page
1149.6062992125985 1524.4094488188975 223.6220472440945 163.7795275590551 17.)

215.748031496063 1711.8110236220473 292.9133858267717 132.28346456692913 288.
398.4251968503937 1711.8110236220473 218.89763779527559 132.28346456692913 Le
508.66141732283467 1711.8110236220473 256.6929133858268 132.28346456692913 bon
617.3228346456693 1711.8110236220473 475.59055118110234 132.28346456692913 Samaritain.

683.4645669291339 1798.4251968503936 535.4330708661417 155.90551181102362 (Évangile
1138.5826771653544 1798.4251968503936 240.9448818897638 155.90551181102362 selon
1299.2125984251968 1798.4251968503936 240.9448818897638 155.90551181102362 saint
1458.267716535433 1798.4251968503936 214.17322834645668 155.90551181102362 Luc,
1592.1259842519685 1798.4251968503936 240.9448818897638 155.90551181102362 chap.
1752.755905511811 1798.4251968503936 160.62992125984252 155.90551181102362 X,
1833.0708661417323 1798.4251968503936 160.62992125984252 155.90551181102362 v.
1913.3858267716535 1798.4251968503936 160.62992125984252 155.90551181102362 30
1993.7007874015749 1798.4251968503936 133.85826771653544 155.90551181102362 à
2020.4724409448818 1798.4251968503936 160.62992125984252 155.90551181102362 35.)

560.6299212598425 1981.1023622047244 159.0551181102362 138.58267716535434 H.
640.9448818897638 1981.1023622047244 159.0551181102362 138.58267716535434 1,
719.6850393700787 1981.1023622047244 184.251968503937 138.58267716535434 28.
825.1968503937007 1981.1023622047244 132.28346456692913 138.58267716535434 —
878.7401574803149 1981.1023622047244 159.0551181102362 138.58267716535434 L.
957.4803149606299 1981.1023622047244 237.79527559055117 138.58267716535434 1,87.
1116.5354330708662 1981.1023622047244 132.28346456692913 138.58267716535434 —
1168.5039370078741 1981.1023622047244 211.0236220472441 138.58267716535434 Fig.
1300.7874015748032 1981.1023622047244 184.251968503937 138.58267716535434 gr.
1379.5275590551182 1981.1023622047244 159.0551181102362 138.58267716535434 nat.

1743.3070866141732 2048.818897637795 259.84251968503935 132.28346456692913 (Salon
1924.4094488188975 2048.818897637795 155.90551181102362 132.28346456692913 de
1976.3779527559054 2048.818897637795 207.8740157480315 132.28346456692913 1857.)

223.6220472440945 2415.748031496063 472.4409448818898 122.83464566929133 GUILLAUMET
593.7007874015748 2415.748031496063 472.4409448818898 122.83464566929133 (GUSTAVE),
965.3543307086615 2415.748031496063 303.93700787401576 122.83464566929133 né
1166.9291338582677 2415.748031496063 168.50393700787401 122.83464566929133 à
1234.6456692913387 2415.748031496063 337.00787401574803 122.83464566929133 Paris,
1470.8661417322835 2415.748031496063 303.93700787401576 122.83464566929133 élève
1672.4409448818897 2415.748031496063 201.5748031496063 122.83464566929133 de
1773.2283464566929 2415.748031496063 236.2204724409449 122.83464566929133 MM.
1875.5905511811025 2415.748031496063 370.0787401574803 122.83464566929133 Picot

318.1102362204724 2521.259842519685 196.8503937007874 108.66141732283465 et
426.7716535433071 2521.259842519685 305.51181102362204 108.66141732283465 Barrias

218.89763779527559 2670.8661417322833 274.01574803149606 133.85826771653544 289.
390.5511811023622 2670.8661417322833 341.73228346456693 133.85826771653544 Prière
629.9212598425197 2670.8661417322833 204.7244094488189 133.85826771653544 du
732.2834645669292 2670.8661417322833 274.01574803149606 133.85826771653544 soir
903.9370078740158 2670.8661417322833 274.01574803149606 133.85826771653544 dans
1074.015748031496 2670.8661417322833 204.7244094488189 133.85826771653544 le
1143.3070866141732 2670.8661417322833 341.73228346456693 133.85826771653544 Saharah.

559.0551181102362 2796.850393700787 157.48031496062993 162.20472440944883 H.
637.7952755905512 2796.850393700787 237.79527559055117 162.20472440944883 1,33.
796.8503937007874 2796.850393700787 132.28346456692913 162.20472440944883 —
848.8188976377953 2796.850393700787 157.48031496062993 162.20472440944883 L.
929.1338582677165 2796.850393700787 237.79527559055117 162.20472440944883 2,82.
1086.6141732283465 2796.850393700787 132.28346456692913 162.20472440944883 —
1140.1574803149606 2796.850393700787 211.0236220472441 162.20472440944883 Fig.
1270.8661417322835 2796.850393700787 157.48031496062993 162.20472440944883 de
1324.4094488188975 2796.850393700787 184.251968503937 162.20472440944883 0,35.

1729.1338582677165 2869.2913385826773 267.7165354330709 144.88188976377953 (Salon
1916.5354330708662 2869.2913385826773 160.62992125984252 144.88188976377953 de
1970.0787401574803 2869.2913385826773 214.17322834645668 144.88188976377953 1865.)

217.3228346456693 3212.5984251968503 535.4330708661417 113.38582677165354 HILLEMACHER
645.6692913385826 3212.5984251968503 713.3858267716536 113.38582677165354 (EUGÈNE-ERNEST),
1253.5433070866143 3212.5984251968503 321.25984251968504 113.38582677165354 né
1466.1417322834645 3212.5984251968503 177.95275590551182 113.38582677165354 à
1538.5826771653544 3212.5984251968503 357.4803149606299 113.38582677165354 Paris,
1787.4015748031495 3212.5984251968503 321.25984251968504 113.38582677165354 élève
1966.9291338582677 3212.5984251968503 285.03937007874015 113.38582677165354 de

303.93700787401576 3319.685039370079 278.74015748031496 97.63779527559055 M.
477.1653543307087 3319.685039370079 278.74015748031496 97.63779527559055 Léon
651.9685039370079 3319.685039370079 417.3228346456693 97.63779527559055 Cogniet,
965.3543307086615 3319.685039370079 451.9685039370079 97.63779527559055 chevalier
1313.3858267716535 3319.685039370079 209.4488188976378 97.63779527559055 de
1417.3228346456692 3319.685039370079 209.4488188976378 97.63779527559055 la
1488.1889763779527 3319.685039370079 765.3543307086615 97.63779527559055 Légion

314.96062992125985 3404.7244094488187 274.01574803149606 130.70866141732284 en
503.93700787401576 3404.7244094488187 148.03149606299212 130.70866141732284 1865.

222.04724409448818 3568.503937007874 274.01574803149606 105.51181102362204 290.
393.7007874015748 3568.503937007874 206.29921259842519 105.51181102362204 Un
496.06299212598424 3568.503937007874 582.6771653543307 105.51181102362204 confessionnal
976.3779527559055 3568.503937007874 206.29921259842519 105.51181102362204 de
1078.740157480315 3568.503937007874 411.0236220472441 105.51181102362204 l’église
1387.4015748031495 3568.503937007874 206.29921259842519 105.51181102362204 de
1489.763779527559 3568.503937007874 582.6771653543307 105.51181102362204 Saint-Pierre,
1970.0787401574803 3568.503937007874 171.6535433070866 105.51181102362204 à
2004.724409448819 3568.503937007874 239.37007874015748 105.51181102362204 Rome,

478.74015748031496 3651.968503937008 217.3228346456693 137.00787401574803 le
587.4015748031496 3651.968503937008 436.2204724409449 137.00787401574803 dimanche
914.9606299212599 3651.968503937008 217.3228346456693 137.00787401574803 de
987.4015748031496 3651.968503937008 325.98425196850394 137.00787401574803 Pâques.

566.9291338582677 3773.228346456693 162.20472440944883 155.90551181102362 H.
647.2440944881889 3773.228346456693 244.09448818897638 155.90551181102362 0,67.
809.4488188976378 3773.228346456693 135.43307086614172 155.90551181102362 —
864.5669291338583 3773.228346456693 162.20472440944883 155.90551181102362 L.
944.8818897637796 3773.228346456693 244.09448818897638 155.90551181102362 1,05.
1107.0866141732283 3773.228346456693 135.43307086614172 155.90551181102362 —
1162.2047244094488 3773.228346456693 215.748031496063 155.90551181102362 Fig.
1296.0629921259842 3773.228346456693 162.20472440944883 155.90551181102362 de
1351.1811023622047 3773.228346456693 188.9763779527559 155.90551181102362 0,30.

1733.8582677165355 3875.5905511811025 262.99212598425197 100.78740157480316 (Salon
1918.1102362204724 3875.5905511811025 157.48031496062993 100.78740157480316 de
1971.6535433070867 3875.5905511811025 211.0236220472441 100.78740157480316 1848.)
