2744.8818897637793 4933.858267716535
374.8031496062992 524.4094488188977 207.8740157480315 114.96062992125984 66

1125.984251968504 518.1102362204724 264.56692913385825 135.43307086614172 2°
1214.1732283464567 518.1102362204724 573.2283464566929 135.43307086614172 SUPPLÉMENT.

1124.4094488188975 985.8267716535433 595.2755905511812 135.43307086614172 DESSINS.

434.6456692913386 1614.1732283464567 196.8503937007874 144.88188976377953 s.
533.8582677165355 1614.1732283464567 196.8503937007874 144.88188976377953 A.
631.496062992126 1614.1732283464567 196.8503937007874 144.88188976377953 1.
729.1338582677165 1614.1732283464567 229.92125984251967 144.88188976377953 Mme
859.8425196850394 1614.1732283464567 196.8503937007874 144.88188976377953 LA
959.0551181102362 1614.1732283464567 425.1968503937008 144.88188976377953 PRINCESSE
1286.6141732283465 1614.1732283464567 425.1968503937008 144.88188976377953 MATHILDE,
1614.1732283464567 1614.1732283464567 392.12598425196853 144.88188976377953 élève
1908.6614173228347 1614.1732283464567 196.8503937007874 144.88188976377953 de
2006.2992125984251 1614.1732283464567 196.8503937007874 144.88188976377953 M.
2072.4409448818897 1614.1732283464567 392.12598425196853 144.88188976377953 Eugène

511.81102362204723 1729.1338582677165 338.5826771653543 97.63779527559055 Giraud

429.9212598425197 1875.5905511811025 267.7165354330709 144.88188976377953 300.
596.8503937007874 1875.5905511811025 267.7165354330709 144.88188976377953 Tête
765.3543307086615 1875.5905511811025 201.5748031496063 144.88188976377953 de
866.1417322834645 1875.5905511811025 302.3622047244094 144.88188976377953 jeune
1067.716535433071 1875.5905511811025 335.43307086614175 144.88188976377953 fille;
1267.716535433071 1875.5905511811025 403.1496062992126 144.88188976377953 aquareile.

1960.6299212598426 2001.5748031496064 258.26771653543307 143.30708661417322 (Salon
2141.732283464567 2001.5748031496064 155.90551181102362 143.30708661417322 de
2193.700787401575 2001.5748031496064 207.8740157480315 143.30708661417322 1865.)

418.8976377952756 2269.2913385826773 455.11811023622045 143.30708661417322 FLANDRIN
759.0551181102362 2269.2913385826773 606.2992125984252 143.30708661417322 (HIPPOLYTE).
1251.9685039370079 2269.2913385826773 340.15748031496065 143.30708661417322 (Voir
1478.740157480315 2269.2913385826773 340.15748031496065 143.30708661417322 pages
1707.0866141732283 2269.2913385826773 226.77165354330708 143.30708661417322 16
1820.4724409448818 2269.2913385826773 226.77165354330708 143.30708661417322 et
1896.0629921259842 2269.2913385826773 226.77165354330708 143.30708661417322 55.)

418.8976377952756 2423.6220472440946 275.59055118110234 140.15748031496062 301.
592.1259842519685 2423.6220472440946 275.59055118110234 140.15748031496062 Cinq
763.7795275590552 2423.6220472440946 379.5275590551181 140.15748031496062 études,
1040.9448818897638 2423.6220472440946 275.59055118110234 140.15748031496062 pour
1212.5984251968505 2423.6220472440946 240.9448818897638 140.15748031496062 les
1351.1811023622047 2423.6220472440946 448.81889763779526 140.15748031496062 peintures
1696.0629921259842 2423.6220472440946 206.29921259842519 140.15748031496062 de
1765.3543307086613 2423.6220472440946 689.7637795275591 140.15748031496062 Saint-

685.0393700787401 2541.732283464567 330.70866141732284 81.88976377952756 Prés,
903.9370078740158 2541.732283464567 220.4724409448819 81.88976377952756 et
1014.1732283464567 2541.732283464567 403.1496062992126 81.88976377952756 réunies
1307.0866141732283 2541.732283464567 292.9133858267717 81.88976377952756 dans
1491.3385826771653 2541.732283464567 220.4724409448819 81.88976377952756 un
1601.5748031496064 2541.732283464567 292.9133858267717 81.88976377952756 même
1748.0314960629921 2541.732283464567 292.9133858267717 81.88976377952756 cadre:

623.6220472440945 2681.8897637795276 174.8031496062992 121.25984251968504 1°
710.2362204724409 2681.8897637795276 174.8031496062992 121.25984251968504 Le
796.8503937007874 2681.8897637795276 291.33858267716533 121.25984251968504 Christ
1001.5748031496063 2681.8897637795276 203.1496062992126 121.25984251968504 sur
1116.5354330708662 2681.8897637795276 174.8031496062992 121.25984251968504 la
1204.724409448819 2681.8897637795276 291.33858267716533 121.25984251968504 croix,
1407.8740157480315 2681.8897637795276 261.4173228346457 121.25984251968504 étude
1582.6771653543308 2681.8897637795276 233.0708661417323 121.25984251968504 pour
1727.5590551181103 2681.8897637795276 174.8031496062992 121.25984251968504 le
1815.748031496063 2681.8897637795276 377.9527559055118 121.25984251968504 Calvaire;
2105.511811023622 2681.8897637795276 144.88188976377953 121.25984251968504 à
2163.779527559055 2681.8897637795276 174.8031496062992 121.25984251968504 la
2222.047244094488 2681.8897637795276 233.0708661417323 121.25984251968504 pierre

655.1181102362204 2770.0787401574803 264.56692913385825 85.03937007874016 noire.

762.2047244094488 2814.1732283464567 152.75590551181102 157.48031496062993 H.
837.7952755905512 2814.1732283464567 152.75590551181102 157.48031496062993 0,
914.9606299212599 2814.1732283464567 177.95275590551182 157.48031496062993 29.
1017.3228346456693 2814.1732283464567 127.55905511811024 157.48031496062993 —
1067.716535433071 2814.1732283464567 152.75590551181102 157.48031496062993 L,
1119.6850393700788 2814.1732283464567 177.95275590551182 157.48031496062993 0,23.

614.1732283464567 3000.0 188.9763779527559 114.96062992125984 2°
708.6614173228346 3000.0 188.9763779527559 114.96062992125984 La
803.1496062992126 3000.0 316.53543307086613 114.96062992125984 Vierge
1025.1968503937007 3000.0 348.0314960629921 114.96062992125984 debout,
1277.1653543307086 3000.0 220.4724409448819 114.96062992125984 les
1404.724409448819 3000.0 285.03937007874015 114.96062992125984 mains
1593.7007874015749 3000.0 379.5275590551181 114.96062992125984 jointes,
1878.740157480315 3000.0 253.54330708661416 114.96062992125984 pour
2036.2204724409448 3000.0 188.9763779527559 114.96062992125984 la
2130.7086614173227 3000.0 253.54330708661416 114.96062992125984 même
2258.267716535433 3000.0 188.9763779527559 114.96062992125984 com-

681.8897637795276 3091.3385826771655 355.90551181102364 91.33858267716535 position
949.6062992125984 3091.3385826771655 177.95275590551182 91.33858267716535 du
1037.7952755905512 3091.3385826771655 385.8267716535433 91.33858267716535 Calvaire;
1333.8582677165355 3091.3385826771655 148.03149606299212 91.33858267716535 à
1393.7007874015749 3091.3385826771655 177.95275590551182 91.33858267716535 la
1481.8897637795276 3091.3385826771655 296.06299212598424 91.33858267716535 pierre
1659.8425196850394 3091.3385826771655 237.79527559055117 91.33858267716535 noire.

763.7795275590552 3159.0551181102364 146.45669291338584 129.13385826771653 H.
836.2204724409448 3159.0551181102364 146.45669291338584 129.13385826771653 0,
908.6614173228346 3159.0551181102364 170.07874015748033 129.13385826771653 29.
1006.2992125984252 3159.0551181102364 121.25984251968504 129.13385826771653 —
1055.1181102362204 3159.0551181102364 146.45669291338584 129.13385826771653 L.
1129.1338582677165 3159.0551181102364 146.45669291338584 129.13385826771653 0,
1177.9527559055118 3159.0551181102364 121.25984251968504 129.13385826771653 21.

611.0236220472441 3289.763779527559 185.82677165354332 107.08661417322834 3°
703.9370078740158 3289.763779527559 310.23622047244095 107.08661417322834 Judas,
922.8346456692914 3289.763779527559 310.23622047244095 107.08661417322834 figure
1140.1574803149606 3289.763779527559 310.23622047244095 107.08661417322834 drapée
1357.4803149606298 3289.763779527559 434.6456692913386 107.08661417322834 s’avançant
1699.2125984251968 3289.763779527559 248.8188976377953 107.08661417322834 vers
1853.5433070866143 3289.763779527559 185.82677165354332 107.08661417322834 la
1946.4566929133857 3289.763779527559 341.73228346456693 107.08661417322834 gauche,
2195.2755905511813 3289.763779527559 248.8188976377953 107.08661417322834 pour
2319.685039370079 3289.763779527559 124.40944881889764 107.08661417322834 la

674.0157480314961 3400.0 483.46456692913387 108.66141732283465 composition
1059.8425196850394 3400.0 193.70078740157481 108.66141732283465 du
1155.9055118110236 3400.0 289.76377952755905 108.66141732283465 Judas
1349.6062992125985 3400.0 450.3937007874016 108.66141732283465 embrassant
1703.9370078740158 3400.0 193.70078740157481 108.66141732283465 le
1801.5748031496064 3400.0 354.3307086614173 108.66141732283465 Christ;
2058.267716535433 3400.0 160.62992125984252 108.66141732283465 à
2122.834645669291 3400.0 193.70078740157481 108.66141732283465 la
2187.4015748031497 3400.0 258.26771653543307 108.66141732283465 pierre

645.6692913385826 3461.417322834646 262.99212598425197 81.88976377952756 noire.

759.0551181102362 3508.6614173228345 154.33070866141733 174.8031496062992 II
836.2204724409448 3508.6614173228345 154.33070866141733 174.8031496062992 0,
913.3858267716536 3508.6614173228345 179.5275590551181 174.8031496062992 29.
1015.7480314960629 3508.6614173228345 129.13385826771653 174.8031496062992 —
1066.1417322834645 3508.6614173228345 154.33070866141733 174.8031496062992 L.
1118.1102362204724 3508.6614173228345 179.5275590551181 174.8031496062992 0,21.

611.0236220472441 3639.3700787401576 206.29921259842519 135.43307086614172 4°
714.9606299212599 3639.3700787401576 310.23622047244095 135.43307086614172 Homme
921.2598425196851 3639.3700787401576 310.23622047244095 135.43307086614172 drapé
1129.1338582677165 3639.3700787401576 379.5275590551181 135.43307086614172 debout,
1404.724409448819 3639.3700787401576 206.29921259842519 135.43307086614172 un
1508.6614173228347 3639.3700787401576 310.23622047244095 135.43307086614172 bâton
1714.9606299212599 3639.3700787401576 275.59055118110234 135.43307086614172 dans
1888.1889763779527 3639.3700787401576 206.29921259842519 135.43307086614172 la
1990.5511811023623 3639.3700787401576 275.59055118110234 135.43307086614172 main
2129.1338582677167 3639.3700787401576 310.23622047244095 135.43307086614172 gauche,

678.7401574803149 3770.0787401574803 188.9763779527559 96.06299212598425 le
773.2283464566929 3770.0787401574803 251.96850393700788 96.06299212598425 bras
930.7086614173228 3770.0787401574803 283.46456692913387 96.06299212598425 droit
1118.1102362204724 3770.0787401574803 283.46456692913387 96.06299212598425 levé,
1307.0866141732283 3770.0787401574803 251.96850393700788 96.06299212598425 pour
1464.5669291338584 3770.0787401574803 188.9763779527559 96.06299212598425 la
1559.0551181102362 3770.0787401574803 313.38582677165357 96.06299212598425 figure
1777.9527559055118 3770.0787401574803 188.9763779527559 96.06299212598425 de
1872.4409448818897 3770.0787401574803 344.88188976377955 96.06299212598425 Balaam;
2124.4094488188975 3770.0787401574803 157.48031496062993 96.06299212598425 à
2185.8267716535433 3770.0787401574803 188.9763779527559 96.06299212598425 la
2248.818897637795 3770.0787401574803 188.9763779527559 96.06299212598425 mine

678.7401574803149 3836.220472440945 218.89763779527559 85.03937007874016 de
751.1811023622047 3836.220472440945 292.9133858267717 85.03937007874016 plomb.

757.4803149606299 3925.984251968504 155.90551181102362 103.93700787401575 H.
834.6456692913385 3925.984251968504 234.64566929133858 103.93700787401575 0,31.
990.5511811023622 3925.984251968504 130.70866141732284 103.93700787401575 —
1042.5196850393702 3925.984251968504 155.90551181102362 103.93700787401575 L.
1121.259842519685 3925.984251968504 155.90551181102362 103.93700787401575 0,
1173.2283464566929 3925.984251968504 130.70866141732284 103.93700787401575 15.
