1743 3133
238 333 132 73 66

715 329 168 86 2°
771 329 364 86 SUPPLÉMENT.

714 626 378 86 DESSINS.

276 1025 125 92 s.
339 1025 125 92 A.
401 1025 125 92 1.
463 1025 146 92 Mme
546 1025 125 92 LA
609 1025 270 92 PRINCESSE
817 1025 270 92 MATHILDE,
1025 1025 249 92 <i>élève
1212 1025 125 92 de
1274 1025 125 92 M.
1316 1025 249 92 Eugène</i>

325 1098 215 62 <i>Giraud</i>.

273 1191 170 92 300.
379 1191 170 92 Tête
486 1191 128 92 de
550 1191 192 92 jeune
678 1191 213 92 fille;
805 1191 256 92 aquareile.

1245 1271 164 91 (Salon
1360 1271 99 91 de
1393 1271 132 91 1865.)

266 1441 289 91 FLANDRIN
482 1441 385 91 (HIPPOLYTE).
795 1441 216 91 (Voir
939 1441 216 91 pages
1084 1441 144 91 16
1156 1441 144 91 et
1204 1441 144 91 55.)

266 1539 175 89 301.
376 1539 175 89 Cinq
485 1539 241 89 études,
661 1539 175 89 pour
770 1539 153 89 les
858 1539 285 89 peintures
1077 1539 131 89 de
1121 1539 438 89 Saint-

435 1614 210 52 Prés,
574 1614 140 52 et
644 1614 256 52 réunies
830 1614 186 52 dans
947 1614 140 52 un
1017 1614 186 52 même
1110 1614 186 52 cadre:

396 1703 111 77 1°
451 1703 111 77 Le
506 1703 185 77 Christ
636 1703 129 77 sur
709 1703 111 77 la
765 1703 185 77 croix,
894 1703 166 77 étude
1005 1703 148 77 pour
1097 1703 111 77 le
1153 1703 240 77 Calvaire;
1337 1703 92 77 à
1374 1703 111 77 la
1411 1703 148 77 pierre

416 1759 168 54 noire.

484 1787 97 100 H.
532 1787 97 100 0,
581 1787 113 100 29.
646 1787 81 100 —
678 1787 97 100 L,
711 1787 113 100 0,23.

390 1905 120 73 2°
450 1905 120 73 La
510 1905 201 73 Vierge
651 1905 221 73 debout,
811 1905 140 73 les
892 1905 181 73 mains
1012 1905 241 73 jointes,
1193 1905 161 73 pour
1293 1905 120 73 la
1353 1905 161 73 même
1434 1905 120 73 com-

433 1963 226 58 position
603 1963 113 58 du
659 1963 245 58 Calvaire;
847 1963 94 58 à
885 1963 113 58 la
941 1963 188 58 pierre
1054 1963 151 58 noire.

485 2006 93 82 H.
531 2006 93 82 0,
577 2006 108 82 29.
639 2006 77 82 —
670 2006 93 82 L.
717 2006 93 82 0,
748 2006 77 82 21.

388 2089 118 68 3°
447 2089 197 68 Judas,
586 2089 197 68 figure
724 2089 197 68 drapée
862 2089 276 68 s’avançant
1079 2089 158 68 vers
1177 2089 118 68 la
1236 2089 217 68 gauche,
1394 2089 158 68 pour
1473 2089 79 68 la

428 2159 307 69 composition
673 2159 123 69 du
734 2159 184 69 Judas
857 2159 286 69 embrassant
1082 2159 123 69 le
1144 2159 225 69 Christ;
1307 2159 102 69 à
1348 2159 123 69 la
1389 2159 164 69 pierre

410 2198 167 52 noire.

482 2228 98 111 II
531 2228 98 111 0,
580 2228 114 111 29.
645 2228 82 111 —
677 2228 98 111 L.
710 2228 114 111 0,21.

388 2311 131 86 4°
454 2311 197 86 Homme
585 2311 197 86 drapé
717 2311 241 86 debout,
892 2311 131 86 un
958 2311 197 86 bâton
1089 2311 175 86 dans
1199 2311 131 86 la
1264 2311 175 86 main
1352 2311 197 86 gauche,

431 2394 120 61 le
491 2394 160 61 bras
591 2394 180 61 droit
710 2394 180 61 levé,
830 2394 160 61 pour
930 2394 120 61 la
990 2394 199 61 figure
1129 2394 120 61 de
1189 2394 219 61 Balaam;
1349 2394 100 61 à
1388 2394 120 61 la
1428 2394 120 61 mine

431 2436 139 54 de
477 2436 186 54 plomb.

481 2493 99 66 H.
530 2493 149 66 0,31.
629 2493 83 66 —
662 2493 99 66 L.
712 2493 99 66 0,
745 2493 83 66 15.
