2851.968503937008 4911.811023622047
957.4803149606299 521.2598425196851 261.4173228346457 132.28346456692913 2°
1045.6692913385828 521.2598425196851 566.9291338582677 132.28346456692913 SUPPLÉMENT.

2088.1889763779527 529.1338582677165 211.0236220472441 89.76377952755905 67

470.86614173228344 700.7874015748032 207.8740157480315 94.48818897637796 5°
574.8031496062993 700.7874015748032 311.81102362204723 94.48818897637796 Homme
782.6771653543307 700.7874015748032 207.8740157480315 94.48818897637796 nu
886.6141732283464 700.7874015748032 381.1023622047244 94.48818897637796 debout,
1162.2047244094488 700.7874015748032 415.748031496063 94.48818897637796 retenant
1474.015748031496 700.7874015748032 242.51968503937007 94.48818897637796 une
1612.5984251968505 700.7874015748032 415.748031496063 94.48818897637796 draperie
1922.8346456692914 700.7874015748032 207.8740157480315 94.48818897637796 de
2026.7716535433071 700.7874015748032 207.8740157480315 94.48818897637796 la
2096.0629921259842 700.7874015748032 207.8740157480315 94.48818897637796 main

543.3070866141733 785.8267716535433 327.5590551181102 85.03937007874016 gauche,
782.6771653543307 785.8267716535433 179.5275590551181 85.03937007874016 et
870.8661417322835 785.8267716535433 179.5275590551181 85.03937007874016 le
960.6299212598425 785.8267716535433 239.37007874015748 85.03937007874016 bras
1110.236220472441 785.8267716535433 269.29133858267716 85.03937007874016 droit
1289.763779527559 785.8267716535433 239.37007874015748 85.03937007874016 levé
1439.3700787401574 785.8267716535433 149.60629921259843 85.03937007874016 à
1497.6377952755906 785.8267716535433 179.5275590551181 85.03937007874016 la
1587.4015748031495 785.8267716535433 327.5590551181102 85.03937007874016 hauteur
1826.7716535433071 785.8267716535433 179.5275590551181 85.03937007874016 du
1916.5354330708662 785.8267716535433 297.6377952755906 85.03937007874016 front,
2094.488188976378 785.8267716535433 209.4488188976378 85.03937007874016 étude

540.1574803149606 845.6692913385826 242.51968503937007 110.23622047244095 pour
691.3385826771654 845.6692913385826 182.6771653543307 110.23622047244095 la
782.6771653543307 845.6692913385826 425.1968503937008 110.23622047244095 dispersion
1116.5354330708662 845.6692913385826 182.6771653543307 110.23622047244095 de
1207.8740157480315 845.6692913385826 303.93700787401576 110.23622047244095 Babel;
1420.4724409448818 845.6692913385826 151.1811023622047 110.23622047244095 à
1481.8897637795276 845.6692913385826 182.6771653543307 110.23622047244095 la
1573.2283464566929 845.6692913385826 303.93700787401576 110.23622047244095 pierre
1755.9055118110236 845.6692913385826 242.51968503937007 110.23622047244095 noire.

615.7480314960629 940.1574803149606 149.60629921259843 111.81102362204724 H.
691.3385826771654 940.1574803149606 149.60629921259843 111.81102362204724 0,
765.3543307086615 940.1574803149606 174.8031496062992 111.81102362204724 51.
864.5669291338583 940.1574803149606 124.40944881889764 111.81102362204724 —
914.9606299212599 940.1574803149606 149.60629921259843 111.81102362204724 L.
988.9763779527559 940.1574803149606 149.60629921259843 111.81102362204724 0,
1039.3700787401574 940.1574803149606 124.40944881889764 111.81102362204724 15.

897.6377952755905 1042.5196850393702 327.5590551181102 92.91338582677166 (Donné
1127.5590551181103 1042.5196850393702 196.8503937007874 92.91338582677166 es
1225.1968503937007 1042.5196850393702 228.3464566929134 92.91338582677166 par
1355.9055118110236 1042.5196850393702 228.3464566929134 92.91338582677166 Mme
1486.6141732283465 1042.5196850393702 294.48818897637796 92.91338582677166 veuve
1681.8897637795276 1042.5196850393702 294.48818897637796 92.91338582677166 Hipp.
1845.6692913385828 1042.5196850393702 392.12598425196853 92.91338582677166 Flandrin.)

272.4409448818898 1307.0866141732283 373.2283464566929 143.30708661417322 ISABEY
533.8582677165355 1307.0866141732283 485.03937007874015 143.30708661417322 (EUGÈNE).
907.0866141732283 1307.0866141732283 335.43307086614175 143.30708661417322 (Voir
1130.708661417323 1307.0866141732283 299.21259842519686 143.30708661417322 page
1280.3149606299212 1307.0866141732283 223.6220472440945 143.30708661417322 24.)

272.4409448818898 1469.291338582677 275.59055118110234 107.08661417322834 302.
445.6692913385827 1469.291338582677 275.59055118110234 107.08661417322834 Bois
617.3228346456693 1469.291338582677 206.29921259842519 107.08661417322834 de
721.2598425196851 1469.291338582677 585.8267716535433 107.08661417322834 Varangeville;
1203.1496062992126 1469.291338582677 379.5275590551181 107.08661417322834 prairie
1478.740157480315 1469.291338582677 344.88188976377955 107.08661417322834 bordée
1721.259842519685 1469.291338582677 171.6535433070866 107.08661417322834 à
1790.5511811023623 1469.291338582677 344.88188976377955 107.08661417322834 droite
2031.4960629921259 1469.291338582677 240.9448818897638 107.08661417322834 par
2135.433070866142 1469.291338582677 171.6535433070866 107.08661417322834 une

538.5826771653543 1549.6062992125985 351.18110236220474 116.53543307086615 lisière
793.7007874015748 1549.6062992125985 192.1259842519685 116.53543307086615 de
889.7637795275591 1549.6062992125985 288.18897637795277 116.53543307086615 pins;
1048.8188976377953 1549.6062992125985 384.251968503937 116.53543307086615 aquarelle.

617.3228346456693 1664.5669291338584 162.20472440944883 89.76377952755905 H.
697.6377952755905 1664.5669291338584 242.51968503937007 89.76377952755905 0,25.
859.8425196850394 1664.5669291338584 135.43307086614172 89.76377952755905 —
913.3858267716536 1664.5669291338584 162.20472440944883 89.76377952755905 L.
966.9291338582677 1664.5669291338584 188.9763779527559 89.76377952755905 0,33.

275.59055118110234 1762.2047244094488 289.76377952755905 116.53543307086615 303.
456.6929133858268 1762.2047244094488 217.3228346456693 116.53543307086615 Le
565.3543307086615 1762.2047244094488 360.62992125984255 116.53543307086615 manoir
817.3228346456693 1762.2047244094488 325.98425196850394 116.53543307086615 Ango,
1034.6456692913387 1762.2047244094488 181.10236220472441 116.53543307086615 à
1107.0866141732283 1762.2047244094488 614.1732283464567 116.53543307086615 Varangeville,
1612.5984251968505 1762.2047244094488 360.62992125984255 116.53543307086615 façade
1829.9212598425197 1762.2047244094488 469.29133858267716 116.53543307086615 extérieure;

494.48818897637796 1867.716535433071 418.8976377952756 102.36220472440945 aquarelle.

625.1968503937007 1976.3779527559054 154.33070866141733 89.76377952755905 H.
702.3622047244095 1976.3779527559054 154.33070866141733 89.76377952755905 0,
779.5275590551181 1976.3779527559054 181.10236220472441 89.76377952755905 24.
883.4645669291339 1976.3779527559054 129.13385826771653 89.76377952755905 —
933.8582677165355 1976.3779527559054 154.33070866141733 89.76377952755905 L.
985.8267716535433 1976.3779527559054 181.10236220472441 89.76377952755905 0,53.

275.59055118110234 2091.3385826771655 296.06299212598424 88.18897637795276 304.
459.84251968503935 2091.3385826771655 296.06299212598424 88.18897637795276 Rade
644.0944881889764 2091.3385826771655 222.04724409448818 88.18897637795276 de
755.9055118110236 2091.3385826771655 554.3307086614174 88.18897637795276 Saint-Malo,
1200.0 2091.3385826771655 258.26771653543307 88.18897637795276 mer
1346.4566929133857 2091.3385826771655 444.09448818897636 88.18897637795276 écumante
1680.3149606299212 2091.3385826771655 370.0787401574803 88.18897637795276 venant
1938.5826771653544 2091.3385826771655 222.04724409448818 88.18897637795276 se
2012.5984251968505 2091.3385826771655 296.06299212598424 88.18897637795276 briser

535.4330708661417 2174.803149606299 240.9448818897638 121.25984251968504 sur
674.0157480314961 2174.803149606299 240.9448818897638 121.25984251968504 des
811.0236220472441 2174.803149606299 414.1732283464567 121.25984251968504 rochers;
1086.6141732283465 2174.803149606299 414.1732283464567 121.25984251968504 aquarelle.

623.6220472440945 2259.8425196850394 155.90551181102362 122.83464566929133 H.
700.7874015748032 2259.8425196850394 155.90551181102362 122.83464566929133 0,
777.9527559055118 2259.8425196850394 181.10236220472441 122.83464566929133 19.
881.8897637795276 2259.8425196850394 129.13385826771653 122.83464566929133 —
933.8582677165355 2259.8425196850394 155.90551181102362 122.83464566929133 L.
985.8267716535433 2259.8425196850394 181.10236220472441 122.83464566929133 0,31.

278.74015748031496 2387.4015748031497 289.76377952755905 114.96062992125984 305.
459.84251968503935 2387.4015748031497 434.6456692913386 114.96062992125984 Environs
785.8267716535433 2387.4015748031497 217.3228346456693 114.96062992125984 de
894.488188976378 2387.4015748031497 543.3070866141733 114.96062992125984 Saint-Malo,
1329.1338582677165 2387.4015748031497 289.76377952755905 114.96062992125984 anse
1510.236220472441 2387.4015748031497 362.20472440944883 114.96062992125984 bordée
1763.7795275590552 2387.4015748031497 253.54330708661416 114.96062992125984 par
1908.6614173228347 2387.4015748031497 253.54330708661416 114.96062992125984 une
2017.3228346456692 2387.4015748031497 289.76377952755905 114.96062992125984 plage;

508.66141732283467 2483.464566929134 396.8503937007874 97.63779527559055 aquarelle.

623.6220472440945 2590.551181102362 152.75590551181102 116.53543307086615 H.
699.2125984251968 2590.551181102362 152.75590551181102 116.53543307086615 0,
776.3779527559055 2590.551181102362 177.95275590551182 116.53543307086615 20.
877.1653543307086 2590.551181102362 127.55905511811024 116.53543307086615 —
929.1338582677165 2590.551181102362 152.75590551181102 116.53543307086615 L.
979.5275590551181 2590.551181102362 177.95275590551182 116.53543307086615 0,34.

281.8897637795276 2839.3700787401576 341.73228346456693 132.28346456692913 LAFON
510.23622047244095 2839.3700787401576 760.6299212598425 132.28346456692913 (JACQUES-ÉMILE).
1155.9055118110236 2839.3700787401576 341.73228346456693 132.28346456692913 (Voir
1384.251968503937 2839.3700787401576 303.93700787401576 132.28346456692913 page
1535.4330708661416 2839.3700787401576 228.3464566929134 132.28346456692913 64.)

285.03937007874015 2968.503937007874 261.4173228346457 99.21259842519684 306.
448.81889763779526 2968.503937007874 228.3464566929134 99.21259842519684 Les
579.5275590551181 2968.503937007874 261.4173228346457 99.21259842519684 cinq
743.3070866141733 2968.503937007874 294.48818897637796 99.21259842519684 sens.
940.1574803149606 2968.503937007874 163.7795275590551 99.21259842519684 —
1004.7244094488188 2968.503937007874 261.4173228346457 99.21259842519684 Cinq
1168.5039370078741 2968.503937007874 392.12598425196853 99.21259842519684 dessins,
1462.992125984252 2968.503937007874 163.7795275590551 99.21259842519684 à
1529.1338582677165 2968.503937007874 196.8503937007874 99.21259842519684 la
1626.7716535433071 2968.503937007874 425.1968503937008 99.21259842519684 sanguine,
1954.3307086614172 2968.503937007874 196.8503937007874 99.21259842519684 de
2018.8976377952756 2968.503937007874 294.48818897637796 99.21259842519684 figures

541.7322834645669 3064.566929133858 590.5511811023622 92.91338582677166 allégoriques,
1028.3464566929133 3064.566929133858 277.1653543307087 92.91338582677166 pour
1201.5748031496064 3064.566929133858 242.51968503937007 92.91338582677166 les
1340.1574803149606 3064.566929133858 451.9685039370079 92.91338582677166 peintures
1686.6141732283465 3064.566929133858 451.9685039370079 92.91338582677166 exécutées
2034.6456692913387 3064.566929133858 207.8740157480315 92.91338582677166 en
2103.9370078740158 3064.566929133858 207.8740157480315 92.91338582677166 1856

546.4566929133858 3152.755905511811 209.4488188976378 105.51181102362204 au
650.3937007874016 3152.755905511811 384.251968503937 105.51181102362204 château
930.7086614173228 3152.755905511811 418.8976377952756 105.51181102362204 d’Haroue
1211.023622047244 3152.755905511811 418.8976377952756 105.51181102362204 (Meurthe).

628.3464566929134 3234.6456692913384 162.20472440944883 133.85826771653544 H.
708.6614173228346 3234.6456692913384 242.51968503937007 133.85826771653544 0,50.
870.8661417322835 3234.6456692913384 135.43307086614172 133.85826771653544 —
924.4094488188977 3234.6456692913384 162.20472440944883 133.85826771653544 L.
1006.2992125984252 3234.6456692913384 162.20472440944883 133.85826771653544 0,
1086.6141732283465 3234.6456692913384 188.9763779527559 133.85826771653544 25.
1195.275590551181 3234.6456692913384 135.43307086614172 133.85826771653544 —
1248.8188976377953 3234.6456692913384 215.748031496063 133.85826771653544 Fig.
1384.251968503937 3234.6456692913384 162.20472440944883 133.85826771653544 de
1437.7952755905512 3234.6456692913384 188.9763779527559 133.85826771653544 0,30.

702.3622047244095 3899.212598425197 234.64566929133858 119.68503937007874 Typ.
848.8188976377953 3899.212598425197 321.25984251968504 119.68503937007874 Charles
1083.4645669291338 3899.212598425197 174.8031496062992 119.68503937007874 de
1171.6535433070867 3899.212598425197 351.18110236220474 119.68503937007874 Mourgues
1434.6456692913387 3899.212598425197 321.25984251968504 119.68503937007874 frères.
1667.716535433071 3899.212598425197 146.45669291338584 119.68503937007874 —
1697.6377952755906 3899.212598425197 204.7244094488189 119.68503937007874 6993.
