1811 3119
608 331 166 84 2°
664 331 360 84 SUPPLÉMENT.

1326 336 134 57 67

299 445 132 60 5°
365 445 198 60 Homme
497 445 132 60 nu
563 445 242 60 debout,
738 445 264 60 retenant
936 445 154 60 une
1024 445 264 60 draperie
1221 445 132 60 de
1287 445 132 60 la
1331 445 132 60 main

345 499 208 54 gauche,
497 499 114 54 et
553 499 114 54 le
610 499 152 54 bras
705 499 171 54 droit
819 499 152 54 levé
914 499 95 54 à
951 499 114 54 la
1008 499 208 54 hauteur
1160 499 114 54 du
1217 499 189 54 front,
1330 499 133 54 étude

343 537 154 70 pour
439 537 116 70 la
497 537 270 70 dispersion
709 537 116 70 de
767 537 193 70 Babel;
902 537 96 70 à
941 537 116 70 la
999 537 193 70 pierre
1115 537 154 70 noire.

391 597 95 71 H.
439 597 95 71 0,
486 597 111 71 51.
549 597 79 71 —
581 597 95 71 L.
628 597 95 71 0,
660 597 79 71 15.

570 662 208 59 (Donné
716 662 125 59 es
778 662 145 59 par
861 662 145 59 Mme
944 662 187 59 veuve
1068 662 187 59 Hipp.
1172 662 249 59 Flandrin.)

173 830 237 91 ISABEY
339 830 308 91 (EUGÈNE).
576 830 213 91 (Voir
718 830 190 91 page
813 830 142 91 24.)

173 933 175 68 302.
283 933 175 68 Bois
392 933 131 68 de
458 933 372 68 Varangeville;
764 933 241 68 prairie
939 933 219 68 bordée
1093 933 109 68 à
1137 933 219 68 droite
1290 933 153 68 par
1356 933 109 68 une

342 984 223 74 lisière
504 984 122 74 de
565 984 183 74 pins;
666 984 244 74 aquarelle.

392 1057 103 57 H.
443 1057 154 57 0,25.
546 1057 86 57 —
580 1057 103 57 L.
614 1057 120 57 0,33.

175 1119 184 74 303.
290 1119 138 74 Le
359 1119 229 74 manoir
519 1119 207 74 Ango,
657 1119 115 74 à
703 1119 390 74 Varangeville,
1024 1119 229 74 façade
1162 1119 298 74 extérieure;

314 1186 266 65 aquarelle.

397 1255 98 57 H.
446 1255 98 57 0,
495 1255 115 57 24.
561 1255 82 57 —
593 1255 98 57 L.
626 1255 115 57 0,53.

175 1328 188 56 304.
292 1328 188 56 Rade
409 1328 141 56 de
480 1328 352 56 Saint-Malo,
762 1328 164 56 mer
855 1328 282 56 écumante
1067 1328 235 56 venant
1231 1328 141 56 se
1278 1328 188 56 briser

340 1381 153 77 sur
428 1381 153 77 des
515 1381 263 77 rochers;
690 1381 263 77 aquarelle.

396 1435 99 78 H.
445 1435 99 78 0,
494 1435 115 78 19.
560 1435 82 78 —
593 1435 99 78 L.
626 1435 115 78 0,31.

177 1516 184 73 305.
292 1516 276 73 Environs
499 1516 138 73 de
568 1516 345 73 Saint-Malo,
844 1516 184 73 anse
959 1516 230 73 bordée
1120 1516 161 73 par
1212 1516 161 73 une
1281 1516 184 73 plage;

323 1577 252 62 aquarelle.

396 1645 97 74 H.
444 1645 97 74 0,
493 1645 113 74 20.
557 1645 81 74 —
590 1645 97 74 L.
622 1645 113 74 0,34.

179 1803 217 84 LAFON
324 1803 483 84 (JACQUES-ÉMILE).
734 1803 217 84 (Voir
879 1803 193 84 page
975 1803 145 84 64.)

181 1885 166 63 306.
285 1885 145 63 Les
368 1885 166 63 cinq
472 1885 187 63 sens.
597 1885 104 63 —
638 1885 166 63 Cinq
742 1885 249 63 dessins,
929 1885 104 63 à
971 1885 125 63 la
1033 1885 270 63 sanguine,
1241 1885 125 63 de
1282 1885 187 63 figures

344 1946 375 59 allégoriques,
653 1946 176 59 pour
763 1946 154 59 les
851 1946 287 59 peintures
1071 1946 287 59 exécutées
1292 1946 132 59 en
1336 1946 132 59 1856

347 2002 133 67 au
413 2002 244 67 château
591 2002 266 67 d’Haroue
769 2002 266 67 (Meurthe).

399 2054 103 85 H.
450 2054 154 85 0,50.
553 2054 86 85 —
587 2054 103 85 L.
639 2054 103 85 0,
690 2054 120 85 25.
759 2054 86 85 —
793 2054 137 85 Fig.
879 2054 103 85 de
913 2054 120 85 0,30.

446 2476 149 76 Typ.
539 2476 204 76 Charles
688 2476 111 76 de
744 2476 223 76 Mourgues
911 2476 204 76 frères.
1059 2476 93 76 —
1078 2476 130 76 6993.
